"Source";"ProductNumber";"Name";"NameWithoutYear";"Year";"Price";"Volume";"PricePerLiter";"Category";"Container";"AlcoholPercentage";"PricePerAlcohol"
"Vinmonopolet";"1101";"LÃ¸iten Linie";"LÃ¸iten Linie";"0";"419.9";"0.7";"599.86";"Aquavit";"Glass";"41.5";"1.4454389"
"Vinmonopolet";"1201";"Gilde Non Plus Ultra";"Gilde Non Plus Ultra";"0";"599.9";"0.7";"857";"Aquavit";"Glass";"41.5";"2.0650604"
"Vinmonopolet";"1301";"Aalborg Taffel Akvavit";"Aalborg Taffel Akvavit";"0";"364.9";"0.7";"521.29";"Aquavit";"Glass";"45";"1.1584127"
"Vinmonopolet";"1302";"Aalborg Taffel Akvavit";"Aalborg Taffel Akvavit";"0";"214.9";"0.35";"614";"Aquavit";"Glass";"45";"1.3644444"
"Vinmonopolet";"1501";"LÃ¸iten Export";"LÃ¸iten Export";"0";"389.9";"0.7";"557";"Aquavit";"Glass";"40";"1.3925"
"Vinmonopolet";"1502";"LÃ¸iten Export";"LÃ¸iten Export";"0";"299.9";"0.5";"599.8";"Aquavit";"Plast";"40";"1.4994999"
"Vinmonopolet";"1801";"Bommerlunder";"Bommerlunder";"0";"349.9";"0.7";"499.86";"Aquavit";"Glass";"38";"1.3154135"
"Vinmonopolet";"2001";"Graham's Late Bottled Vintage 2014";"Graham's Late Bottled Vintage";"2014";"225";"0.75";"300";"Port wine";"Glass";"20";"1.5"
"Vinmonopolet";"2002";"Graham's Late Bottled Vintage 2014";"Graham's Late Bottled Vintage";"2014";"135";"0.38";"360";"Port wine";"Glass";"20";"1.7763158"
"Vinmonopolet";"2401";"Brennevin Seksti";"Brennevin Seksti";"0";"459.9";"0.7";"657";"Vodka";"Glass";"60";"1.095"
"Vinmonopolet";"3501";"Hammer Vodka";"Hammer Vodka";"0";"346.9";"0.7";"495.57";"Vodka";"Glass";"42.7";"1.1605889"
"Vinmonopolet";"3502";"Hammer Vodka";"Hammer Vodka";"0";"195.9";"0.35";"559.71";"Vodka";"Glass";"42.7";"1.3108063"
"Vinmonopolet";"3801";"Finlandia";"Finlandia";"0";"329.9";"0.7";"471.29";"Vodka";"Glass";"37.5";"1.2567619"
"Vinmonopolet";"3803";"Finlandia";"Finlandia";"0";"51.9";"0.05";"1038";"Vodka";"Glass";"40";"2.595"
"Vinmonopolet";"3901";"Absolut Vodka";"Absolut Vodka";"0";"334.9";"0.7";"478.43";"Vodka";"Glass";"40";"1.1960714"
"Vinmonopolet";"3902";"Absolut Vodka";"Absolut Vodka";"0";"192.9";"0.35";"551.14";"Vodka";"Glass";"40";"1.3778571"
"Vinmonopolet";"4401";"Hammer Lime";"Hammer Lime";"0";"329.9";"0.7";"471.29";"Vodka";"Glass";"42.7";"1.1037136"
"Vinmonopolet";"4801";"Absolut Citron";"Absolut Citron";"0";"354.9";"0.7";"507";"Vodka";"Glass";"40";"1.2675"
"Vinmonopolet";"4804";"Absolut Citron";"Absolut Citron";"0";"134.9";"0.2";"674.5";"Vodka";"Glass";"40";"1.6862499"
"Vinmonopolet";"5401";"Bache-Gabrielsen 3 kors";"Bache-Gabrielsen 3 kors";"0";"429.9";"0.7";"614.14";"Grape spirit";"Glass";"40";"1.5353571"
"Vinmonopolet";"5402";"Bache-Gabrielsen 3 kors";"Bache-Gabrielsen 3 kors";"0";"229.9";"0.35";"656.86";"Grape spirit";"Glass";"40";"1.6421429"
"Vinmonopolet";"5404";"Bache-Gabrielsen 3 kors";"Bache-Gabrielsen 3 kors";"0";"184.9";"0.2";"924.5";"Grape spirit";"Glass";"40";"2.31125"
"Vinmonopolet";"5701";"Renault Carte Noire Extra Old";"Renault Carte Noire Extra Old";"0";"584.9";"0.7";"835.57";"Grape spirit";"Glass";"40";"2.0889287"
"Vinmonopolet";"6201";"Baron Otard V.S.O.P. Fine Champagne";"Baron Otard V.S.O.P. Fine Champagne";"0";"529.9";"0.7";"757";"Grape spirit";"Glass";"40";"1.8925002"
"Vinmonopolet";"6301";"Hennessy Very Special";"Hennessy Very Special";"0";"479.9";"0.7";"685.57";"Grape spirit";"Glass";"40";"1.7139286"
"Vinmonopolet";"6302";"Hennessy Very Special";"Hennessy Very Special";"0";"284.9";"0.35";"814";"Grape spirit";"Glass";"40";"2.035"
"Vinmonopolet";"6401";"Janneau Grand Armagnac VSOP";"Janneau Grand Armagnac VSOP";"0";"529.9";"0.7";"757";"Grape spirit";"Glass";"40";"1.8925002"
"Vinmonopolet";"6501";"Larsen Very Special Vikings'";"Larsen Very Special Vikings'";"0";"419.9";"0.7";"599.86";"Grape spirit";"Glass";"40";"1.4996428"
"Vinmonopolet";"6801";"Ch. Fontpinot X.O.";"Ch. Fontpinot X.O.";"0";"1099";"0.7";"1570";"Grape spirit";"Glass";"41";"3.8292685"
"Vinmonopolet";"6901";"Hennessy X.O.";"Hennessy X.O.";"0";"1519.9";"0.7";"2171.29";"Grape spirit";"Glass";"40";"5.4282146"
"Vinmonopolet";"6902";"Hennessy X.O.";"Hennessy X.O.";"0";"829.9";"0.35";"2371.14";"Grape spirit";"Glass";"40";"5.9278574"
"Vinmonopolet";"7001";"Courvoisier V.S.";"Courvoisier V.S.";"0";"434.9";"0.7";"621.29";"Grape spirit";"Glass";"40";"1.5532143"
"Vinmonopolet";"7101";"De Luze V.S.";"De Luze V.S.";"0";"424.9";"0.7";"607";"Grape spirit";"Glass";"40";"1.5175"
"Vinmonopolet";"7102";"De Luze V.S.";"De Luze V.S.";"0";"254.9";"0.35";"728.29";"Grape spirit";"Glass";"40";"1.8207142"
"Vinmonopolet";"7501";"Martell V.S.";"Martell V.S.";"0";"429.9";"0.7";"614.14";"Grape spirit";"Glass";"40";"1.5353571"
"Vinmonopolet";"7502";"Martell V.S.";"Martell V.S.";"0";"244.9";"0.35";"699.71";"Grape spirit";"Glass";"40";"1.7492857"
"Vinmonopolet";"7901";"Hennessy V.S.O.P.";"Hennessy V.S.O.P.";"0";"584.9";"0.7";"835.57";"Grape spirit";"Glass";"40";"2.0889287"
"Vinmonopolet";"8001";"Martell Medaillon V.S.O.P.";"Martell Medaillon V.S.O.P.";"0";"529.9";"0.7";"757";"Grape spirit";"Glass";"40";"1.8925002"
"Vinmonopolet";"8801";"Martell Cordon Bleu";"Martell Cordon Bleu";"0";"899.9";"0.7";"1285.57";"Grape spirit";"Glass";"40";"3.2139287"
"Vinmonopolet";"10701";"Metaxa *****";"Metaxa *****";"0";"379.9";"0.7";"542.71";"Grape spirit";"Glass";"38";"1.4281955"
"Vinmonopolet";"12001";"Bell's Original";"Bell's Original";"0";"339.9";"0.7";"485.57";"Whisky";"Glass";"40";"1.2139286"
"Vinmonopolet";"12002";"Bell's Original";"Bell's Original";"0";"199.9";"0.35";"571.14";"Whisky";"Glass";"40";"1.4278572"
"Vinmonopolet";"12101";"Peter Dawson Special";"Peter Dawson Special";"0";"344.9";"0.7";"492.71";"Whisky";"Glass";"40";"1.2317857"
"Vinmonopolet";"12102";"Peter Dawson Special";"Peter Dawson Special";"0";"179.9";"0.35";"514";"Whisky";"Glass";"40";"1.285"
"Vinmonopolet";"12201";"Inverness Cream";"Inverness Cream";"0";"329.9";"0.7";"471.29";"Whisky";"Glass";"40";"1.1782143"
"Vinmonopolet";"12202";"Inverness Cream";"Inverness Cream";"0";"182.9";"0.35";"522.57";"Whisky";"Glass";"40";"1.3064286"
"Vinmonopolet";"12401";"The Famous Grouse";"The Famous Grouse";"0";"395.9";"0.7";"565.57";"Whisky";"Glass";"40";"1.4139286"
"Vinmonopolet";"12402";"The Famous Grouse";"The Famous Grouse";"0";"228.9";"0.35";"654";"Whisky";"Glass";"40";"1.635"
"Vinmonopolet";"12403";"The Famous Grouse";"The Famous Grouse";"0";"45.9";"0.05";"918";"Whisky";"Glass";"40";"2.295"
"Vinmonopolet";"12701";"Highland Park Single Malt 12 Years Old";"Highland Park Single Malt 12 Years Old";"0";"519.9";"0.7";"742.71";"Whisky";"Glass";"40";"1.8567858"
"Vinmonopolet";"12901";"The Glenlivet Single Malt 12 Years Old";"The Glenlivet Single Malt 12 Years Old";"0";"474.9";"0.7";"678.43";"Whisky";"Glass";"40";"1.6960714"
"Vinmonopolet";"13601";"Ballantine's Finest";"Ballantine's Finest";"0";"377.9";"0.7";"539.86";"Whisky";"Glass";"40";"1.3496429"
"Vinmonopolet";"13602";"Ballantine's Finest";"Ballantine's Finest";"0";"214.9";"0.35";"614";"Whisky";"Glass";"40";"1.535"
"Vinmonopolet";"14201";"Grant's Triple Wood";"Grant's Triple Wood";"0";"389.9";"0.7";"557";"Whisky";"Glass";"40";"1.3925"
"Vinmonopolet";"14401";"Frangelico";"Frangelico";"0";"299.9";"0.7";"428.43";"LikÃ¸r";"Glass";"20";"2.1421428"
"Vinmonopolet";"14501";"Johnnie Walker Red Label";"Johnnie Walker Red Label";"0";"359.9";"0.7";"514.14";"Whisky";"Glass";"40";"1.2853571"
"Vinmonopolet";"14601";"Jack Daniel's Tennessee";"Jack Daniel's Tennessee";"0";"404.9";"0.7";"578.43";"Whisky";"Glass";"40";"1.4460714"
"Vinmonopolet";"14607";"Jack Daniel's Tennessee";"Jack Daniel's Tennessee";"0";"1754.9";"3";"584.97";"Whisky";"Glass";"40";"1.4624166"
"Vinmonopolet";"15001";"Teacher's Highland Cream";"Teacher's Highland Cream";"0";"349.9";"0.7";"499.86";"Whisky";"Glass";"40";"1.2496428"
"Vinmonopolet";"15301";"J&B Rare";"J&B Rare";"0";"359.9";"0.7";"514.14";"Whisky";"Glass";"40";"1.2853571"
"Vinmonopolet";"15901";"Johnnie Walker Black Label";"Johnnie Walker Black Label";"0";"459.9";"0.7";"657";"Whisky";"Glass";"40";"1.6425"
"Vinmonopolet";"16101";"Chivas Regal 12 Years Old";"Chivas Regal 12 Years Old";"0";"477.5";"0.7";"682.14";"Whisky";"Glass";"40";"1.7053572"
"Vinmonopolet";"16201";"Jameson";"Jameson";"0";"394.9";"0.7";"564.14";"Whisky";"Glass";"40";"1.4103571"
"Vinmonopolet";"16202";"Jameson";"Jameson";"0";"212.9";"0.35";"608.29";"Whisky";"Glass";"40";"1.5207143"
"Vinmonopolet";"16207";"Jameson";"Jameson";"0";"2340";"4.5";"520";"Whisky";"Glass";"40";"1.3"
"Vinmonopolet";"16501";"Four Roses Bourbon";"Four Roses Bourbon";"0";"369.9";"0.7";"528.43";"Whisky";"Glass";"40";"1.3210714"
"Vinmonopolet";"16601";"Jim Beam Kentucky";"Jim Beam Kentucky";"0";"359.9";"0.7";"514.14";"Whisky";"Glass";"40";"1.2853571"
"Vinmonopolet";"17001";"Canadian Club";"Canadian Club";"0";"386.9";"0.7";"552.71";"Whisky";"Glass";"40";"1.3817858"
"Vinmonopolet";"17702";"Bokma Oude Friesche";"Bokma Oude Friesche";"0";"297.5";"0.5";"595";"Genever";"Glass";"38";"1.5657895"
"Vinmonopolet";"18601";"Galliano";"Galliano";"0";"365.9";"0.7";"522.71";"LikÃ¸r";"Glass";"30";"1.742381"
"Vinmonopolet";"18602";"Galliano";"Galliano";"0";"172.9";"0.35";"494";"LikÃ¸r";"Glass";"30";"1.6466666"
"Vinmonopolet";"18701";"Beefeater London Dry";"Beefeater London Dry";"0";"369.9";"0.7";"528.43";"Gin";"Glass";"40";"1.3210714"
"Vinmonopolet";"18702";"Beefeater London Dry";"Beefeater London Dry";"0";"194.9";"0.35";"556.86";"Gin";"Glass";"40";"1.3921429"
"Vinmonopolet";"19001";"Gordon's Special London Dry Gin";"Gordon's Special London Dry Gin";"0";"329.9";"0.7";"471.29";"Gin";"Glass";"37.5";"1.2567619"
"Vinmonopolet";"19604";"Angostura Aromatic Bitters";"Angostura Aromatic Bitters";"0";"235";"0.2";"1175";"Bitter	";"Glass";"44.7";"2.6286352"
"Vinmonopolet";"19701";"Gammel Dansk Bitter Dram";"Gammel Dansk Bitter Dram";"0";"412.9";"0.7";"589.86";"Bitter	";"Glass";"38";"1.5522556"
"Vinmonopolet";"19702";"Gammel Dansk Bitter Dram";"Gammel Dansk Bitter Dram";"0";"222.9";"0.35";"636.86";"Bitter	";"Glass";"38";"1.6759398"
"Vinmonopolet";"19704";"Gammel Dansk Bitter Dram";"Gammel Dansk Bitter Dram";"0";"157.9";"0.2";"789.5";"Bitter	";"Plast";"38";"2.0776315"
"Vinmonopolet";"20001";"JÃ¤germeister";"JÃ¤germeister";"0";"424.9";"0.7";"607";"Bitter	";"Glass";"35";"1.7342857"
"Vinmonopolet";"20002";"JÃ¤germeister";"JÃ¤germeister";"0";"219.9";"0.35";"628.29";"Bitter	";"Glass";"35";"1.795102"
"Vinmonopolet";"20003";"JÃ¤germeister";"JÃ¤germeister";"0";"99.9";"0.1";"999";"Bitter	";"Glass";"35";"2.8542857"
"Vinmonopolet";"20007";"JÃ¤germeister";"JÃ¤germeister";"0";"999.9";"1.75";"571.37";"Bitter	";"Glass";"35";"1.6324898"
"Vinmonopolet";"20901";"Cuervo Especial Reposado Tequila";"Cuervo Especial Reposado Tequila";"0";"389.9";"0.7";"557";"Fruit spirit";"Glass";"38";"1.4657894"
"Vinmonopolet";"21601";"Martini Rosso";"Martini Rosso";"0";"199.9";"1";"199.9";"Vermouth";"Glass";"15";"1.3326666"
"Vinmonopolet";"21602";"Martini Rosso";"Martini Rosso";"0";"112.9";"0.5";"225.8";"Vermouth";"Glass";"15";"1.5053333"
"Vinmonopolet";"21701";"Martini Bianco";"Martini Bianco";"0";"199.9";"1";"199.9";"Vermouth";"Glass";"15";"1.3326666"
"Vinmonopolet";"21702";"Martini Bianco";"Martini Bianco";"0";"112.9";"0.5";"225.8";"Vermouth";"Glass";"15";"1.5053333"
"Vinmonopolet";"23201";"Martini Extra Dry";"Martini Extra Dry";"0";"199.9";"1";"199.9";"Vermouth";"Glass";"15";"1.3326666"
"Vinmonopolet";"23801";"CuraÃ§ao NapolÃ©on Liqueur Ã  l'Orange";"CuraÃ§ao NapolÃ©on Liqueur Ã  l'Orange";"0";"349";"0.7";"498.57";"LikÃ¸r";"Glass";"40";"1.2464286"
"Vinmonopolet";"24101";"Cointreau";"Cointreau";"0";"419.9";"0.7";"599.86";"LikÃ¸r";"Glass";"40";"1.4996428"
"Vinmonopolet";"24102";"Cointreau";"Cointreau";"0";"229.9";"0.35";"656.86";"LikÃ¸r";"Glass";"40";"1.6421429"
"Vinmonopolet";"24103";"Cointreau";"Cointreau";"0";"79.5";"0.05";"1590";"LikÃ¸r";"Glass";"40";"3.975"
"Vinmonopolet";"24201";"Dubonnet";"Dubonnet";"0";"172.9";"0.75";"230.53";"Flavoured wine	";"Glass";"14.8";"1.5576576"
"Vinmonopolet";"24401";"D.O.M. BÃ©nÃ©dictine";"D.O.M. BÃ©nÃ©dictine";"0";"465.9";"0.7";"665.57";"LikÃ¸r";"Glass";"40";"1.6639286"
"Vinmonopolet";"24601";"Grand Marnier Cordon Rouge";"Grand Marnier Cordon Rouge";"0";"499.9";"0.7";"714.14";"LikÃ¸r";"Glass";"40";"1.7853571"
"Vinmonopolet";"24702";"Bols Banana";"Bols Banana";"0";"209.9";"0.5";"419.8";"LikÃ¸r";"Glass";"17";"2.4694116"
"Vinmonopolet";"25001";"Bols Advocaat";"Bols Advocaat";"0";"212.9";"0.7";"304.14";"LikÃ¸r";"Glass";"15";"2.0276191"
"Vinmonopolet";"25002";"Bols Advocaat";"Bols Advocaat";"0";"166.6";"0.5";"333.2";"LikÃ¸r";"Glass";"15";"2.2213335"
"Vinmonopolet";"25101";"Warninks Advocaat";"Warninks Advocaat";"0";"234.9";"0.7";"335.57";"LikÃ¸r";"Glass";"17.2";"1.9509965"
"Vinmonopolet";"25102";"Warninks Advocaat";"Warninks Advocaat";"0";"134.9";"0.35";"385.43";"LikÃ¸r";"Glass";"17.2";"2.2408636"
"Vinmonopolet";"25201";"Original Peachtree";"Original Peachtree";"0";"254.9";"0.7";"364.14";"LikÃ¸r";"Glass";"20";"1.8207142"
"Vinmonopolet";"25901";"Drambuie";"Drambuie";"0";"449.9";"0.7";"642.71";"LikÃ¸r";"Glass";"40";"1.6067858"
"Vinmonopolet";"25902";"Drambuie";"Drambuie";"0";"264.9";"0.35";"756.86";"LikÃ¸r";"Glass";"40";"1.8921429"
"Vinmonopolet";"25903";"Drambuie";"Drambuie";"0";"69.9";"0.05";"1398";"LikÃ¸r";"Plast";"40";"3.4950001"
"Vinmonopolet";"26201";"Frost";"Frost";"0";"249.9";"0.7";"357";"LikÃ¸r";"Glass";"20.5";"1.7414634"
"Vinmonopolet";"27201";"Jose Cuervo Especial Silver";"Jose Cuervo Especial Silver";"0";"389.9";"0.7";"557";"Fruit spirit";"Glass";"38";"1.4657894"
"Vinmonopolet";"27401";"Pernod Anis Spirit";"Pernod Anis Spirit";"0";"377.9";"0.7";"539.86";"Other spirit";"Glass";"40";"1.3496429"
"Vinmonopolet";"27501";"PÃ¨re Magloire V.S.O.P.";"PÃ¨re Magloire V.S.O.P.";"0";"494.9";"0.7";"707";"Fruit spirit";"Glass";"40";"1.7675"
"Vinmonopolet";"27601";"Sandeman Imperial Reserve Tawny";"Sandeman Imperial Reserve Tawny";"0";"199.9";"0.75";"266.53";"Port wine";"Glass";"19.5";"1.3668376"
"Vinmonopolet";"28101";"Kopke Fine Ruby";"Kopke Fine Ruby";"0";"204.9";"0.75";"273.2";"Port wine";"Glass";"19.5";"1.4010257"
"Vinmonopolet";"28701";"Sandeman Fine Tawny";"Sandeman Fine Tawny";"0";"197.9";"0.75";"263.87";"Port wine";"Glass";"19.5";"1.3531624"
"Vinmonopolet";"29101";"Luxardo Sambuca dei Cesari";"Luxardo Sambuca dei Cesari";"0";"379.9";"0.7";"542.71";"LikÃ¸r";"Glass";"38";"1.4281955"
"Vinmonopolet";"29102";"Luxardo Sambuca dei Cesari";"Luxardo Sambuca dei Cesari";"0";"275";"0.5";"550";"LikÃ¸r";"Glass";"38";"1.4473684"
"Vinmonopolet";"29103";"Luxardo Sambuca dei Cesari";"Luxardo Sambuca dei Cesari";"0";"47.5";"0.05";"950";"LikÃ¸r";"Glass";"38";"2.5"
"Vinmonopolet";"29104";"Luxardo Sambuca dei Cesari";"Luxardo Sambuca dei Cesari";"0";"155";"0.2";"775";"LikÃ¸r";"Glass";"38";"2.0394738"
"Vinmonopolet";"29501";"Marie Brizard Apry Apricot Brandy";"Marie Brizard Apry Apricot Brandy";"0";"252.9";"0.7";"361.29";"LikÃ¸r";"Glass";"20.5";"1.7623693"
"Vinmonopolet";"35201";"Sandeman Medium Sweet";"Sandeman Medium Sweet";"0";"169.9";"0.75";"226.53";"Sherry";"Glass";"15";"1.5102222"
"Vinmonopolet";"35301";"Sandeman Medium Dry";"Sandeman Medium Dry";"0";"169.9";"0.75";"226.53";"Sherry";"Glass";"15";"1.5102222"
"Vinmonopolet";"35501";"Martini Rosato";"Martini Rosato";"0";"199.9";"1";"199.9";"Vermouth";"Glass";"15";"1.3326666"
"Vinmonopolet";"36001";"Tio Pepe Fino";"Tio Pepe Fino";"2017";"219.9";"0.75";"293.2";"Sherry";"Glass";"15";"1.9546666"
"Vinmonopolet";"36002";"Tio Pepe Fino";"Tio Pepe Fino";"0";"131.9";"0.38";"351.73";"Sherry";"Glass";"15";"2.314035"
"Vinmonopolet";"36201";"Bristol Cream";"Bristol Cream";"0";"229.9";"0.75";"306.53";"Sherry";"Glass";"17.5";"1.751619"
"Vinmonopolet";"36202";"Bristol Cream";"Bristol Cream";"0";"137.5";"0.38";"366.67";"Sherry";"Glass";"17.5";"2.0676692"
"Vinmonopolet";"59101";"Mouton Cadet Rouge 2016";"Mouton Cadet Rouge";"2016";"186.5";"0.75";"248.67";"RÃ¸dvin";"Glass";"13.5";"1.8419753"
"Vinmonopolet";"65101";"Cellier des Dauphins Signature Vieilles Vignes CÃ´te-du-RhÃ´ne 2017";"Cellier des Dauphins Signature Vieilles Vignes CÃ´te-du-RhÃ´ne";"2017";"169.9";"0.75";"226.53";"RÃ¸dvin";"Glass";"14";"1.6180952"
"Vinmonopolet";"65104";"Cellier des Dauphins CÃ´tes du RhÃ´ne RÃ©serve 2007";"Cellier des Dauphins CÃ´tes du RhÃ´ne RÃ©serve";"2007";"59.9";"0.25";"239.6";"RÃ¸dvin";"Glass";"13";"1.843077"
"Vinmonopolet";"66001";"Ruffino Chianti 2018";"Ruffino Chianti";"2018";"149.9";"0.75";"199.87";"RÃ¸dvin";"Glass";"12.5";"1.5989332"
"Vinmonopolet";"67001";"Periquita 2018";"Periquita";"2018";"129.9";"0.75";"173.2";"RÃ¸dvin";"Glass";"13";"1.3323076"
"Vinmonopolet";"67002";"Periquita 2017";"Periquita";"2017";"77.9";"0.38";"207.73";"RÃ¸dvin";"Glass";"13";"1.5769231"
"Vinmonopolet";"67005";"Periquita 2010";"Periquita";"2010";"339.9";"1.5";"226.6";"RÃ¸dvin";"Glass";"13";"1.7430769"
"Vinmonopolet";"67801";"Faustino I Gran Reserva 2008";"Faustino I Gran Reserva";"2008";"224.9";"0.75";"299.87";"RÃ¸dvin";"Glass";"13.5";"2.2212346"
"Vinmonopolet";"67901";"Campo Viejo Crianza 2016";"Campo Viejo Crianza";"2016";"122.9";"0.75";"163.87";"RÃ¸dvin";"Glass";"13.5";"1.2138271"
"Vinmonopolet";"68501";"Faustino V Reserva 2014";"Faustino V Reserva";"2014";"179.9";"0.75";"239.87";"RÃ¸dvin";"Glass";"13.5";"1.77679"
"Vinmonopolet";"68502";"Faustino V Reserva 2014";"Faustino V Reserva";"2014";"94.9";"0.38";"253.07";"RÃ¸dvin";"Glass";"13.5";"1.8499026"
"Vinmonopolet";"68801";"Gran Feudo Crianza 2016";"Gran Feudo Crianza";"2016";"134.9";"0.75";"179.87";"RÃ¸dvin";"Glass";"13";"1.3835896"
"Vinmonopolet";"69901";"Brolio Chianti Classico 2017";"Brolio Chianti Classico";"2017";"175";"0.75";"233.33";"RÃ¸dvin";"Glass";"13.5";"1.7283951"
"Vinmonopolet";"69902";"Brolio Chianti Classico 2016";"Brolio Chianti Classico";"2016";"105";"0.38";"280";"RÃ¸dvin";"Glass";"13.5";"2.0467837"
"Vinmonopolet";"69905";"Brolio Chianti Classico 2015";"Brolio Chianti Classico";"2015";"450";"1.5";"300";"RÃ¸dvin";"Glass";"13.5";"2.2222223"
"Vinmonopolet";"74101";"Dopff & Irion CuvÃ©e RenÃ© Dopff Gewurztraminer 2017";"Dopff & Irion CuvÃ©e RenÃ© Dopff Gewurztraminer";"2017";"189.9";"0.75";"253.2";"White wine";"Glass";"13.5";"1.8755555"
"Vinmonopolet";"74301";"Henri Bourgeois Sancerre Grande RÃ©serve 2019";"Henri Bourgeois Sancerre Grande RÃ©serve";"2019";"239.9";"0.75";"319.87";"White wine";"Glass";"13.5";"2.3693826"
"Vinmonopolet";"74302";"Henri Bourgeois Sancerre Grande RÃ©serve 2018";"Henri Bourgeois Sancerre Grande RÃ©serve";"2018";"139.9";"0.38";"373.07";"White wine";"Glass";"13.5";"2.7270954"
"Vinmonopolet";"77001";"KÃ¶nigsmosel Riesling 2018";"KÃ¶nigsmosel Riesling";"2018";"109.9";"0.75";"146.53";"White wine";"Glass";"8.5";"1.7239215"
"Vinmonopolet";"79101";"Blue Nun 2018";"Blue Nun";"2018";"109.9";"0.75";"146.53";"White wine";"Glass";"8.5";"1.7239215"
"Vinmonopolet";"79106";"Blue Nun";"Blue Nun";"0";"259.9";"2";"129.95";"White wine";"Bag-in-box";"9.5";"1.3678946"
"Vinmonopolet";"83001";"Duca del Frassino Soave Classico 2018";"Duca del Frassino Soave Classico";"2018";"139.9";"0.75";"186.53";"White wine";"Glass";"12.5";"1.4922667"
"Vinmonopolet";"83002";"Duca del Frassino Soave Classico 2014";"Duca del Frassino Soave Classico";"2014";"80.9";"0.38";"215.73";"White wine";"Glass";"12.5";"1.7031579"
"Vinmonopolet";"83301";"ViÃ±a Sol 2019";"ViÃ±a Sol";"2019";"119.9";"0.75";"159.87";"White wine";"Glass";"11.5";"1.390145"
"Vinmonopolet";"83501";"ViÃ±a Esmeralda 2018";"ViÃ±a Esmeralda";"2018";"119.9";"0.75";"159.87";"White wine";"Glass";"11.5";"1.390145"
"Vinmonopolet";"83901";"Casal Garcia Vinho Verde";"Casal Garcia Vinho Verde";"0";"99.9";"0.75";"133.2";"White wine";"Glass";"8.5";"1.5670588"
"Vinmonopolet";"85101";"Mouton Cadet RÃ©serve Sauternes 2017";"Mouton Cadet RÃ©serve Sauternes";"2017";"334.5";"0.75";"446";"White wine";"Glass";"12.5";"3.568"
"Vinmonopolet";"85102";"Mouton Cadet RÃ©serve Sauternes 2016";"Mouton Cadet RÃ©serve Sauternes";"2016";"152.9";"0.38";"407.73";"White wine";"Glass";"13";"3.0951416"
"Vinmonopolet";"85701";"Mateus";"Mateus";"0";"104.9";"0.75";"139.87";"Perlende vin, rosÃ©";"Glass";"10";"1.3986667"
"Vinmonopolet";"85901";"Lancers RosÃ©";"Lancers RosÃ©";"0";"124.9";"0.75";"166.53";"RosÃ©vin";"Glass";"10";"1.6653334"
"Vinmonopolet";"86101";"Ruffino Rosatello";"Ruffino Rosatello";"0";"129.9";"0.75";"173.2";"RosÃ©vin";"Glass";"12";"1.4433333"
"Vinmonopolet";"87901";"Bollinger SpÃ©cial CuvÃ©e Brut";"Bollinger SpÃ©cial CuvÃ©e Brut";"0";"509.9";"0.75";"679.87";"Champagne, brut";"Glass";"12";"5.6655555"
"Vinmonopolet";"87902";"Bollinger SpÃ©cial CuvÃ©e Brut";"Bollinger SpÃ©cial CuvÃ©e Brut";"0";"305.9";"0.38";"815.73";"Champagne, brut";"Glass";"12";"6.7083335"
"Vinmonopolet";"87905";"Bollinger SpÃ©cial CuvÃ©e Brut";"Bollinger SpÃ©cial CuvÃ©e Brut";"0";"1169";"1.5";"779.33";"Champagne, brut";"Glass";"12";"6.4944444"
"Vinmonopolet";"87907";"Bollinger SpÃ©cial CuvÃ©e Brut";"Bollinger SpÃ©cial CuvÃ©e Brut";"0";"2889.5";"3";"963.17";"Champagne, brut";"Glass";"12";"8.026389"
"Vinmonopolet";"88101";"Veuve Clicquot, Brut";"Veuve Clicquot, Brut";"0";"439.9";"0.75";"586.53";"Champagne, brut";"Glass";"12";"4.887778"
"Vinmonopolet";"88102";"Veuve Clicquot, Brut";"Veuve Clicquot, Brut";"2009";"263.9";"0.38";"703.73";"Champagne, brut";"Glass";"12";"5.7872806"
"Vinmonopolet";"88105";"Veuve Clicquot Brut";"Veuve Clicquot Brut";"0";"1049.9";"1.5";"699.93";"Champagne, brut";"Glass";"12";"5.832778"
"Vinmonopolet";"88107";"Veuve Clicquot, Brut";"Veuve Clicquot, Brut";"0";"3474.9";"3";"1158.3";"Champagne, brut";"Glass";"12";"9.6525"
"Vinmonopolet";"88202";"Veuve Clicquot, Sec";"Veuve Clicquot, Sec";"0";"264.9";"0.38";"706.4";"Champagne, sec";"Glass";"12";"5.8092103"
"Vinmonopolet";"88801";"Trimbach Riesling 2017";"Trimbach Riesling";"2017";"209.9";"0.75";"279.87";"White wine";"Glass";"12.5";"2.2389333"
"Vinmonopolet";"88802";"Trimbach Riesling 2018";"Trimbach Riesling";"2018";"125.9";"0.38";"335.73";"White wine";"Glass";"12.5";"2.6505263"
"Vinmonopolet";"89101";"Lanson Black Label Brut";"Lanson Black Label Brut";"0";"489.9";"0.75";"653.2";"Champagne, brut";"Glass";"12.5";"5.2256"
"Vinmonopolet";"89102";"Lanson Black Label Brut";"Lanson Black Label Brut";"0";"289.9";"0.38";"773.07";"Champagne, brut";"Glass";"12.5";"6.103158"
"Vinmonopolet";"89105";"Lanson Black Label Brut";"Lanson Black Label Brut";"0";"1180";"1.5";"786.67";"Champagne, brut";"Glass";"12.5";"6.2933335"
"Vinmonopolet";"89501";"MoÃ«t & Chandon ImpÃ©rial Brut";"MoÃ«t & Chandon ImpÃ©rial Brut";"0";"419.9";"0.75";"559.87";"Champagne, brut";"Glass";"12";"4.6655555"
"Vinmonopolet";"89502";"MoÃ«t & Chandon ImpÃ©rial Brut";"MoÃ«t & Chandon ImpÃ©rial Brut";"0";"244.9";"0.38";"653.07";"Champagne, brut";"Glass";"12";"5.370614"
"Vinmonopolet";"89504";"MoÃ«t & Chandon ImpÃ©rial Brut";"MoÃ«t & Chandon ImpÃ©rial Brut";"0";"149.9";"0.2";"749.5";"Champagne, brut";"Glass";"12";"6.245833"
"Vinmonopolet";"89505";"MoÃ«t & Chandon ImpÃ©rial Brut";"MoÃ«t & Chandon ImpÃ©rial Brut";"0";"949.9";"1.5";"633.27";"Champagne, brut";"Glass";"12";"5.277222"
"Vinmonopolet";"89507";"MoÃ«t & Chandon ImpÃ©rial Brut";"MoÃ«t & Chandon ImpÃ©rial Brut";"0";"3329.9";"3";"1109.97";"Champagne, brut";"Glass";"12";"9.249722"
"Vinmonopolet";"90006";"Promenade Blanc";"Promenade Blanc";"2019";"359.9";"3";"119.97";"White wine";"Bag-in-box";"10.5";"1.1425396"
"Vinmonopolet";"90101";"Bouvet RosÃ© Excellence";"Bouvet RosÃ© Excellence";"0";"169.9";"0.75";"226.53";"Musserende vin, rosÃ©";"Glass";"12.5";"1.8122666"
"Vinmonopolet";"90201";"Laurent-Perrier RosÃ©";"Laurent-Perrier RosÃ©";"2012";"699.9";"0.75";"933.2";"Champagne, rosÃ©";"Glass";"12";"7.776667"
"Vinmonopolet";"90601";"Castellblanc Seco";"Castellblanc Seco";"0";"129.9";"0.75";"173.2";"Sparkling wine";"Glass";"11.5";"1.5060868"
"Vinmonopolet";"90602";"Castellblanc Seco";"Castellblanc Seco";"0";"77.9";"0.38";"207.73";"Sparkling wine";"Glass";"11.5";"1.7826087"
"Vinmonopolet";"90801";"Contessa Matilde Lambrusco di Sorbara";"Contessa Matilde Lambrusco di Sorbara";"0";"116.5";"0.75";"155.33";"Perlende vin, rÃ¸d";"Glass";"8";"1.9416667"
"Vinmonopolet";"91501";"Martini Asti";"Martini Asti";"0";"123.9";"0.75";"165.2";"Sparkling wine";"Glass";"7.5";"2.2026668"
"Vinmonopolet";"91502";"Martini Asti";"Martini Asti";"0";"74.3";"0.38";"198.13";"Sparkling wine";"Glass";"7.5";"2.6070178"
"Vinmonopolet";"91505";"Martini Asti";"Martini Asti";"0";"254.9";"1.5";"169.93";"Sparkling wine";"Glass";"7.5";"2.2657778"
"Vinmonopolet";"91507";"Martini Asti";"Martini Asti";"0";"1179.9";"6";"196.65";"Sparkling wine";"Glass";"7.5";"2.622"
"Vinmonopolet";"92901";"CodornÃ­u Clasico Seco";"CodornÃ­u Clasico Seco";"0";"134.9";"0.75";"179.87";"Sparkling wine";"Glass";"11.5";"1.564058"
"Vinmonopolet";"92902";"CodornÃ­u Clasico Seco";"CodornÃ­u Clasico Seco";"0";"79.9";"0.38";"213.07";"Sparkling wine";"Glass";"11.5";"1.8283753"
"Vinmonopolet";"93201";"Henkell Trocken";"Henkell Trocken";"0";"124.9";"0.75";"166.53";"Sparkling wine";"Glass";"11.5";"1.448116"
"Vinmonopolet";"93202";"Henkell Trocken";"Henkell Trocken";"0";"74.9";"0.38";"199.73";"Sparkling wine";"Glass";"11.5";"1.7139589"
"Vinmonopolet";"93204";"Henkell Trocken";"Henkell Trocken";"0";"59.9";"0.2";"299.5";"Sparkling wine";"Glass";"11.5";"2.604348"
"Vinmonopolet";"94601";"Freixenet Cordon Negro Brut";"Freixenet Cordon Negro Brut";"0";"137.9";"0.75";"183.87";"Sparkling wine";"Glass";"11.5";"1.5988405"
"Vinmonopolet";"94605";"Freixenet Cordon Negro, Brut";"Freixenet Cordon Negro, Brut";"0";"319.9";"1.5";"213.27";"Sparkling wine";"Glass";"11.5";"1.8544927"
"Vinmonopolet";"98601";"Delapierre Seco";"Delapierre Seco";"0";"109.9";"0.75";"146.53";"Sparkling wine";"Glass";"11.5";"1.274203"
"Vinmonopolet";"101201";"Guerrini Brandaglia Toscana 2011";"Guerrini Brandaglia Toscana";"2011";"279.4";"0.75";"372.53";"RÃ¸dvin";"Glass";"13.5";"2.7595062"
"Vinmonopolet";"101207";"Guerrini Brandaglia Toscana 2011";"Guerrini Brandaglia Toscana";"2011";"1250";"3";"416.67";"RÃ¸dvin";"Glass";"13.5";"3.0864198"
"Vinmonopolet";"101401";"Guerrini Il Terziere Toscana 2013";"Guerrini Il Terziere Toscana";"2013";"259.9";"0.75";"346.53";"RÃ¸dvin";"Glass";"13";"2.665641"
"Vinmonopolet";"101501";"Guerrini Forteguerra Chianti";"Guerrini Forteguerra Chianti";"0";"199.4";"0.75";"265.87";"RÃ¸dvin";"Glass";"13";"2.045128"
"Vinmonopolet";"101901";"Concha y Toro Cabernet Sauvignon 2019";"Concha y Toro Cabernet Sauvignon";"2019";"98.9";"0.75";"131.87";"RÃ¸dvin";"Glass";"11.5";"1.1466666"
"Vinmonopolet";"103101";"Jim Beam Honey";"Jim Beam Honey";"0";"399.9";"0.7";"571.29";"LikÃ¸r";"Glass";"35";"1.632245"
"Vinmonopolet";"104801";"Fontaine-Gagnard Chassagne-Montrachet 1er Cru Morgeot 2015";"Fontaine-Gagnard Chassagne-Montrachet 1er Cru Morgeot";"2015";"585.9";"0.75";"781.2";"White wine";"Glass";"13.5";"5.786667"
"Vinmonopolet";"106401";"Ch. Haut-Goujon 2012";"Ch. Haut-Goujon";"2012";"229.9";"0.75";"306.53";"RÃ¸dvin";"Glass";"13.5";"2.2706172"
"Vinmonopolet";"106601";"Henriot CuvÃ©e des Enchanteleurs Brut 2000";"Henriot CuvÃ©e des Enchanteleurs Brut";"2000";"1599.9";"0.75";"2133.2";"Champagne, brut";"Glass";"12";"17.776667"
"Vinmonopolet";"106801";"Barone Montalto Passivento 2017";"Barone Montalto Passivento";"2017";"149.9";"0.75";"199.87";"RÃ¸dvin";"Glass";"13.5";"1.4804938"
"Vinmonopolet";"106802";"Barone Montalto Passivento 2018";"Barone Montalto Passivento";"2018";"89.9";"0.38";"239.73";"RÃ¸dvin";"Glass";"13.5";"1.7524368"
"Vinmonopolet";"106806";"Barone Montalto Passivento 2017";"Barone Montalto Passivento";"2017";"439.9";"3";"146.63";"RÃ¸dvin";"Bag-in-box";"13.5";"1.0861728"
"Vinmonopolet";"109501";"Dreissigacker Riesling Trocken 2018";"Dreissigacker Riesling Trocken";"2018";"159.9";"0.75";"213.2";"White wine";"Glass";"12";"1.7766666"
"Vinmonopolet";"110302";"Kong Christian IV Akevitt";"Kong Christian IV Akevitt";"2012";"328.5";"0.5";"657";"Aquavit";"Glass";"40";"1.6425"
"Vinmonopolet";"110606";"Tommasi Graticcio Appassionato 2018";"Tommasi Graticcio Appassionato";"2018";"459.9";"3";"153.3";"RÃ¸dvin";"Bag-in-box";"12.5";"1.2264"
"Vinmonopolet";"112301";"Desderi Barberosa Rosato 2017";"Desderi Barberosa Rosato";"2017";"199.3";"0.75";"265.73";"RosÃ©vin";"Glass";"13.5";"1.9683951"
"Vinmonopolet";"113601";"Becker Landgraf Riesling Trocken 2017";"Becker Landgraf Riesling Trocken";"2017";"159.9";"0.75";"213.2";"White wine";"Glass";"12";"1.7766666"
"Vinmonopolet";"113901";"CARM 2015";"CARM";"2015";"185";"0.75";"246.67";"RÃ¸dvin";"Glass";"13.5";"1.8271605"
"Vinmonopolet";"115301";"La Gerla Brunello di Montalcino 2014";"La Gerla Brunello di Montalcino";"2014";"469.9";"0.75";"626.53";"RÃ¸dvin";"Glass";"14";"4.475238"
"Vinmonopolet";"115501";"FranÃ§ois Villard CÃ´te RÃ´tie Le Gallet Blanc 2017";"FranÃ§ois Villard CÃ´te RÃ´tie Le Gallet Blanc";"2017";"499.9";"0.75";"666.53";"RÃ¸dvin";"Glass";"13";"5.1271796"
"Vinmonopolet";"116202";"Hornbeer Caribbean Rumstout";"Hornbeer Caribbean Rumstout";"0";"99.8";"0.5";"199.6";"Porter and stout";"Glass";"10";"1.996"
"Vinmonopolet";"116601";"Anselmo Mendes Muros Antigos Loureiro 2018";"Anselmo Mendes Muros Antigos Loureiro";"2018";"159.9";"0.75";"213.2";"White wine";"Glass";"12";"1.7766666"
"Vinmonopolet";"117101";"Anselmo Mendes Alvarinho Contacto 2019";"Anselmo Mendes Alvarinho Contacto";"2019";"189.9";"0.75";"253.2";"White wine";"Glass";"12.5";"2.0256"
"Vinmonopolet";"117202";"Cono Sur Cosecha Noble Late Riesling 2013";"Cono Sur Cosecha Noble Late Riesling";"2013";"99.9";"0.38";"266.4";"White wine";"Glass";"12";"2.1907895"
"Vinmonopolet";"117601";"Zaccagnini Montepulciano d'Abruzzo Riserva Casauria 2014";"Zaccagnini Montepulciano d'Abruzzo Riserva Casauria";"2014";"199.9";"0.75";"266.53";"RÃ¸dvin";"Glass";"13";"2.0502563"
"Vinmonopolet";"117901";"Innocent Bystander Victoria Moscato 2018";"Innocent Bystander Victoria Moscato";"2018";"159.9";"0.75";"213.2";"Perlende vin, rosÃ©";"Glass";"5.5";"3.8763635"
"Vinmonopolet";"118001";"Speri Valpolicella Classico Superiore Ripasso 2017";"Speri Valpolicella Classico Superiore Ripasso";"2017";"224.9";"0.75";"299.87";"RÃ¸dvin";"Glass";"13.5";"2.2212346"
"Vinmonopolet";"118102";"Hardanger Eplebrennevin APAL 2018";"Hardanger Eplebrennevin APAL";"2018";"431";"0.5";"862";"Fruit spirit";"Glass";"38";"2.268421"
"Vinmonopolet";"118401";"Delorme Terroir dâException Cremant de Bourgogne Brut";"Delorme Terroir dâException Cremant de Bourgogne Brut";"0";"199.9";"0.75";"266.53";"Sparkling wine";"Glass";"12";"2.221111"
"Vinmonopolet";"118405";"Delorme Terroir dâException Cremant de Bourgogne Brut";"Delorme Terroir dâException Cremant de Bourgogne Brut";"0";"459.9";"1.5";"306.6";"Sparkling wine";"Glass";"12";"2.555"
"Vinmonopolet";"118501";"Delorme Bobler SÃ¸tt+Salt Cremant de Bourgogne Blanc de blancs Brut";"Delorme Bobler SÃ¸tt+Salt Cremant de Bourgogne Blanc de blancs Brut";"0";"199.9";"0.75";"266.53";"Sparkling wine";"Glass";"12";"2.221111"
"Vinmonopolet";"118505";"Delorme Bobler SÃ¸tt+Salt Cremant de Bourgogne Blanc de blancs Brut";"Delorme Bobler SÃ¸tt+Salt Cremant de Bourgogne Blanc de blancs Brut";"2016";"399.9";"1.5";"266.6";"Sparkling wine";"Glass";"12";"2.2216666"
"Vinmonopolet";"120801";"Ch. Bonnet ResÃ©rve 2014";"Ch. Bonnet ResÃ©rve";"2014";"194.9";"0.75";"259.87";"RÃ¸dvin";"Glass";"13";"1.9989743"
"Vinmonopolet";"124001";"Colli Vicentini Torre dei Vescovi Prosecco Extra Dry";"Colli Vicentini Torre dei Vescovi Prosecco Extra Dry";"0";"169.9";"0.75";"226.53";"Sparkling wine";"Glass";"11.5";"1.969855"
"Vinmonopolet";"124701";"Pecchenino San Giuseppe Barolo 2012";"Pecchenino San Giuseppe Barolo";"2012";"539.9";"0.75";"719.87";"RÃ¸dvin";"Glass";"14";"5.141905"
"Vinmonopolet";"124801";"Les Dauphin CÃ´tes du RhÃ´ne Reserve 2017";"Les Dauphin CÃ´tes du RhÃ´ne Reserve";"2017";"159.9";"0.75";"213.2";"RÃ¸dvin";"Glass";"13.5";"1.5792592"
"Vinmonopolet";"125101";"Elvis The King of Rock'n'Roll Cabernet Sauvignon 2016";"Elvis The King of Rock'n'Roll Cabernet Sauvignon";"2016";"169.9";"0.75";"226.53";"RÃ¸dvin";"Glass";"13";"1.7425641"
"Vinmonopolet";"125201";"Noble Vines 446 Chardonnay Single Vineyard 2017";"Noble Vines 446 Chardonnay Single Vineyard";"2017";"179.9";"0.75";"239.87";"White wine";"Glass";"14.5";"1.6542528"
"Vinmonopolet";"125301";"Marcel Pierre Champagne Brut";"Marcel Pierre Champagne Brut";"0";"289.9";"0.75";"386.53";"Champagne, brut";"Glass";"12";"3.221111"
"Vinmonopolet";"125701";"Piccini Rosso di Toscana";"Piccini Rosso di Toscana";"2018";"159.9";"0.75";"213.2";"RÃ¸dvin";"Glass";"13";"1.64"
"Vinmonopolet";"125806";"Piccini Rosso di Toscana";"Piccini Rosso di Toscana";"2018";"429.9";"3";"143.3";"RÃ¸dvin";"Bag-in-box";"13";"1.1023077"
"Vinmonopolet";"125901";"Bottega Petalo Il Vino dell'Amore Moscato";"Bottega Petalo Il Vino dell'Amore Moscato";"2019";"139.9";"0.75";"186.53";"Sparkling wine";"Glass";"6.5";"2.8697433"
"Vinmonopolet";"125904";"Bottega Petalo Il Vino dell'Amore Moscato";"Bottega Petalo Il Vino dell'Amore Moscato";"0";"64.9";"0.2";"324.5";"Sparkling wine";"Glass";"6.5";"4.9923077"
"Vinmonopolet";"126601";"Marziano Abbona Cinerino 2017";"Marziano Abbona Cinerino";"2017";"356.6";"0.75";"475.47";"White wine";"Glass";"14";"3.3961906"
"Vinmonopolet";"126801";"Allegrini Belpasso Rosso 2017";"Allegrini Belpasso Rosso";"2017";"184.9";"0.75";"246.53";"RÃ¸dvin";"Glass";"13.5";"1.8261728"
"Vinmonopolet";"127601";"PrÃ¼m SolitÃ¤r Riesling Trocken 2018";"PrÃ¼m SolitÃ¤r Riesling Trocken";"2018";"149.9";"0.75";"199.87";"White wine";"Glass";"11.5";"1.737971"
"Vinmonopolet";"128101";"Villa Trasqua Trasquanello Rosato 2016";"Villa Trasqua Trasquanello Rosato";"2016";"207.1";"0.75";"276.13";"RosÃ©vin";"Glass";"12.5";"2.2090666"
"Vinmonopolet";"128602";"Taylor's 10 YO Tawny";"Taylor's 10 YO Tawny";"0";"169.9";"0.38";"453.07";"Port wine";"Glass";"20";"2.2355263"
"Vinmonopolet";"128702";"Taylor's Late Bottled Vintage 2014";"Taylor's Late Bottled Vintage";"2014";"116.9";"0.38";"311.73";"Port wine";"Glass";"20";"1.5381579"
"Vinmonopolet";"128901";"Badia di Morrona Vigna Alta 2011";"Badia di Morrona Vigna Alta";"2011";"308.5";"0.75";"411.33";"RÃ¸dvin";"Glass";"14";"2.9380953"
"Vinmonopolet";"129301";"Bindella Vino Nobile di Montepulciano 2014";"Bindella Vino Nobile di Montepulciano";"2014";"298.3";"0.75";"397.73";"RÃ¸dvin";"Glass";"13";"3.059487"
"Vinmonopolet";"129401";"Fairview Vintage Reserve 2011";"Fairview Vintage Reserve";"2011";"179.6";"0.75";"239.47";"RÃ¸dvin";"Glass";"14";"1.7104763"
"Vinmonopolet";"132501";"AndrÃ© Jacquart Experience Premier Cru Blanc de Blancs Brut";"AndrÃ© Jacquart Experience Premier Cru Blanc de Blancs Brut";"0";"424.9";"0.75";"566.53";"Champagne, brut";"Glass";"12";"4.721111"
"Vinmonopolet";"132701";"Matthieu Barret Petit Ours Brun 2018";"Matthieu Barret Petit Ours Brun";"2018";"213.9";"0.75";"285.2";"RÃ¸dvin";"Glass";"13.5";"2.1125925"
"Vinmonopolet";"132705";"Matthieu Barret Petit Ours Brun 2018";"Matthieu Barret Petit Ours Brun";"2018";"399.7";"1.5";"266.47";"RÃ¸dvin";"Glass";"13.5";"1.9738272"
"Vinmonopolet";"132801";"AndrÃ© Jacquart Experience Mesnil Grand Cru Blanc de Blancs Brut";"AndrÃ© Jacquart Experience Mesnil Grand Cru Blanc de Blancs Brut";"0";"479.9";"0.75";"639.87";"Champagne, brut";"Glass";"12";"5.332222"
"Vinmonopolet";"133501";"AndrÃ© & Mireille Tissot Vin Jaune La VasÃ©e 2012";"AndrÃ© & Mireille Tissot Vin Jaune La VasÃ©e";"2012";"799.9";"0.62";"1290.16";"White wine";"Glass";"16";"8.063508"
"Vinmonopolet";"133601";"Cantine Volpi Costa al Sole Nero D'Avola 2013";"Cantine Volpi Costa al Sole Nero D'Avola";"2013";"200.1";"0.75";"266.8";"RÃ¸dvin";"Glass";"13";"2.0523078"
"Vinmonopolet";"133701";"Cantine Volpi Costa al Sole Inzolia 2018";"Cantine Volpi Costa al Sole Inzolia";"2018";"197.8";"0.75";"263.73";"White wine";"Glass";"12";"2.1977777"
"Vinmonopolet";"134301";"Jean Fillioux So Elegantissime XO";"Jean Fillioux So Elegantissime XO";"0";"1030";"0.7";"1471.43";"Grape spirit";"Glass";"41";"3.5888503"
"Vinmonopolet";"136801";"Joseph Drouhin Santenay 2016";"Joseph Drouhin Santenay";"2016";"269";"0.75";"358.67";"RÃ¸dvin";"Glass";"13";"2.7589743"
"Vinmonopolet";"137201";"MarquÃ©s de CÃ¡ceres Crianza 2016";"MarquÃ©s de CÃ¡ceres Crianza";"2016";"139.9";"0.75";"186.53";"RÃ¸dvin";"Glass";"14";"1.3323809"
"Vinmonopolet";"137202";"MarquÃ©s de CÃ¡ceres Crianza 2016";"MarquÃ©s de CÃ¡ceres Crianza";"2016";"83.9";"0.38";"223.73";"RÃ¸dvin";"Glass";"14";"1.5770677"
"Vinmonopolet";"137205";"MarquÃ©s de CÃ¡ceres Crianza 2016";"MarquÃ©s de CÃ¡ceres Crianza";"2016";"329.9";"1.5";"219.93";"RÃ¸dvin";"Glass";"14";"1.5709523"
"Vinmonopolet";"137901";"Cantalupo Ghemme Anno Primo 2009";"Cantalupo Ghemme Anno Primo";"2009";"309.9";"0.75";"413.2";"RÃ¸dvin";"Glass";"13.5";"3.0607407"
"Vinmonopolet";"139301";"Faustino VII 2018";"Faustino VII";"2018";"129.9";"0.75";"173.2";"RÃ¸dvin";"Glass";"13";"1.3323076"
"Vinmonopolet";"139302";"Faustino VII 2018";"Faustino VII";"2018";"75.9";"0.38";"202.4";"RÃ¸dvin";"Glass";"13";"1.5364373"
"Vinmonopolet";"140201";"Sainte Croix Pourboire Nature 2018";"Sainte Croix Pourboire Nature";"2018";"195.9";"0.75";"261.2";"RÃ¸dvin";"Glass";"13";"2.0092306"
"Vinmonopolet";"140601";"Von Winning Kalkofen Riesling Trocken GG 2017";"Von Winning Kalkofen Riesling Trocken GG";"2017";"429.9";"0.75";"573.2";"White wine";"Glass";"13";"4.4092307"
"Vinmonopolet";"141102";"Bache-Gabrielsen Christmas Cognac XO";"Bache-Gabrielsen Christmas Cognac XO";"2019";"449.9";"0.5";"899.8";"Grape spirit";"Glass";"40";"2.2495"
"Vinmonopolet";"142305";"Albino Armani Prosecco";"Albino Armani Prosecco";"0";"359.9";"1.5";"239.93";"Sparkling wine";"Glass";"11";"2.1812122"
"Vinmonopolet";"142406";"Tenuta Sette Ponti Toscana 2017";"Tenuta Sette Ponti Toscana";"2017";"489";"3";"163";"RÃ¸dvin";"Bag-in-box";"13.5";"1.2074074"
"Vinmonopolet";"143701";"Canard-DuchÃªne CuvÃ©e LÃ©onie Green";"Canard-DuchÃªne CuvÃ©e LÃ©onie Green";"0";"299.9";"0.75";"399.87";"Champagne, brut";"Glass";"12";"3.3322222"
"Vinmonopolet";"145801";"Johannishof Mineral Riesling Trocken 2016";"Johannishof Mineral Riesling Trocken";"2016";"229.9";"0.75";"306.53";"White wine";"Glass";"11.5";"2.665507"
"Vinmonopolet";"146101";"Johannisberg S Riesling Kabinett Feinherb 2017";"Johannisberg S Riesling Kabinett Feinherb";"2017";"224.9";"0.75";"299.87";"White wine";"Glass";"10.5";"2.8558729"
"Vinmonopolet";"146201";"Johannisberger HÃ¶lle Riesling Kabinett Trocken 2014";"Johannisberger HÃ¶lle Riesling Kabinett Trocken";"2014";"296.9";"0.75";"395.87";"White wine";"Glass";"11";"3.5987878"
"Vinmonopolet";"146801";"Skjelbreid PoirÃ©e Emeraude 2016";"Skjelbreid PoirÃ©e Emeraude";"2016";"215.5";"0.75";"287.33";"RÃ¸dvin";"Glass";"14.5";"1.9816092"
"Vinmonopolet";"146901";"Skjelbreid PoirÃ©e Diamant Noir 2014";"Skjelbreid PoirÃ©e Diamant Noir";"2014";"201.8";"0.75";"269.07";"RÃ¸dvin";"Glass";"14.5";"1.8556322"
"Vinmonopolet";"147801";"Palagio When we dance Chianti 2018";"Palagio When we dance Chianti";"2018";"199.9";"0.75";"266.53";"RÃ¸dvin";"Glass";"13";"2.0502563"
"Vinmonopolet";"147901";"Rocca di Castagnoli Chianti 2019";"Rocca di Castagnoli Chianti";"2019";"139.8";"0.75";"186.4";"RÃ¸dvin";"Glass";"12.5";"1.4912001"
"Vinmonopolet";"148001";"Palagio Casino delle vie Toscana 2016";"Palagio Casino delle vie Toscana";"2016";"289.9";"0.75";"386.53";"RÃ¸dvin";"Glass";"13.5";"2.8632097"
"Vinmonopolet";"148201";"Coessens Largillier Blanc de Noirs Brut 2013";"Coessens Largillier Blanc de Noirs Brut";"2013";"498";"0.75";"664";"Champagne, brut";"Glass";"12";"5.5333333"
"Vinmonopolet";"148301";"Leroux Bourgogne Blanc 2018";"Leroux Bourgogne Blanc";"2018";"299.9";"0.75";"399.87";"White wine";"Glass";"13";"3.0758975"
"Vinmonopolet";"148501";"Bornholm Juleakvavit";"Bornholm Juleakvavit";"0";"469.9";"0.7";"671.29";"Aquavit";"Glass";"42";"1.5982994"
"Vinmonopolet";"148606";"Riondo Castelforte Soave 2018";"Riondo Castelforte Soave";"2018";"359.9";"3";"119.97";"White wine";"Bag-in-box";"12.5";"0.9597333"
"Vinmonopolet";"148701";"Bottega Pret a Porter Amarone Valpolicella Classico Riserva 2012";"Bottega Pret a Porter Amarone Valpolicella Classico Riserva";"2012";"699.9";"0.75";"933.2";"RÃ¸dvin";"Glass";"15.5";"6.020645"
"Vinmonopolet";"148901";"Blason d'Issan 2012";"Blason d'Issan";"2012";"361.9";"0.75";"482.53";"RÃ¸dvin";"Glass";"13";"3.7117949"
"Vinmonopolet";"150602";"Ãgir Yggdrasil Akevitt 2014";"Ãgir Yggdrasil Akevitt";"2014";"359.9";"0.5";"719.8";"Aquavit";"Glass";"40";"1.7995"
"Vinmonopolet";"151301";"Jacob's Creek Shiraz Cabernet 2019";"Jacob's Creek Shiraz Cabernet";"2019";"120.9";"0.75";"161.2";"RÃ¸dvin";"Glass";"13.9";"1.1597123"
"Vinmonopolet";"151302";"Jacob's Creek Shiraz Cabernet 2018";"Jacob's Creek Shiraz Cabernet";"2018";"69.9";"0.38";"186.4";"RÃ¸dvin";"Glass";"13.9";"1.3233625"
"Vinmonopolet";"151801";"Le Ragose Amarone Marta Galli 2008";"Le Ragose Amarone Marta Galli";"2008";"658";"0.75";"877.33";"RÃ¸dvin";"Glass";"14";"6.266667"
"Vinmonopolet";"152601";"Joseph Drouhin LaforÃªt Bourgogne Chardonnay 2018";"Joseph Drouhin LaforÃªt Bourgogne Chardonnay";"2018";"199";"0.75";"265.33";"White wine";"Glass";"13";"2.0410256"
"Vinmonopolet";"152602";"Joseph Drouhin LaforÃªt Bourgogne Chardonnay 2018";"Joseph Drouhin LaforÃªt Bourgogne Chardonnay";"2018";"119";"0.38";"317.33";"White wine";"Glass";"13";"2.408907"
"Vinmonopolet";"156201";"Soerlie Extra Grande Champagne";"Soerlie Extra Grande Champagne";"0";"1190";"0.7";"1700";"Grape spirit";"Glass";"40";"4.25"
"Vinmonopolet";"156202";"Soerlie Extra Grande Champagne";"Soerlie Extra Grande Champagne";"0";"899";"0.5";"1798";"Grape spirit";"Glass";"40";"4.495"
"Vinmonopolet";"156401";"Ravenswood Icon 2013";"Ravenswood Icon";"2013";"599.9";"0.75";"799.87";"RÃ¸dvin";"Glass";"15";"5.3324447"
"Vinmonopolet";"157001";"Vill og Vakker Sunndalsakevitten";"Vill og Vakker Sunndalsakevitten";"0";"459.9";"0.7";"657";"Aquavit";"Glass";"40";"1.6425"
"Vinmonopolet";"157602";"Kloster Eberbach Marcobrunn Riesling Auslese 2015";"Kloster Eberbach Marcobrunn Riesling Auslese";"2015";"349.9";"0.38";"933.07";"White wine";"Glass";"9.5";"9.692521"
"Vinmonopolet";"157901";"Kloster Eberbach Steinberger Riesling Kabinett 2018";"Kloster Eberbach Steinberger Riesling Kabinett";"2018";"189.9";"0.75";"253.2";"White wine";"Glass";"8";"3.165"
"Vinmonopolet";"158301";"Ch. Grand-Puy-Lacoste 2008";"Ch. Grand-Puy-Lacoste";"2008";"754.8";"0.75";"1006.4";"RÃ¸dvin";"Glass";"13.5";"7.454815"
"Vinmonopolet";"159601";"Felton Road Calvert Pinot Noir 2018";"Felton Road Calvert Pinot Noir";"2018";"539.5";"0.75";"719.33";"RÃ¸dvin";"Glass";"13.5";"5.328395"
"Vinmonopolet";"161801";"Ioppa Ghemme 2009";"Ioppa Ghemme";"2009";"250";"0.75";"333.33";"RÃ¸dvin";"Glass";"13.5";"2.4691358"
"Vinmonopolet";"162701";"Niepoort Bioma Vintage Port 2015";"Niepoort Bioma Vintage Port";"2015";"739.9";"0.75";"986.53";"Port wine";"Glass";"20";"4.932667"
"Vinmonopolet";"163801";"Ch. Capbern Gasqueton 2006";"Ch. Capbern Gasqueton";"2006";"314";"0.75";"418.67";"RÃ¸dvin";"Glass";"13";"3.2205129"
"Vinmonopolet";"164501";"Flor de Pingus 2017";"Flor de Pingus";"2017";"1266.8";"0.75";"1689.07";"RÃ¸dvin";"Glass";"15";"11.260445"
"Vinmonopolet";"164601";"Domino de Pingus Psi 2016";"Domino de Pingus Psi";"2016";"529.6";"0.75";"706.13";"RÃ¸dvin";"Glass";"14";"5.0438094"
"Vinmonopolet";"165101";"Gilde Juleaquavit 2019";"Gilde Juleaquavit";"2019";"569.9";"1";"569.9";"Aquavit";"Glass";"40";"1.4247501"
"Vinmonopolet";"165102";"Gilde Juleaquavit 2019";"Gilde Juleaquavit";"2019";"304.9";"0.5";"609.8";"Aquavit";"Glass";"40";"1.5245"
"Vinmonopolet";"165801";"Heinrich BlaufrÃ¤nkisch 2016";"Heinrich BlaufrÃ¤nkisch";"2016";"209.9";"0.75";"279.87";"RÃ¸dvin";"Glass";"12.5";"2.2389333"
"Vinmonopolet";"165902";"Vikingfjord Vodka 50%";"Vikingfjord Vodka 50%";"0";"329.9";"0.5";"659.8";"Vodka";"Plast";"50";"1.3196"
"Vinmonopolet";"166801";"Coates & Seely RosÃ©";"Coates & Seely RosÃ©";"0";"369";"0.75";"492";"Musserende vin, rosÃ©";"Glass";"12";"4.1"
"Vinmonopolet";"167502";"Gilde Smaladram";"Gilde Smaladram";"0";"324.9";"0.5";"649.8";"Aquavit";"Glass";"43";"1.5111628"
"Vinmonopolet";"167602";"Gilde Ribbeaquavit";"Gilde Ribbeaquavit";"0";"324.9";"0.5";"649.8";"Aquavit";"Glass";"42";"1.5471429"
"Vinmonopolet";"167801";"Rocca di Castagnoli Stielle Gran Selezione 2014";"Rocca di Castagnoli Stielle Gran Selezione";"2014";"429.9";"0.75";"573.2";"RÃ¸dvin";"Glass";"14";"4.0942855"
"Vinmonopolet";"168102";"Egge GÃ¥rd Akevitt med eple og villkarve 2012";"Egge GÃ¥rd Akevitt med eple og villkarve";"2012";"328.5";"0.5";"657";"Aquavit";"Glass";"40";"1.6425"
"Vinmonopolet";"168301";"Von Buhl Forster Pechstein Riesling Grosse Lage 2017";"Von Buhl Forster Pechstein Riesling Grosse Lage";"2017";"599.9";"0.75";"799.87";"White wine";"Glass";"12.5";"6.3989334"
"Vinmonopolet";"168402";"Frost";"Frost";"0";"208.9";"0.5";"417.8";"LikÃ¸r";"Plast";"20.5";"2.0380487"
"Vinmonopolet";"168701";"Von Buhl Forster KirchenstÃ¼ck Riesling GG 2014";"Von Buhl Forster KirchenstÃ¼ck Riesling GG";"2014";"999";"0.75";"1332";"White wine";"Glass";"13.5";"9.866667"
"Vinmonopolet";"168801";"Von Buhl Forster Ungeheuer Riesling GL 2016";"Von Buhl Forster Ungeheuer Riesling GL";"2016";"439.9";"0.75";"586.53";"White wine";"Glass";"13";"4.511795"
"Vinmonopolet";"169701";"Dom. Huet Vouvray PÃ©tillant Brut 2012";"Dom. Huet Vouvray PÃ©tillant Brut";"2012";"279";"0.75";"372";"Sparkling white wine";"Glass";"12.5";"2.976"
"Vinmonopolet";"170001";"Gramona Imperial Gran Reserva Brut 2014";"Gramona Imperial Gran Reserva Brut";"2014";"299";"0.75";"398.67";"Sparkling wine";"Glass";"12";"3.3222222"
"Vinmonopolet";"170301";"Tenuta di Castellaro Nero Ossidiana 2013";"Tenuta di Castellaro Nero Ossidiana";"2013";"224.9";"0.75";"299.87";"RÃ¸dvin";"Glass";"13.5";"2.2212346"
"Vinmonopolet";"170501";"Montecillo Crianza 2016";"Montecillo Crianza";"2016";"159.9";"0.75";"213.2";"RÃ¸dvin";"Glass";"13.5";"1.5792592"
"Vinmonopolet";"170505";"Montecillo Crianza 2016";"Montecillo Crianza";"2016";"384.9";"1.5";"256.6";"RÃ¸dvin";"Glass";"13.5";"1.9007407"
"Vinmonopolet";"171301";"Giacosa Fratelli Gavi 2016";"Giacosa Fratelli Gavi";"2016";"174.9";"0.75";"233.2";"White wine";"Glass";"13";"1.7938461"
"Vinmonopolet";"172601";"Odoardi Savuto Calabria 2014";"Odoardi Savuto Calabria";"2014";"155";"0.75";"206.67";"RÃ¸dvin";"Glass";"13.5";"1.5308642"
"Vinmonopolet";"173101";"Mastrojanni Brunello di Montalcino 2013";"Mastrojanni Brunello di Montalcino";"2013";"690.2";"0.75";"920.27";"RÃ¸dvin";"Glass";"15";"6.1351113"
"Vinmonopolet";"173201";"Mastrojanni Brunello di Montalcino Vigna Schiena d'Asino 2013";"Mastrojanni Brunello di Montalcino Vigna Schiena d'Asino";"2013";"1099.9";"0.75";"1466.53";"RÃ¸dvin";"Glass";"14";"10.475239"
"Vinmonopolet";"173301";"Mastrojanni Rosso di Montalcino 2018";"Mastrojanni Rosso di Montalcino";"2018";"343.6";"0.75";"458.13";"RÃ¸dvin";"Glass";"14.5";"3.1595402"
"Vinmonopolet";"173401";"Ca'stella Pinot Grigio 2018";"Ca'stella Pinot Grigio";"2018";"194.3";"0.75";"259.07";"White wine";"Glass";"12.5";"2.0725334"
"Vinmonopolet";"173501";"Niepoort Bioma Douro 2015";"Niepoort Bioma Douro";"2015";"289.9";"0.75";"386.53";"RÃ¸dvin";"Glass";"12.5";"3.0922666"
"Vinmonopolet";"176101";"Fontanafredda Silver Barolo 2015";"Fontanafredda Silver Barolo";"2015";"379.9";"0.75";"506.53";"RÃ¸dvin";"Glass";"13.5";"3.7520988"
"Vinmonopolet";"177005";"Montesecondo 2016";"Montesecondo";"2016";"459.9";"1.5";"306.6";"RÃ¸dvin";"Glass";"12";"2.555"
"Vinmonopolet";"177101";"Fatt. di Lucignano Chianti Colli Fiorentini 2016";"Fatt. di Lucignano Chianti Colli Fiorentini";"2016";"199.9";"0.75";"266.53";"RÃ¸dvin";"Glass";"13.5";"1.9743209"
"Vinmonopolet";"177302";"Fattoria di Lucignano Vin Santo 2006";"Fattoria di Lucignano Vin Santo";"2006";"299.9";"0.38";"799.73";"White wine";"Glass";"15";"5.2614036"
"Vinmonopolet";"177701";"Gran Coronas Reserva 2015";"Gran Coronas Reserva";"2015";"159.9";"0.75";"213.2";"RÃ¸dvin";"Glass";"14";"1.5228571"
"Vinmonopolet";"177705";"Gran Coronas Reserva 2013";"Gran Coronas Reserva";"2013";"369.9";"1.5";"246.6";"RÃ¸dvin";"Glass";"14";"1.7614286"
"Vinmonopolet";"180101";"Some Young Punks The Squid's Fist 2017";"Some Young Punks The Squid's Fist";"2017";"224.9";"0.75";"299.87";"RÃ¸dvin";"Glass";"14.2";"2.111737"
"Vinmonopolet";"180201";"Some Young Punks Monsters, Monsters Attack! 2019";"Some Young Punks Monsters, Monsters Attack!";"2019";"199.9";"0.75";"266.53";"White wine";"Glass";"11.4";"2.3380117"
"Vinmonopolet";"180301";"Some Young Punks Passion has Red Lips 2017";"Some Young Punks Passion has Red Lips";"2017";"200";"0.75";"266.67";"RÃ¸dvin";"Glass";"14.5";"1.8390805"
"Vinmonopolet";"185506";"Rosso dei Barbi Toscana";"Rosso dei Barbi Toscana";"0";"489.9";"3";"163.3";"RÃ¸dvin";"Bag-in-box";"12.5";"1.3064"
"Vinmonopolet";"186101";"Castell'in Villa Poggio delle Rose Riserva 2008";"Castell'in Villa Poggio delle Rose Riserva";"2008";"560";"0.75";"746.67";"RÃ¸dvin";"Glass";"14.5";"5.1494255"
"Vinmonopolet";"186105";"Castell'in Villa Poggio delle Rose Riserva 2009";"Castell'in Villa Poggio delle Rose Riserva";"2009";"1260";"1.5";"840";"RÃ¸dvin";"Glass";"14";"6"
"Vinmonopolet";"186201";"Laphroaig Triple wood Single Malt";"Laphroaig Triple wood Single Malt";"0";"674.9";"0.7";"964.14";"Whisky";"Glass";"48";"2.008631"
"Vinmonopolet";"186301";"Castell'in Villa Chianti Classico Riserva 2010";"Castell'in Villa Chianti Classico Riserva";"2010";"799.9";"0.75";"1066.53";"RÃ¸dvin";"Glass";"14";"7.6180954"
"Vinmonopolet";"186402";"Castell'in Villa Vin Santo 1998";"Castell'in Villa Vin Santo";"1998";"769.9";"0.5";"1539.8";"White wine";"Glass";"13";"11.844616"
"Vinmonopolet";"187201";"Jameson Select Reserve Black Barrel";"Jameson Select Reserve Black Barrel";"0";"499.9";"0.7";"714.14";"Whisky";"Glass";"40";"1.7853571"
"Vinmonopolet";"187301";"Croft Original";"Croft Original";"0";"149.9";"0.75";"199.87";"Sherry";"Glass";"17.5";"1.1420952"
"Vinmonopolet";"187601";"Angiolino Maule Merlot 2015";"Angiolino Maule Merlot";"2015";"499.9";"0.75";"666.53";"RÃ¸dvin";"Glass";"14.5";"4.5967817"
"Vinmonopolet";"187701";"Angiolino Maule Pico 2016";"Angiolino Maule Pico";"2016";"319.9";"0.75";"426.53";"White wine";"Glass";"13.5";"3.159506"
"Vinmonopolet";"187801";"Montesecondo TÃ¯n 2015";"Montesecondo TÃ¯n";"2015";"385";"0.75";"513.33";"RÃ¸dvin";"Glass";"14";"3.6666667"
"Vinmonopolet";"187805";"Montesecondo TÃ¯n 2011";"Montesecondo TÃ¯n";"2011";"850";"1.5";"566.67";"RÃ¸dvin";"Glass";"12";"4.7222223"
"Vinmonopolet";"187901";"Montesecondo Chianti Classico 2016";"Montesecondo Chianti Classico";"2016";"269.9";"0.75";"359.87";"RÃ¸dvin";"Glass";"13";"2.7682052"
"Vinmonopolet";"189201";"Allram Heiligenstein Riesling 2018";"Allram Heiligenstein Riesling";"2018";"299.9";"0.75";"399.87";"White wine";"Glass";"13";"3.0758975"
"Vinmonopolet";"191401";"Dom. du Pegau Chateauneuf du Pape Cuvee Reservee 2016";"Dom. du Pegau Chateauneuf du Pape Cuvee Reservee";"2016";"639.9";"0.75";"853.2";"RÃ¸dvin";"Glass";"14.5";"5.884138"
"Vinmonopolet";"191501";"Dom. du Pegau Chateauneuf du Pape Cuvee Laurence 2013";"Dom. du Pegau Chateauneuf du Pape Cuvee Laurence";"2013";"839.9";"0.75";"1119.87";"RÃ¸dvin";"Glass";"14.5";"7.7232184"
"Vinmonopolet";"192601";"Lindeman's Bin 99 Pinot Noir 2018";"Lindeman's Bin 99 Pinot Noir";"2018";"124.9";"0.75";"166.53";"RÃ¸dvin";"Glass";"13.5";"1.2335802"
"Vinmonopolet";"193001";"Manincor Mason Pinot Nero 2016";"Manincor Mason Pinot Nero";"2016";"450.7";"0.75";"600.93";"RÃ¸dvin";"Glass";"13.5";"4.4513583"
"Vinmonopolet";"193901";"Chanson Santenay 2012";"Chanson Santenay";"2012";"448.2";"0.75";"597.6";"RÃ¸dvin";"Glass";"12.5";"4.7808003"
"Vinmonopolet";"194101";"Petit Pissarres 2017";"Petit Pissarres";"2017";"214.9";"0.75";"286.53";"RÃ¸dvin";"Glass";"14.5";"1.9760919"
"Vinmonopolet";"194202";"St Feuillien NÃ¶el";"St Feuillien NÃ¶el";"2017";"65.9";"0.33";"199.7";"Trappist";"Glass";"9";"2.2188551"
"Vinmonopolet";"194405";"St Feuillien NÃ¶el 2017";"St Feuillien NÃ¶el";"2017";"319.9";"1.5";"213.27";"Trappist";"Glass";"9";"2.3696296"
"Vinmonopolet";"195202";"FanÃ¸ Bryghus Julebryg";"FanÃ¸ Bryghus Julebryg";"0";"79.9";"0.5";"159.8";"Special";"Glass";"7.5";"2.1306667"
"Vinmonopolet";"197401";"Gramona III Lustros Gran Reserva 2012";"Gramona III Lustros Gran Reserva";"2012";"399";"0.75";"532";"Sparkling wine";"Glass";"12";"4.4333334"
"Vinmonopolet";"201001";"Smalhans hvitvin 2018";"Smalhans hvitvin";"2018";"158";"0.75";"210.67";"White wine";"Glass";"12";"1.7555555"
"Vinmonopolet";"204401";"Tinto Selecto";"Tinto Selecto";"2018";"119.9";"1";"119.9";"RÃ¸dvin";"Ãvrig";"11.5";"1.0426087"
"Vinmonopolet";"208701";"Glendronach The Hielan' 8 YO";"Glendronach The Hielan' 8 YO";"0";"659.9";"0.7";"942.71";"Whisky";"Glass";"46";"2.049379"
"Vinmonopolet";"209101";"Crasto Superior 2016";"Crasto Superior";"2016";"214.9";"0.75";"286.53";"RÃ¸dvin";"Glass";"13.5";"2.1224692"
"Vinmonopolet";"209301";"Faudot CrÃ©mant du Jura Brut";"Faudot CrÃ©mant du Jura Brut";"0";"229.9";"0.75";"306.53";"Sparkling wine";"Glass";"11.5";"2.665507"
"Vinmonopolet";"216601";"Fetzer Valley Oaks Zinfandel 2018";"Fetzer Valley Oaks Zinfandel";"2018";"126.9";"0.75";"169.2";"RÃ¸dvin";"Glass";"13.5";"1.2533333"
"Vinmonopolet";"222501";"Sieur D'Arques PremiÃ¨re Bulle Brut 2016";"Sieur D'Arques PremiÃ¨re Bulle Brut";"2016";"177.1";"0.75";"236.13";"Sparkling wine";"Glass";"12.5";"1.8890667"
"Vinmonopolet";"222606";"The Crossings Sauvignon Blanc 2019";"The Crossings Sauvignon Blanc";"2019";"479.9";"3";"159.97";"White wine";"Bag-in-box";"11.5";"1.3910145"
"Vinmonopolet";"229601";"Baladin Wayan";"Baladin Wayan";"0";"124.9";"0.75";"166.53";"Saison farmhouse ale";"Glass";"5.8";"2.8712642"
"Vinmonopolet";"230501";"Benromach 10 YO Single Malt";"Benromach 10 YO Single Malt";"0";"797.1";"0.7";"1138.71";"Whisky";"Glass";"43";"2.6481726"
"Vinmonopolet";"232101";"Dom Perignon Brut 2008";"Dom Perignon Brut";"2008";"1549.9";"0.75";"2066.53";"Champagne, brut";"Glass";"12.5";"16.532267"
"Vinmonopolet";"233701";"Masi Bonacosta Valpolicella Classico 2018";"Masi Bonacosta Valpolicella Classico";"2018";"159.9";"0.75";"213.2";"RÃ¸dvin";"Glass";"12";"1.7766666"
"Vinmonopolet";"233702";"Masi Bonacosta Valpolicella Classico 2018";"Masi Bonacosta Valpolicella Classico";"2018";"94.9";"0.38";"253.07";"RÃ¸dvin";"Glass";"12";"2.0811405"
"Vinmonopolet";"237301";"Gordon & MacPhail Speyburn Connoisseurs Choice 1988";"Gordon & MacPhail Speyburn Connoisseurs Choice";"1988";"2906.5";"0.7";"4152.14";"Whisky";"Glass";"43";"9.656146"
"Vinmonopolet";"241001";"Baladin Mielika";"Baladin Mielika";"0";"149.9";"0.75";"199.87";"Special";"Glass";"9";"2.2207406"
"Vinmonopolet";"241102";"EinstÃ¶k Icelandic White Ale";"EinstÃ¶k Icelandic White Ale";"0";"43.9";"0.33";"133.03";"HveteÃ¸l";"Glass";"5.2";"2.5582752"
"Vinmonopolet";"241202";"EinstÃ¶k Icelandic Toasted Porter";"EinstÃ¶k Icelandic Toasted Porter";"0";"49.9";"0.33";"151.21";"Porter and stout";"Glass";"6";"2.520202"
"Vinmonopolet";"241302";"EinstÃ¶k Icelandic Pale Ale";"EinstÃ¶k Icelandic Pale Ale";"0";"44.9";"0.33";"136.06";"Pale ale";"Glass";"5.6";"2.4296536"
"Vinmonopolet";"241402";"EinstÃ¶k Ãlgerd Islandic Doppelbock";"EinstÃ¶k Ãlgerd Islandic Doppelbock";"0";"49.9";"0.33";"151.21";"MÃ¸rk lager";"Glass";"6.7";"2.2568974"
"Vinmonopolet";"241802";"Lenz Moser Prestige Trockenbeerenauslese 2015";"Lenz Moser Prestige Trockenbeerenauslese";"2015";"184.9";"0.38";"493.07";"White wine";"Glass";"9";"5.4064326"
"Vinmonopolet";"242801";"Canaletto Chianti 2017";"Canaletto Chianti";"2017";"149.9";"0.75";"199.87";"RÃ¸dvin";"Glass";"12.5";"1.5989332"
"Vinmonopolet";"242901";"Medalla Real Cabernet Sauvignon 2012";"Medalla Real Cabernet Sauvignon";"2012";"229.9";"0.75";"306.53";"RÃ¸dvin";"Glass";"14";"2.1895237"
"Vinmonopolet";"243401";"Hardy Noces de Perle";"Hardy Noces de Perle";"0";"6500";"0.7";"9285.71";"Grape spirit";"Glass";"40";"23.214287"
"Vinmonopolet";"243601";"Heidegeist";"Heidegeist";"0";"654";"0.7";"934.29";"Other spirit";"Glass";"50";"1.8685715"
"Vinmonopolet";"243901";"Wagner-Stempel Siefersheimer Heerkretz Riesling Trocken GG 2017";"Wagner-Stempel Siefersheimer Heerkretz Riesling Trocken GG";"2017";"426";"0.75";"568";"White wine";"Glass";"13";"4.3692307"
"Vinmonopolet";"244201";"Casetta Barolo Villalta 2012";"Casetta Barolo Villalta";"2012";"265.2";"0.75";"353.6";"RÃ¸dvin";"Glass";"13.5";"2.6192594"
"Vinmonopolet";"244506";"MÃ¼stique Riesling Kabinett 2017";"MÃ¼stique Riesling Kabinett";"2017";"349.9";"3";"116.63";"White wine";"Bag-in-box";"8.5";"1.3721569"
"Vinmonopolet";"246001";"Ron Zacapa Xo";"Ron Zacapa Xo";"0";"1199.9";"0.7";"1714.14";"Rum";"Glass";"40";"4.2853575"
"Vinmonopolet";"246601";"White Horse Fine Old";"White Horse Fine Old";"0";"339.9";"0.7";"485.57";"Whisky";"Glass";"40";"1.2139286"
"Vinmonopolet";"247301";"Kalinka";"Kalinka";"0";"294.9";"0.7";"421.29";"Vodka";"Glass";"37.5";"1.1234286"
"Vinmonopolet";"247401";"Amundsen Arctic Vodka";"Amundsen Arctic Vodka";"0";"314.9";"0.7";"449.86";"Vodka";"Glass";"37.5";"1.199619"
"Vinmonopolet";"247402";"Amundsen Arctic Vodka";"Amundsen Arctic Vodka";"0";"189.9";"0.35";"542.57";"Vodka";"Glass";"37.5";"1.4468571"
"Vinmonopolet";"247601";"Golden Cock";"Golden Cock";"0";"329.9";"0.7";"471.29";"Gin";"Glass";"38";"1.2402256"
"Vinmonopolet";"248101";"Gilde Taffel";"Gilde Taffel";"0";"364.9";"0.7";"521.29";"Aquavit";"Glass";"37.5";"1.3900952"
"Vinmonopolet";"248201";"LÃ¸iten ***";"LÃ¸iten ***";"0";"369.9";"0.7";"528.43";"Aquavit";"Glass";"40";"1.3210714"
"Vinmonopolet";"248202";"LÃ¸iten ***";"LÃ¸iten ***";"0";"199.9";"0.35";"571.14";"Aquavit";"Glass";"40";"1.4278572"
"Vinmonopolet";"251702";"Schouskjelleren Empress of India";"Schouskjelleren Empress of India";"0";"74";"0.5";"148";"India pale ale";"Glass";"6.5";"2.2769232"
"Vinmonopolet";"254101";"Esencia Rural Pampaneo Tempranillo Natural 2016";"Esencia Rural Pampaneo Tempranillo Natural";"2016";"210";"0.75";"280";"RÃ¸dvin";"Glass";"13.5";"2.074074"
"Vinmonopolet";"254501";"Lindeman's Bin 65 Chardonnay 2019";"Lindeman's Bin 65 Chardonnay";"2019";"124.9";"0.75";"166.53";"White wine";"Glass";"13.5";"1.2335802"
"Vinmonopolet";"254502";"Lindeman's Bin 65 Chardonnay 2019";"Lindeman's Bin 65 Chardonnay";"2019";"69.9";"0.38";"186.4";"White wine";"Glass";"13.5";"1.3625731"
"Vinmonopolet";"254506";"Lindeman's Bin 65 Chardonnay 2018";"Lindeman's Bin 65 Chardonnay";"2018";"409.9";"3";"136.63";"White wine";"Bag-in-box";"13.5";"1.0120988"
"Vinmonopolet";"256101";"Pol Roger Brut Vintage 2012";"Pol Roger Brut Vintage";"2012";"625";"0.75";"833.33";"Champagne, brut";"Glass";"12.5";"6.6666665"
"Vinmonopolet";"256801";"Clan! Destino";"Clan! Destino";"0";"149.9";"0.75";"199.87";"Light ale";"Glass";"5";"3.9973333"
"Vinmonopolet";"256901";"Camillo Donati Trebbiano 2018";"Camillo Donati Trebbiano";"2018";"239.9";"0.75";"319.87";"Sparkling white wine";"Glass";"10.5";"3.046349"
"Vinmonopolet";"257101";"Koskenkorva";"Koskenkorva";"0";"329.9";"0.7";"471.29";"Vodka";"Glass";"37.5";"1.2567619"
"Vinmonopolet";"257201";"Smalhans rÃ¸dvin 2017";"Smalhans rÃ¸dvin";"2017";"158";"0.75";"210.67";"RÃ¸dvin";"Glass";"12.5";"1.6853334"
"Vinmonopolet";"257301";"Camillo Donati Rosso della Bandita 2018";"Camillo Donati Rosso della Bandita";"2018";"239.9";"0.75";"319.87";"Perlende vin, rÃ¸d";"Glass";"12";"2.6655555"
"Vinmonopolet";"257401";"Captain Morgan Black Label";"Captain Morgan Black Label";"0";"349.9";"0.7";"499.86";"Rum";"Glass";"40";"1.2496428"
"Vinmonopolet";"257402";"Captain Morgan Black Label";"Captain Morgan Black Label";"0";"274.9";"0.5";"549.8";"Rum";"Glass";"40";"1.3744999"
"Vinmonopolet";"258101";"Penfolds Koonunga Hill Chardonnay 2018";"Penfolds Koonunga Hill Chardonnay";"2018";"139.9";"0.75";"186.53";"White wine";"Glass";"12.5";"1.4922667"
"Vinmonopolet";"258201";"Roche Fleurie Vouvray 2017";"Roche Fleurie Vouvray";"2017";"149.9";"0.75";"199.87";"White wine";"Glass";"11.5";"1.737971"
"Vinmonopolet";"258501";"Single de Samalens Bas-Armagnac 15 YO";"Single de Samalens Bas-Armagnac 15 YO";"0";"780";"0.7";"1114.29";"Grape spirit";"Glass";"40";"2.7857144"
"Vinmonopolet";"258801";"Single de Samalens Bas-Armagnac 12 YO";"Single de Samalens Bas-Armagnac 12 YO";"0";"680";"0.7";"971.43";"Grape spirit";"Glass";"40";"2.4285715"
"Vinmonopolet";"260501";"Casillero del Diablo Cabernet Sauvignon 2018";"Casillero del Diablo Cabernet Sauvignon";"2018";"114.9";"0.75";"153.2";"RÃ¸dvin";"Glass";"12.5";"1.2256"
"Vinmonopolet";"260502";"Casillero del Diablo Cabernet Sauvignon 2018";"Casillero del Diablo Cabernet Sauvignon";"2018";"68.9";"0.38";"183.73";"RÃ¸dvin";"Glass";"12.5";"1.4505264"
"Vinmonopolet";"260701";"Reins Kloster";"Reins Kloster";"0";"499.9";"0.7";"714.14";"Aquavit";"Glass";"40";"1.7853571"
"Vinmonopolet";"262202";"Lenz Moser Prestige Beerenauslese 2015";"Lenz Moser Prestige Beerenauslese";"2015";"159.9";"0.38";"426.4";"White wine";"Glass";"10";"4.207895"
"Vinmonopolet";"264201";"Tariquet LÂ´Armagnac du Centenaire";"Tariquet LÂ´Armagnac du Centenaire";"0";"1849.9";"0.7";"2642.71";"Grape spirit";"Glass";"53.5";"4.939653"
"Vinmonopolet";"264701";"GÃ©las Bas-Armagnac 40 ans";"GÃ©las Bas-Armagnac 40 ans";"0";"1289.5";"0.7";"1842.14";"Grape spirit";"Glass";"40";"4.605357"
"Vinmonopolet";"266901";"Bacardi Carta Blanca";"Bacardi Carta Blanca";"0";"359.9";"0.7";"514.14";"Rum";"Glass";"37.5";"1.3710476"
"Vinmonopolet";"266902";"Bacardi Carta Blanca";"Bacardi Carta Blanca";"0";"207.9";"0.35";"594";"Rum";"Glass";"37.5";"1.584"
"Vinmonopolet";"267001";"Barranco Oscuro Rubaiyat 2013";"Barranco Oscuro Rubaiyat";"2013";"346.5";"0.75";"462";"RÃ¸dvin";"Glass";"15";"3.08"
"Vinmonopolet";"267201";"Barranco Oscuro Garnata 2012";"Barranco Oscuro Garnata";"2012";"380";"0.75";"506.67";"RÃ¸dvin";"Glass";"15";"3.3777778"
"Vinmonopolet";"267301";"Barranco Oscuro Brut Nature 2015";"Barranco Oscuro Brut Nature";"2015";"330";"0.75";"440";"Sparkling wine";"Glass";"12";"3.6666667"
"Vinmonopolet";"267401";"Ariyanas Tinto de Ensamblaje 2013";"Ariyanas Tinto de Ensamblaje";"2013";"345";"0.75";"460";"RÃ¸dvin";"Glass";"13.5";"3.4074075"
"Vinmonopolet";"267502";"Ariyanas David Tinto Dulce 2017";"Ariyanas David Tinto Dulce";"2017";"255";"0.38";"680";"RÃ¸dvin";"Glass";"12.5";"5.368421"
"Vinmonopolet";"271601";"Santa Carolina Cabernet Sauvignon Reserva 2018";"Santa Carolina Cabernet Sauvignon Reserva";"2018";"137.9";"0.75";"183.87";"RÃ¸dvin";"Glass";"13.5";"1.3619752"
"Vinmonopolet";"271801";"Santa Rita 120 Cabernet Sauvignon 2018";"Santa Rita 120 Cabernet Sauvignon";"2018";"124.9";"0.75";"166.53";"RÃ¸dvin";"Glass";"13";"1.2810256"
"Vinmonopolet";"272605";"Ch. de Segries 2016";"Ch. de Segries";"2016";"409.9";"1.5";"273.27";"RÃ¸dvin";"Glass";"14.5";"1.8845977"
"Vinmonopolet";"272901";"Nottage Hill Cabernet Sauvignon Shiraz 2018";"Nottage Hill Cabernet Sauvignon Shiraz";"2018";"149.9";"0.75";"199.87";"RÃ¸dvin";"Glass";"14";"1.427619"
"Vinmonopolet";"273605";"Van Volxem Saar Riesling 2017";"Van Volxem Saar Riesling";"2017";"469";"1.5";"312.67";"White wine";"Glass";"12";"2.6055555"
"Vinmonopolet";"274101";"Bokma Oude Friesche";"Bokma Oude Friesche";"0";"329.9";"0.7";"471.29";"Genever";"Glass";"38";"1.2402256"
"Vinmonopolet";"274201";"Baileys Original Irish Cream";"Baileys Original Irish Cream";"0";"244.9";"0.7";"349.86";"LikÃ¸r";"Glass";"17";"2.0579832"
"Vinmonopolet";"274202";"Baileys Original Irish Cream";"Baileys Original Irish Cream";"0";"129.9";"0.35";"371.14";"LikÃ¸r";"Glass";"17";"2.1831932"
"Vinmonopolet";"274205";"Baileys Original Irish Cream";"Baileys Original Irish Cream";"0";"489.9";"1.5";"326.6";"LikÃ¸r";"Glass";"17";"1.9211764"
"Vinmonopolet";"274701";"Dalzocchio Pinot Nero 2015";"Dalzocchio Pinot Nero";"2015";"359";"0.75";"478.67";"RÃ¸dvin";"Glass";"12.5";"3.8293333"
"Vinmonopolet";"276101";"Greywacke Pinot Noir 2017";"Greywacke Pinot Noir";"2017";"339.9";"0.75";"453.2";"RÃ¸dvin";"Glass";"13.5";"3.357037"
"Vinmonopolet";"276301";"Wyborowa";"Wyborowa";"0";"334.9";"0.7";"478.43";"Vodka";"Glass";"37.5";"1.2758095"
"Vinmonopolet";"277901";"Torres 10 Imperial Gran Reserva";"Torres 10 Imperial Gran Reserva";"0";"339.9";"0.7";"485.57";"Grape spirit";"Glass";"38";"1.2778195"
"Vinmonopolet";"277902";"Torres 10 Imperial Gran Reserva";"Torres 10 Imperial Gran Reserva";"0";"199.9";"0.35";"571.14";"Grape spirit";"Glass";"38";"1.5030075"
"Vinmonopolet";"279201";"Villa Antinori 2016";"Villa Antinori";"2016";"199";"0.75";"265.33";"RÃ¸dvin";"Glass";"13.5";"1.965432"
"Vinmonopolet";"279202";"Villa Antinori 2016";"Villa Antinori";"2016";"119.9";"0.38";"319.73";"RÃ¸dvin";"Glass";"13.5";"2.337232"
"Vinmonopolet";"279205";"Villa Antinori 2016";"Villa Antinori";"2016";"489";"1.5";"326";"RÃ¸dvin";"Glass";"13.5";"2.4148147"
"Vinmonopolet";"279301";"Desierto de Azul y Garanza 2016";"Desierto de Azul y Garanza";"2016";"479.9";"0.75";"639.87";"RÃ¸dvin";"Glass";"14.5";"4.4128737"
"Vinmonopolet";"279601";"Glengoyne 12 YO";"Glengoyne 12 YO";"0";"749.9";"0.7";"1071.29";"Whisky";"Glass";"43";"2.4913623"
"Vinmonopolet";"280001";"Glengoyne Cask Strenght";"Glengoyne Cask Strenght";"0";"989.9";"0.7";"1414.14";"Whisky";"Glass";"59.8";"2.3647876"
"Vinmonopolet";"280701";"ClÃ©ment Liqueur CrÃ©ole Shrubb Orange Martinique";"ClÃ©ment Liqueur CrÃ©ole Shrubb Orange Martinique";"0";"463";"0.7";"661.43";"LikÃ¸r";"Glass";"40";"1.6535715"
"Vinmonopolet";"281801";"Mas la Plana Cabernet Sauvignon 2015";"Mas la Plana Cabernet Sauvignon";"2015";"499.9";"0.75";"666.53";"RÃ¸dvin";"Glass";"14.5";"4.5967817"
"Vinmonopolet";"281901";"Lunae Bosoni Lvnae Colli di Luni Vermentino 2017";"Lunae Bosoni Lvnae Colli di Luni Vermentino";"2017";"237.9";"0.75";"317.2";"White wine";"Glass";"13";"2.4399998"
"Vinmonopolet";"282001";"Malibu";"Malibu";"0";"269.9";"0.7";"385.57";"Other spirit";"Glass";"21";"1.8360544"
"Vinmonopolet";"282101";"Patrick Baudouin Effusion 2018";"Patrick Baudouin Effusion";"2018";"299.9";"0.75";"399.87";"White wine";"Glass";"14";"2.8561904"
"Vinmonopolet";"282501";"Ch. Bonnet 2018";"Ch. Bonnet";"2018";"151.9";"0.75";"202.53";"White wine";"Glass";"12.5";"1.6202666"
"Vinmonopolet";"282502";"Ch. Bonnet 2018";"Ch. Bonnet";"2018";"82.9";"0.38";"221.07";"White wine";"Glass";"12.5";"1.7452632"
"Vinmonopolet";"282601";"Patrick Baudouin SavenniÃ¨res 2015";"Patrick Baudouin SavenniÃ¨res";"2015";"359.9";"0.75";"479.87";"White wine";"Glass";"12.5";"3.8389332"
"Vinmonopolet";"282801";"Gilbey's Special Dry Gin";"Gilbey's Special Dry Gin";"0";"299.9";"0.7";"428.43";"Gin";"Glass";"37.5";"1.1424762"
"Vinmonopolet";"283101";"Hugel Pinot Blanc CuvÃ©e les Amours 2014";"Hugel Pinot Blanc CuvÃ©e les Amours";"2014";"229.5";"0.75";"306";"White wine";"Glass";"12.5";"2.448"
"Vinmonopolet";"283801";"Ch. Laroque 2015";"Ch. Laroque";"2015";"389.9";"0.75";"519.87";"RÃ¸dvin";"Glass";"14.5";"3.5852873"
"Vinmonopolet";"283805";"Ch. Larqoue 2011";"Ch. Larqoue";"2011";"799.9";"1.5";"533.27";"RÃ¸dvin";"Glass";"13.5";"3.9501235"
"Vinmonopolet";"285101";"Freixenet Brut Nature 2016";"Freixenet Brut Nature";"2016";"156.9";"0.75";"209.2";"Sparkling wine";"Glass";"12";"1.7433332"
"Vinmonopolet";"285105";"Freixenet Brut Nature 2008";"Freixenet Brut Nature";"2008";"369";"1.5";"246";"Sparkling wine";"Glass";"12";"2.05"
"Vinmonopolet";"285201";"Ouzo of Plomari";"Ouzo of Plomari";"0";"409.9";"0.7";"585.57";"Other spirit";"Glass";"40";"1.4639286"
"Vinmonopolet";"286601";"Santa Carolina Chardonnay 2019";"Santa Carolina Chardonnay";"2019";"118.9";"0.75";"158.53";"White wine";"Glass";"13";"1.2194872"
"Vinmonopolet";"287401";"Villa Poggio Salvi Brunello di Montalcino 2014";"Villa Poggio Salvi Brunello di Montalcino";"2014";"439.9";"0.75";"586.53";"RÃ¸dvin";"Glass";"14";"4.1895237"
"Vinmonopolet";"287601";"Villa Poggio Salvi Tosco 2018";"Villa Poggio Salvi Tosco";"2018";"169.9";"0.75";"226.53";"RÃ¸dvin";"Glass";"13.5";"1.6780246"
"Vinmonopolet";"288001";"Baron de L 2017";"Baron de L";"2017";"779.5";"0.75";"1039.33";"White wine";"Glass";"12.5";"8.314667"
"Vinmonopolet";"288201";"Vietti Perbacco Langhe Nebbiolo 2017";"Vietti Perbacco Langhe Nebbiolo";"2017";"289.9";"0.75";"386.53";"RÃ¸dvin";"Glass";"14";"2.7609522"
"Vinmonopolet";"288701";"Juillot Mercurey Clos Tonnerre 2018";"Juillot Mercurey Clos Tonnerre";"2018";"359.9";"0.75";"479.87";"RÃ¸dvin";"Glass";"13";"3.691282"
"Vinmonopolet";"289501";"Jacob's Creek Riesling 2019";"Jacob's Creek Riesling";"2019";"116.9";"0.75";"155.87";"White wine";"Glass";"11.8";"1.3209039"
"Vinmonopolet";"289902";"Lapponia Lakka";"Lapponia Lakka";"0";"189.9";"0.5";"379.8";"LikÃ¸r";"Glass";"21";"1.8085713"
"Vinmonopolet";"290301";"Highland Queen";"Highland Queen";"0";"327.9";"0.7";"468.43";"Whisky";"Glass";"40";"1.1710714"
"Vinmonopolet";"290904";"Cellier des Dauphins";"Cellier des Dauphins";"0";"54.9";"0.25";"219.6";"White wine";"Glass";"12";"1.83"
"Vinmonopolet";"292701";"Pellegrino Marsala Superiore Dolce";"Pellegrino Marsala Superiore Dolce";"2017";"194.9";"0.75";"259.87";"Fortified wine";"Glass";"18";"1.4437037"
"Vinmonopolet";"293401";"Giacomo Conterno Barbera d'Alba Cascina Francia 2017";"Giacomo Conterno Barbera d'Alba Cascina Francia";"2017";"599.8";"0.75";"799.73";"RÃ¸dvin";"Glass";"15.5";"5.1595697"
"Vinmonopolet";"293601";"Conterno Barbera d'Alba Cerretta 2017";"Conterno Barbera d'Alba Cerretta";"2017";"699.9";"0.75";"933.2";"RÃ¸dvin";"Glass";"15.5";"6.020645"
"Vinmonopolet";"294201";"Joseph Drouhin Bourgogne Pinot Noir LaforÃªt 2017";"Joseph Drouhin Bourgogne Pinot Noir LaforÃªt";"2017";"219";"0.75";"292";"RÃ¸dvin";"Glass";"13.5";"2.162963"
"Vinmonopolet";"294401";"G.H. Mumm Cordon Rouge Brut";"G.H. Mumm Cordon Rouge Brut";"0";"379.9";"0.75";"506.53";"Champagne, brut";"Glass";"12";"4.221111"
"Vinmonopolet";"295001";"Samuel Billaud Chablis Premier Cru MontÃ©e de Tonnerre 2016";"Samuel Billaud Chablis Premier Cru MontÃ©e de Tonnerre";"2016";"449.9";"0.75";"599.87";"White wine";"Glass";"13";"4.614359"
"Vinmonopolet";"295101";"Hirsch Chardonnay 2016";"Hirsch Chardonnay";"2016";"689.9";"0.75";"919.87";"White wine";"Glass";"12.9";"7.1307497"
"Vinmonopolet";"295301";"Gato Negro Cabernet Sauvignon 2019";"Gato Negro Cabernet Sauvignon";"2019";"104.9";"0.75";"139.87";"RÃ¸dvin";"Glass";"11";"1.2715151"
"Vinmonopolet";"295302";"Gato Negro Cabernet Sauvignon 2019";"Gato Negro Cabernet Sauvignon";"2019";"62.9";"0.38";"167.73";"RÃ¸dvin";"Glass";"11";"1.5047847"
"Vinmonopolet";"295306";"Gato Negro Cabernet Sauvignon 2019";"Gato Negro Cabernet Sauvignon";"2019";"359.9";"3";"119.97";"RÃ¸dvin";"Bag-in-box";"11";"1.0906061"
"Vinmonopolet";"295501";"Hirsch East Ridge Pinot Noir 2016";"Hirsch East Ridge Pinot Noir";"2016";"829.9";"0.75";"1106.53";"RÃ¸dvin";"Glass";"12";"9.221111"
"Vinmonopolet";"295601";"San ValentÃ­n 2018";"San ValentÃ­n";"2018";"114.9";"0.75";"153.2";"White wine";"Glass";"11";"1.3927273"
"Vinmonopolet";"295602";"San ValentÃ­n 2019";"San ValentÃ­n";"2019";"64.9";"0.38";"173.07";"White wine";"Glass";"11.5";"1.4851259"
"Vinmonopolet";"295801";"Hirsch Pinot Noir Reserve 2014";"Hirsch Pinot Noir Reserve";"2014";"829.9";"0.75";"1106.53";"RÃ¸dvin";"Glass";"13.1";"8.446819"
"Vinmonopolet";"296001";"Hirsch West Ridge Pinot Noir 2016";"Hirsch West Ridge Pinot Noir";"2016";"819.9";"0.75";"1093.2";"RÃ¸dvin";"Glass";"12.6";"8.67619"
"Vinmonopolet";"298501";"Koskenkorva 60%";"Koskenkorva 60%";"0";"469.9";"0.7";"671.29";"Vodka";"Glass";"60";"1.1188096"
"Vinmonopolet";"298502";"Koskenkorva 60%";"Koskenkorva 60%";"0";"359.9";"0.5";"719.8";"Vodka";"Plast";"60";"1.1996666"
"Vinmonopolet";"298601";"Ruinart Brut";"Ruinart Brut";"0";"519.9";"0.75";"693.2";"Champagne, brut";"Glass";"12";"5.776667"
"Vinmonopolet";"298602";"Ruinart Brut";"Ruinart Brut";"0";"279.9";"0.38";"746.4";"Champagne, brut";"Glass";"12";"6.138158"
"Vinmonopolet";"298605";"R de Ruinart Brut";"R de Ruinart Brut";"0";"1139.9";"1.5";"759.93";"Champagne, brut";"Glass";"12";"6.332778"
"Vinmonopolet";"299101";"Sangre de Toro 2018";"Sangre de Toro";"2018";"124.9";"0.75";"166.53";"RÃ¸dvin";"Glass";"12";"1.3877778"
"Vinmonopolet";"299201";"ViÃ±a Alberdi Reserva 2014";"ViÃ±a Alberdi Reserva";"2014";"219.9";"0.75";"293.2";"RÃ¸dvin";"Glass";"14.5";"2.022069"
"Vinmonopolet";"299401";"Campagnola Amarone della Valpolicella Classico 2014";"Campagnola Amarone della Valpolicella Classico";"2014";"289";"0.75";"385.33";"RÃ¸dvin";"Glass";"15";"2.568889"
"Vinmonopolet";"299601";"Dopff & Irion CuvÃ©e RenÃ© Dopff Riesling 2018";"Dopff & Irion CuvÃ©e RenÃ© Dopff Riesling";"2018";"174.9";"0.75";"233.2";"White wine";"Glass";"11.5";"2.027826"
"Vinmonopolet";"304302";"Baladin XyauyÃ¹ Barrel";"Baladin XyauyÃ¹ Barrel";"2014";"389.9";"0.5";"779.8";"Barley wine	";"Glass";"14";"5.5699997"
"Vinmonopolet";"304502";"Baladin XyauyÃ¹ FumÃ¨";"Baladin XyauyÃ¹ FumÃ¨";"2014";"389.9";"0.5";"779.8";"Barley wine	";"Glass";"14";"5.5699997"
"Vinmonopolet";"304702";"Baladin XyauyÃ¹";"Baladin XyauyÃ¹";"2014";"319.9";"0.5";"639.8";"Barley wine	";"Glass";"14";"4.5699997"
"Vinmonopolet";"308101";"Villabella Soave Classico 2017";"Villabella Soave Classico";"2017";"169.9";"0.75";"226.53";"White wine";"Glass";"12.5";"1.8122666"
"Vinmonopolet";"308401";"Scarzello Barolo 2013";"Scarzello Barolo";"2013";"515";"0.75";"686.67";"RÃ¸dvin";"Glass";"14";"4.904762"
"Vinmonopolet";"308901";"Lions de Ch. Suduiraut 2011";"Lions de Ch. Suduiraut";"2011";"325";"0.75";"433.33";"White wine";"Glass";"13.5";"3.2098765"
"Vinmonopolet";"309001";"Zarate AlbariÃ±o 2018";"Zarate AlbariÃ±o";"2018";"232";"0.75";"309.33";"White wine";"Glass";"13";"2.3794873"
"Vinmonopolet";"310301";"Cocoon Zinfandel 2018";"Cocoon Zinfandel";"2018";"135";"0.75";"180";"RÃ¸dvin";"Glass";"13.5";"1.3333334"
"Vinmonopolet";"311701";"Fairview Nurok 2011";"Fairview Nurok";"2011";"239.9";"0.75";"319.87";"White wine";"Glass";"13";"2.4605129"
"Vinmonopolet";"312101";"Lieubeau Ch. ThÃ©baud LâAulnaye Muscadet SÃ¨vre et Maine 2015";"Lieubeau Ch. ThÃ©baud LâAulnaye Muscadet SÃ¨vre et Maine";"2015";"238";"0.75";"317.33";"White wine";"Glass";"12";"2.6444445"
"Vinmonopolet";"312501";"Jons Utvalgte XO 7.Underdrivelse PC Vallein-Tercinier";"Jons Utvalgte XO 7.Underdrivelse PC Vallein-Tercinier";"0";"1955";"0.7";"2792.86";"Grape spirit";"Glass";"55";"5.0779223"
"Vinmonopolet";"312601";"Jons Utvalgte XO 9. Underdrivelse GC Jean Fillioux";"Jons Utvalgte XO 9. Underdrivelse GC Jean Fillioux";"0";"1330";"0.7";"1900";"Grape spirit";"Glass";"56.1";"3.3868093"
"Vinmonopolet";"312901";"Jons Utvalgte XO 8. underdrivelse J.Normandin-Mercier";"Jons Utvalgte XO 8. underdrivelse J.Normandin-Mercier";"0";"1649.5";"0.7";"2356.43";"Grape spirit";"Glass";"42.4";"5.5576143"
"Vinmonopolet";"313601";"Foillard Morgon CuvÃ©e Corcelette 2017";"Foillard Morgon CuvÃ©e Corcelette";"2017";"374.9";"0.75";"499.87";"RÃ¸dvin";"Glass";"14";"3.570476"
"Vinmonopolet";"314101";"Dagueneau Pouilly-FumÃ© 2018";"Dagueneau Pouilly-FumÃ©";"2018";"200";"0.75";"266.67";"White wine";"Glass";"12";"2.2222223"
"Vinmonopolet";"315201";"Dr. Loosen Wehlener Sonnenuhr Riesling Kabinett 2018";"Dr. Loosen Wehlener Sonnenuhr Riesling Kabinett";"2018";"175";"0.75";"233.33";"White wine";"Glass";"9";"2.5925925"
"Vinmonopolet";"315501";"Plantation 3 stars";"Plantation 3 stars";"0";"399.9";"0.7";"571.29";"Rum";"Glass";"41.2";"1.3866158"
"Vinmonopolet";"316301";"The Crossings Sauvignon Blanc 2019";"The Crossings Sauvignon Blanc";"2019";"139.9";"0.75";"186.53";"White wine";"Glass";"12.5";"1.4922667"
"Vinmonopolet";"316501";"Signorelli Valpolicella Ripasso Superiore 2016";"Signorelli Valpolicella Ripasso Superiore";"2016";"159";"0.75";"212";"RÃ¸dvin";"Glass";"13.5";"1.5703703"
"Vinmonopolet";"318801";"J.Normandin-Mercier Pineau des Charentes RosÃ©";"J.Normandin-Mercier Pineau des Charentes RosÃ©";"0";"255";"0.75";"340";"Fortified wine";"Glass";"17";"2"
"Vinmonopolet";"318901";"J.Normandin-Mercier Pineau des Charentes Blanc";"J.Normandin-Mercier Pineau des Charentes Blanc";"0";"360.1";"0.75";"480.13";"Fortified wine";"Glass";"17";"2.8243139"
"Vinmonopolet";"319002";"Dupont Pome 1998";"Dupont Pome";"1998";"199.9";"0.38";"533.07";"Fruit wine";"Glass";"17";"3.094427"
"Vinmonopolet";"319701";"Croix de Beaucaillou 2008";"Croix de Beaucaillou";"2008";"512";"0.75";"682.67";"RÃ¸dvin";"Glass";"13";"5.251282"
"Vinmonopolet";"319802";"Bordelet PoirÃ© de Glace 2013";"Bordelet PoirÃ© de Glace";"2013";"475.1";"0.5";"950.2";"Cider";"Glass";"7.5";"12.669333"
"Vinmonopolet";"320501";"Sartarelli Balciana Verdicchio dei Castelli di Jesi Classico Superiore 2016";"Sartarelli Balciana Verdicchio dei Castelli di Jesi Classico Superiore";"2016";"326.9";"0.75";"435.87";"White wine";"Glass";"15.5";"2.812043"
"Vinmonopolet";"320701";"Ch. Climens 2007";"Ch. Climens";"2007";"1360";"0.75";"1813.33";"White wine";"Glass";"14.5";"12.505747"
"Vinmonopolet";"320801";"Ch. Climens 2006";"Ch. Climens";"2006";"939";"0.75";"1252";"White wine";"Glass";"14.5";"8.634482"
"Vinmonopolet";"324604";"Churchill's Reserve Port";"Churchill's Reserve Port";"0";"84.9";"0.2";"424.5";"Port wine";"Glass";"19.5";"2.176923"
"Vinmonopolet";"325401";"Haldenkanalen VSOP";"Haldenkanalen VSOP";"0";"599.9";"0.7";"857";"Grape spirit";"Glass";"40";"2.1425002"
"Vinmonopolet";"325801";"Bonpas ChÃ¢teauneuf-du-Pape Bonus Passus 2017";"Bonpas ChÃ¢teauneuf-du-Pape Bonus Passus";"2017";"399.9";"0.75";"533.2";"RÃ¸dvin";"Glass";"14.5";"3.6772413"
"Vinmonopolet";"326001";"Antiguas Reservas Cabernet Sauvignon 2016";"Antiguas Reservas Cabernet Sauvignon";"2016";"218.5";"0.75";"291.33";"RÃ¸dvin";"Glass";"14";"2.0809524"
"Vinmonopolet";"331601";"Astoria Casa Vittorino Valdobbiadene Prosecco Superiore 2016";"Astoria Casa Vittorino Valdobbiadene Prosecco Superiore";"2016";"199.9";"0.75";"266.53";"Sparkling wine";"Glass";"11.5";"2.317681"
"Vinmonopolet";"331605";"Astoria Casa Vittorino Valdobbiadene Prosecco Superiore 2017";"Astoria Casa Vittorino Valdobbiadene Prosecco Superiore";"2017";"369.9";"1.5";"246.6";"Sparkling wine";"Glass";"11.5";"2.144348"
"Vinmonopolet";"333901";"Masi Campofiorin 2016";"Masi Campofiorin";"2016";"179.9";"0.75";"239.87";"RÃ¸dvin";"Glass";"13";"1.8451282"
"Vinmonopolet";"333902";"Masi Campofiorin 2016";"Masi Campofiorin";"2016";"104.9";"0.38";"279.73";"RÃ¸dvin";"Glass";"13";"2.1234818"
"Vinmonopolet";"333905";"Masi Campofiorin 2015";"Masi Campofiorin";"2015";"389.9";"1.5";"259.93";"RÃ¸dvin";"Glass";"13";"1.9994872"
"Vinmonopolet";"334201";"Mullineux White Blend 2017";"Mullineux White Blend";"2017";"300";"0.75";"400";"White wine";"Glass";"13.5";"2.9629629"
"Vinmonopolet";"334301";"Piper-Heidsieck Brut";"Piper-Heidsieck Brut";"0";"429.9";"0.75";"573.2";"Champagne, brut";"Glass";"12";"4.7766666"
"Vinmonopolet";"334401";"LÃ©once Bocquet CrÃ©mant de Bourgogne Brut";"LÃ©once Bocquet CrÃ©mant de Bourgogne Brut";"0";"154.9";"0.75";"206.53";"Sparkling wine";"Glass";"12";"1.721111"
"Vinmonopolet";"342101";"Mullineux Syrah 2016";"Mullineux Syrah";"2016";"324";"0.75";"432";"RÃ¸dvin";"Glass";"14";"3.0857143"
"Vinmonopolet";"344401";"Campo Viejo Reserva 2015";"Campo Viejo Reserva";"2015";"149.9";"0.75";"199.87";"RÃ¸dvin";"Glass";"14";"1.427619"
"Vinmonopolet";"345201";"DomÃ¬ni Veneti Vigneti di Jago Amarone della Valpolicella 2012";"DomÃ¬ni Veneti Vigneti di Jago Amarone della Valpolicella";"2012";"450";"0.75";"600";"RÃ¸dvin";"Glass";"16.5";"3.6363637"
"Vinmonopolet";"345501";"Tobacco Road Moscato 2018";"Tobacco Road Moscato";"2018";"99.9";"0.75";"133.2";"Sparkling white wine";"Glass";"6.5";"2.0492308"
"Vinmonopolet";"346001";"Barbi Brunello di Montalcino 2014";"Barbi Brunello di Montalcino";"2014";"439.9";"0.75";"586.53";"RÃ¸dvin";"Glass";"14.5";"4.0450573"
"Vinmonopolet";"346301";"ViÃ±a Arana Reserva 2011";"ViÃ±a Arana Reserva";"2011";"224.9";"0.75";"299.87";"RÃ¸dvin";"Glass";"13.5";"2.2212346"
"Vinmonopolet";"346401";"Campagnola Valpolicella Ripasso 2015";"Campagnola Valpolicella Ripasso";"2015";"199";"0.75";"265.33";"RÃ¸dvin";"Glass";"13.5";"1.965432"
"Vinmonopolet";"347201";"Othegraven Wiltinger Scharzberg Riesling";"Othegraven Wiltinger Scharzberg Riesling";"2017";"137.9";"0.75";"183.87";"White wine";"Glass";"10.5";"1.751111"
"Vinmonopolet";"351601";"Ballantine's 12 Years Old";"Ballantine's 12 Years Old";"0";"399.9";"0.7";"571.29";"Whisky";"Glass";"40";"1.4282143"
"Vinmonopolet";"352501";"Wolf Blass Yellow Label Cabernet Sauvignon 2018";"Wolf Blass Yellow Label Cabernet Sauvignon";"2018";"132.9";"0.75";"177.2";"RÃ¸dvin";"Glass";"14";"1.2657142"
"Vinmonopolet";"352601";"Wolf Blass Eaglehawk Shiraz 2019";"Wolf Blass Eaglehawk Shiraz";"2019";"110.9";"0.75";"147.87";"RÃ¸dvin";"Glass";"14";"1.0561905"
"Vinmonopolet";"353102";"Sambuca Vaccari";"Sambuca Vaccari";"0";"285";"0.5";"570";"LikÃ¸r";"Glass";"38";"1.5"
"Vinmonopolet";"353401";"ViÃ±a Ardanza Reserva 2010";"ViÃ±a Ardanza Reserva";"2010";"279.9";"0.75";"373.2";"RÃ¸dvin";"Glass";"13.5";"2.7644444"
"Vinmonopolet";"354501";"Krug Grande CuvÃ©e Brut";"Krug Grande CuvÃ©e Brut";"0";"1749.9";"0.75";"2333.2";"Champagne, brut";"Glass";"12";"19.443333"
"Vinmonopolet";"354502";"Krug Grande CuvÃ©e Brut";"Krug Grande CuvÃ©e Brut";"0";"949.9";"0.38";"2533.07";"Champagne, brut";"Glass";"12";"20.83114"
"Vinmonopolet";"354505";"Krug Grande CuvÃ©e Brut";"Krug Grande CuvÃ©e Brut";"0";"3999.9";"1.5";"2666.6";"Champagne, brut";"Glass";"12";"22.221666"
"Vinmonopolet";"355101";"Pago Casa Gran Falcata 2016";"Pago Casa Gran Falcata";"2016";"230";"0.75";"306.67";"RÃ¸dvin";"Glass";"14";"2.1904762"
"Vinmonopolet";"355801";"Marques de la Concordia Crianza 2016";"Marques de la Concordia Crianza";"2016";"141.2";"0.75";"188.27";"RÃ¸dvin";"Glass";"14";"1.3447618"
"Vinmonopolet";"356501";"Lindeman's Bin 45 Cabernet Sauvignon 2019";"Lindeman's Bin 45 Cabernet Sauvignon";"2019";"124.9";"0.75";"166.53";"RÃ¸dvin";"Glass";"14";"1.1895238"
"Vinmonopolet";"356701";"Dom Ruinart Brut 2007";"Dom Ruinart Brut";"2007";"1489.9";"0.75";"1986.53";"Champagne, brut";"Glass";"12.5";"15.892267"
"Vinmonopolet";"356901";"Wachter Wiesler BÃ©la-JÃ³ska 2014";"Wachter Wiesler BÃ©la-JÃ³ska";"2014";"199.9";"0.75";"266.53";"RÃ¸dvin";"Glass";"12.5";"2.1322665"
"Vinmonopolet";"358301";"Villa Borghetti Valpolicella Classico 2018";"Villa Borghetti Valpolicella Classico";"2018";"134.9";"0.75";"179.87";"RÃ¸dvin";"Glass";"12";"1.4988889"
"Vinmonopolet";"358302";"Villa Borghetti Valpolicella Classico 2018";"Villa Borghetti Valpolicella Classico";"2018";"79.9";"0.38";"213.07";"RÃ¸dvin";"Glass";"12";"1.7521931"
"Vinmonopolet";"360901";"Marques de Murrieta Ygay Reserva 2016";"Marques de Murrieta Ygay Reserva";"2016";"234.9";"0.75";"313.2";"RÃ¸dvin";"Glass";"14";"2.2371428"
"Vinmonopolet";"360905";"Marques de Murrieta Ygay Reserva 2015";"Marques de Murrieta Ygay Reserva";"2015";"750";"1.5";"500";"RÃ¸dvin";"Glass";"14";"3.5714285"
"Vinmonopolet";"363401";"Antonelli Montefalco Rosso 2017";"Antonelli Montefalco Rosso";"2017";"185";"0.75";"246.67";"RÃ¸dvin";"Glass";"14";"1.7619047"
"Vinmonopolet";"365006";"Cono Sur Bicicleta Syrah 2018";"Cono Sur Bicicleta Syrah";"2018";"434.9";"3";"144.97";"RÃ¸dvin";"Bag-in-box";"12.5";"1.1597333"
"Vinmonopolet";"367101";"Piccini Villa al Cortile Brunello di Montalcino 2014";"Piccini Villa al Cortile Brunello di Montalcino";"2014";"389.9";"0.75";"519.87";"RÃ¸dvin";"Glass";"14";"3.7133334"
"Vinmonopolet";"370601";"Freyburger Pinot Gris RÃ©serve 2018";"Freyburger Pinot Gris RÃ©serve";"2018";"154.9";"0.75";"206.53";"White wine";"Glass";"12";"1.721111"
"Vinmonopolet";"371301";"Lagunilla Reserva 2013";"Lagunilla Reserva";"2013";"136.9";"0.75";"182.53";"RÃ¸dvin";"Glass";"13.5";"1.3520987"
"Vinmonopolet";"371501";"Beringer Knights Valley Cabernet Sauvignon 2014";"Beringer Knights Valley Cabernet Sauvignon";"2014";"319.9";"0.75";"426.53";"RÃ¸dvin";"Glass";"15";"2.8435555"
"Vinmonopolet";"374606";"Icono Seleccion Especial";"Icono Seleccion Especial";"0";"289.9";"2";"144.95";"RÃ¸dvin";"Bag-in-box";"13.5";"1.0737036"
"Vinmonopolet";"376002";"Borgogno Barolo Chinato";"Borgogno Barolo Chinato";"0";"535";"0.5";"1070";"Flavoured wine	";"Glass";"16";"6.6875"
"Vinmonopolet";"376401";"Bardinet VSOP";"Bardinet VSOP";"0";"304.9";"0.7";"435.57";"Grape spirit";"Glass";"36";"1.2099206"
"Vinmonopolet";"376901";"PrÃ¼m Graacher Himmelreich Riesling SpÃ¤tlese 2016";"PrÃ¼m Graacher Himmelreich Riesling SpÃ¤tlese";"2016";"199.9";"0.75";"266.53";"White wine";"Glass";"7.5";"3.5537777"
"Vinmonopolet";"378801";"Les Champs d'Or Chardonnay 2018";"Les Champs d'Or Chardonnay";"2018";"129.9";"0.75";"173.2";"White wine";"Glass";"12.5";"1.3856"
"Vinmonopolet";"379701";"Armagnac Plus de 20 Ans";"Armagnac Plus de 20 Ans";"0";"569.9";"0.7";"814.14";"Grape spirit";"Glass";"40";"2.0353572"
"Vinmonopolet";"379801";"Gato Negro Chardonnay 2019";"Gato Negro Chardonnay";"2019";"104.9";"0.75";"139.87";"White wine";"Glass";"12";"1.1655556"
"Vinmonopolet";"380601";"Cantarini Barbera d'Alba 2018";"Cantarini Barbera d'Alba";"2018";"144.9";"0.75";"193.2";"RÃ¸dvin";"Glass";"13.5";"1.4311111"
"Vinmonopolet";"382001";"Grans-Fassian Riesling 2018";"Grans-Fassian Riesling";"2018";"174.9";"0.75";"233.2";"White wine";"Glass";"11.5";"2.027826"
"Vinmonopolet";"382201";"Grans-Fassian Trittenheimer Apotheke Riesling SpÃ¤tlese 2012";"Grans-Fassian Trittenheimer Apotheke Riesling SpÃ¤tlese";"2012";"279.9";"0.75";"373.2";"White wine";"Glass";"8";"4.665"
"Vinmonopolet";"383701";"Dom. Houchart CÃ´tes de Provence RosÃ© 2018";"Dom. Houchart CÃ´tes de Provence RosÃ©";"2018";"159.9";"0.75";"213.2";"RosÃ©vin";"Glass";"13";"1.64"
"Vinmonopolet";"383801";"Talisker Storm Single Malt";"Talisker Storm Single Malt";"0";"539.9";"0.7";"771.29";"Whisky";"Glass";"45.8";"1.68403"
"Vinmonopolet";"384101";"Johnnie Walker 18 YO";"Johnnie Walker 18 YO";"0";"949.9";"0.7";"1357";"Whisky";"Glass";"40";"3.3925002"
"Vinmonopolet";"384301";"Johnnie Walker Double Black";"Johnnie Walker Double Black";"0";"499.9";"0.7";"714.14";"Whisky";"Glass";"40";"1.7853571"
"Vinmonopolet";"384401";"Johnnie Walker Gold Label Reserve";"Johnnie Walker Gold Label Reserve";"0";"649.9";"0.7";"928.43";"Whisky";"Glass";"40";"2.3210716"
"Vinmonopolet";"393506";"Thomson Estate Old Pumphouse Shiraz 2017";"Thomson Estate Old Pumphouse Shiraz";"2017";"494.9";"3";"164.97";"RÃ¸dvin";"Bag-in-box";"14.5";"1.1377012"
"Vinmonopolet";"393601";"Thomson Estate Old Pumphouse Shiraz 2015";"Thomson Estate Old Pumphouse Shiraz";"2015";"164.9";"0.75";"219.87";"RÃ¸dvin";"Glass";"14";"1.5704762"
"Vinmonopolet";"393701";"Thomson Estate Lookout Ridge Chardonnay 2017";"Thomson Estate Lookout Ridge Chardonnay";"2017";"159.9";"0.75";"213.2";"White wine";"Glass";"13.5";"1.5792592"
"Vinmonopolet";"393806";"Thomson Estate Lookout Ridge Chardonnay 2017";"Thomson Estate Lookout Ridge Chardonnay";"2017";"469.9";"3";"156.63";"White wine";"Bag-in-box";"13.5";"1.1602468"
"Vinmonopolet";"400701";"Schatz T Petit Verdot 2007";"Schatz T Petit Verdot";"2007";"460";"0.75";"613.33";"RÃ¸dvin";"Glass";"13.5";"4.54321"
"Vinmonopolet";"400901";"Schatz S Chardonnay 2013";"Schatz S Chardonnay";"2013";"255";"0.75";"340";"White wine";"Glass";"13.5";"2.5185184"
"Vinmonopolet";"401501";"Schatz A Finca Sanguijuela 2007";"Schatz A Finca Sanguijuela";"2007";"345";"0.75";"460";"RÃ¸dvin";"Glass";"13.5";"3.4074075"
"Vinmonopolet";"401701";"Schatz H Acinipo 2010";"Schatz H Acinipo";"2010";"345";"0.75";"460";"RÃ¸dvin";"Glass";"13";"3.5384614"
"Vinmonopolet";"404001";"Georg Breuer Charm Riesling 2018";"Georg Breuer Charm Riesling";"2018";"199.9";"0.75";"266.53";"White wine";"Glass";"11.5";"2.317681"
"Vinmonopolet";"406301";"Ancilla Lugana La Ghidina 2015";"Ancilla Lugana La Ghidina";"2015";"329.9";"0.75";"439.87";"White wine";"Glass";"14";"3.1419046"
"Vinmonopolet";"409801";"Ga-Jol GranatÃ¦ble";"Ga-Jol GranatÃ¦ble";"0";"359.9";"0.7";"514.14";"LikÃ¸r";"Glass";"30";"1.7138095"
"Vinmonopolet";"411201";"Odfjell CapÃ­tulo Flying Fish 2017";"Odfjell CapÃ­tulo Flying Fish";"2017";"179.9";"0.75";"239.87";"RÃ¸dvin";"Glass";"13.5";"1.77679"
"Vinmonopolet";"412401";"Casillero del Diablo RosÃ© 2018";"Casillero del Diablo RosÃ©";"2018";"114.9";"0.75";"153.2";"RosÃ©vin";"Glass";"13";"1.1784616"
"Vinmonopolet";"412701";"Riondo Appasimento Il Cuore per Martina 2014";"Riondo Appasimento Il Cuore per Martina";"2014";"170.1";"0.75";"226.8";"RÃ¸dvin";"Glass";"14";"1.62"
"Vinmonopolet";"413301";"Gut Hermannsberg Just Riesling 2018";"Gut Hermannsberg Just Riesling";"2018";"199.9";"0.75";"266.53";"White wine";"Glass";"11.5";"2.317681"
"Vinmonopolet";"413401";"Dom. des Roches Neuves Saumur Champigny 2016";"Dom. des Roches Neuves Saumur Champigny";"2016";"225";"0.75";"300";"RÃ¸dvin";"Glass";"12.5";"2.4"
"Vinmonopolet";"413701";"Pabiot Aubaine Pouilly FumÃ©";"Pabiot Aubaine Pouilly FumÃ©";"2016";"329";"0.75";"438.67";"White wine";"Glass";"12.5";"3.5093334"
"Vinmonopolet";"413801";"Boffa Storica Barbera dÂ´Asti Superiore 2017";"Boffa Storica Barbera dÂ´Asti Superiore";"2017";"195";"0.75";"260";"RÃ¸dvin";"Glass";"14";"1.8571428"
"Vinmonopolet";"416101";"Hexamer SchlossbÃ¶ckelheimer Porphyr Riesling 2018";"Hexamer SchlossbÃ¶ckelheimer Porphyr Riesling";"2018";"154.9";"0.75";"206.53";"White wine";"Glass";"12";"1.721111"
"Vinmonopolet";"417201";"Matrot Blagny La PiÃ¨ce sous le Bois 2011";"Matrot Blagny La PiÃ¨ce sous le Bois";"2011";"482.1";"0.75";"642.8";"RÃ¸dvin";"Glass";"13";"4.9446154"
"Vinmonopolet";"418001";"Ch. Bonnet Sauvignon Blanc SÃ©millon RÃ©serve 2018";"Ch. Bonnet Sauvignon Blanc SÃ©millon RÃ©serve";"2018";"194.9";"0.75";"259.87";"White wine";"Glass";"12.5";"2.0789332"
"Vinmonopolet";"424001";"Ch. Branaire-Ducru 2010";"Ch. Branaire-Ducru";"2010";"929";"0.75";"1238.67";"RÃ¸dvin";"Glass";"14";"8.847619"
"Vinmonopolet";"424201";"Cragganmore Frank Znort Quartet-15th Anniversary Old Malt Cask 1997";"Cragganmore Frank Znort Quartet-15th Anniversary Old Malt Cask";"1997";"850";"0.7";"1214.29";"Whisky";"Glass";"51.2";"2.371652"
"Vinmonopolet";"425101";"Vallein-Tercinier Napoleon Vieille RÃ©serve";"Vallein-Tercinier Napoleon Vieille RÃ©serve";"0";"769.9";"0.7";"1099.86";"Grape spirit";"Glass";"40";"2.749643"
"Vinmonopolet";"428004";"Bitter Truth Jerry Thomas Own Decanter Bitters";"Bitter Truth Jerry Thomas Own Decanter Bitters";"0";"234.9";"0.2";"1174.5";"Bitter	";"Glass";"30";"3.9149997"
"Vinmonopolet";"428502";"Bitter Truth Apricot";"Bitter Truth Apricot";"0";"364.9";"0.5";"729.8";"LikÃ¸r";"Glass";"22";"3.3172727"
"Vinmonopolet";"428601";"Birra del Borgo ReAle";"Birra del Borgo ReAle";"0";"114.8";"0.75";"153.07";"Pale ale";"Glass";"6.4";"2.3916667"
"Vinmonopolet";"430101";"Alleno & Chapoutier Couronne de Chabot 2012";"Alleno & Chapoutier Couronne de Chabot";"2012";"319.9";"0.75";"426.53";"RÃ¸dvin";"Glass";"13";"3.2810256"
"Vinmonopolet";"431701";"Eric Texier ChÃ¢teauneuf du Pape 2016";"Eric Texier ChÃ¢teauneuf du Pape";"2016";"529.9";"0.75";"706.53";"White wine";"Glass";"13.5";"5.2335806"
"Vinmonopolet";"432301";"Hirschhof Silvaner Trocken 2019";"Hirschhof Silvaner Trocken";"2019";"154.9";"0.75";"206.53";"White wine";"Glass";"12";"1.721111"
"Vinmonopolet";"432401";"Hirschhof Morstein Riesling Kabinett 2018";"Hirschhof Morstein Riesling Kabinett";"2018";"189.9";"0.75";"253.2";"White wine";"Glass";"11";"2.3018181"
"Vinmonopolet";"432601";"Dom. Fouassier Sancerre Clos Paradis 2018";"Dom. Fouassier Sancerre Clos Paradis";"2018";"309.9";"0.75";"413.2";"White wine";"Glass";"13";"3.1784616"
"Vinmonopolet";"432906";"Goats do Roam Cool Crisp White";"Goats do Roam Cool Crisp White";"2019";"414.9";"3";"138.3";"White wine";"Bag-in-box";"13";"1.0638461"
"Vinmonopolet";"433702";"Tucher Bajuvator Doppelbock";"Tucher Bajuvator Doppelbock";"0";"61.9";"0.5";"123.8";"MÃ¸rk lager";"Glass";"7.5";"1.6506667"
"Vinmonopolet";"434001";"Herbauges Classic CÃ´tes de Grandlieu Muscadet Sur Lie 2017";"Herbauges Classic CÃ´tes de Grandlieu Muscadet Sur Lie";"2017";"142";"0.75";"189.33";"White wine";"Glass";"12";"1.5777777"
"Vinmonopolet";"435801";"Burguet Gevrey-Chambertin Mes Favorites 2017";"Burguet Gevrey-Chambertin Mes Favorites";"2017";"569";"0.75";"758.67";"RÃ¸dvin";"Glass";"13";"5.8358974"
"Vinmonopolet";"436006";"Hvit Hagevin Arne & Carlos 2019";"Hvit Hagevin Arne & Carlos";"2019";"414.9";"3";"138.3";"White wine";"Bag-in-box";"12";"1.1525"
"Vinmonopolet";"436501";"Cono Sur Sparkling RosÃ© 2012";"Cono Sur Sparkling RosÃ©";"2012";"179.9";"0.75";"239.87";"Musserende vin, rosÃ©";"Glass";"12.5";"1.9189333"
"Vinmonopolet";"436702";"Fuller`s 1845";"Fuller`s";"0";"59.5";"0.5";"119";"Brown ale";"Glass";"6.3";"1.8888888"
"Vinmonopolet";"436801";"Cono Sur Bicicleta Pinot Noir RosÃ© 2018";"Cono Sur Bicicleta Pinot Noir RosÃ©";"2018";"129.9";"0.75";"173.2";"RosÃ©vin";"Glass";"12";"1.4433333"
"Vinmonopolet";"437101";"Pattes Loup Chablis 2017";"Pattes Loup Chablis";"2017";"379.9";"0.75";"506.53";"White wine";"Glass";"13.5";"3.7520988"
"Vinmonopolet";"437301";"Pattes Loup Chablis 1er Cru Butteaux 2016";"Pattes Loup Chablis 1er Cru Butteaux";"2016";"749.9";"0.75";"999.87";"White wine";"Glass";"12.5";"7.998934"
"Vinmonopolet";"437901";"Meinklang Prosa 2019";"Meinklang Prosa";"2019";"175";"0.75";"233.33";"Perlende vin, rosÃ©";"Glass";"10.5";"2.2222223"
"Vinmonopolet";"438006";"Meinklang Heideboden GrÃ¼ner Veltliner 2019";"Meinklang Heideboden GrÃ¼ner Veltliner";"2019";"459.9";"3";"153.3";"White wine";"Bag-in-box";"11";"1.3936363"
"Vinmonopolet";"438801";"Tardieu-Laurent Gigondas Vieilles Vignes 2012";"Tardieu-Laurent Gigondas Vieilles Vignes";"2012";"369.9";"0.75";"493.2";"RÃ¸dvin";"Glass";"14.5";"3.4013793"
"Vinmonopolet";"439801";"Nervi Gattinara Vigna Valferana 2014";"Nervi Gattinara Vigna Valferana";"2014";"1049.9";"0.75";"1399.87";"RÃ¸dvin";"Glass";"13.5";"10.369383"
"Vinmonopolet";"440101";"Dom. de TrÃ©vallon 2014";"Dom. de TrÃ©vallon";"2014";"579.9";"0.75";"773.2";"RÃ¸dvin";"Glass";"13";"5.9476924"
"Vinmonopolet";"440201";"Dom. de TrÃ©vallon 2013";"Dom. de TrÃ©vallon";"2013";"579.9";"0.75";"773.2";"RÃ¸dvin";"Glass";"13";"5.9476924"
"Vinmonopolet";"440308";"Tavernello (3x25cl)";"Tavernello (3x25cl)";"0";"104.9";"0.75";"139.87";"RÃ¸dvin";"Ãvrig";"11.5";"1.216232"
"Vinmonopolet";"440408";"Tavernello (3x25cl)";"Tavernello (3x25cl)";"0";"99.9";"0.75";"133.2";"White wine";"Ãvrig";"10.5";"1.2685715"
"Vinmonopolet";"440602";"Meukow Xpresso Liqueur CafÃ© Cognac";"Meukow Xpresso Liqueur CafÃ© Cognac";"0";"199.8";"0.35";"570.86";"LikÃ¸r";"Glass";"20";"2.8542857"
"Vinmonopolet";"441101";"Hine Antique XO Premier Cru";"Hine Antique XO Premier Cru";"0";"1895";"0.7";"2707.14";"Grape spirit";"Glass";"40";"6.767857"
"Vinmonopolet";"446301";"Guigal Hermitage 2013";"Guigal Hermitage";"2013";"458.1";"0.75";"610.8";"White wine";"Glass";"13.5";"4.5244446"
"Vinmonopolet";"446701";"Guigal CÃ´te RÃ´tie Ch. D'Ampuis 2013";"Guigal CÃ´te RÃ´tie Ch. D'Ampuis";"2013";"836";"0.75";"1114.67";"RÃ¸dvin";"Glass";"13.5";"8.25679"
"Vinmonopolet";"447401";"Loichet Bourgogne AligotÃ© 2014";"Loichet Bourgogne AligotÃ©";"2014";"212";"0.75";"282.67";"White wine";"Glass";"12.5";"2.2613332"
"Vinmonopolet";"447701";"J.L. Chave Selection Hermitage Blanche 2012";"J.L. Chave Selection Hermitage Blanche";"2012";"475.1";"0.75";"633.47";"White wine";"Glass";"14.5";"4.368736"
"Vinmonopolet";"449701";"Kloster Eberbach Riesling Sekt Brut 2017";"Kloster Eberbach Riesling Sekt Brut";"2017";"189.9";"0.75";"253.2";"Sparkling wine";"Glass";"12.5";"2.0256"
"Vinmonopolet";"450001";"Cossetti Barbera d'Asti La Vigna Vecchia 2016";"Cossetti Barbera d'Asti La Vigna Vecchia";"2016";"194.9";"0.75";"259.87";"RÃ¸dvin";"Glass";"14";"1.8561904"
"Vinmonopolet";"452601";"Purcari Cabernet Sauvignon 2012";"Purcari Cabernet Sauvignon";"2012";"169.9";"0.75";"226.53";"RÃ¸dvin";"Glass";"13";"1.7425641"
"Vinmonopolet";"453701";"Cant. Tramin Nussbaumer GewÃ¼rztraminer 2016";"Cant. Tramin Nussbaumer GewÃ¼rztraminer";"2016";"176.2";"0.75";"234.93";"White wine";"Glass";"14.5";"1.6202298"
"Vinmonopolet";"454502";"Founders Porter";"Founders Porter";"0";"42.9";"0.35";"120.85";"Porter and stout";"Glass";"6.5";"1.8857144"
"Vinmonopolet";"454601";"AleSmith IPA";"AleSmith IPA";"0";"147";"0.65";"226.15";"India pale ale";"Glass";"7.2";"3.1410258"
"Vinmonopolet";"454901";"Ch. du Breuil Fine Calvados";"Ch. du Breuil Fine Calvados";"0";"419.9";"0.7";"599.86";"Fruit spirit";"Glass";"40";"1.4996428"
"Vinmonopolet";"455002";"Gilde Skrei Aquavit";"Gilde Skrei Aquavit";"0";"324.9";"0.5";"649.8";"Aquavit";"Glass";"40";"1.6244999"
"Vinmonopolet";"456905";"Cune Reserva 2014";"Cune Reserva";"2014";"450";"1.5";"300";"RÃ¸dvin";"Glass";"13.5";"2.2222223"
"Vinmonopolet";"457001";"Dominio de la Vega Brut Reserva Especial 2016";"Dominio de la Vega Brut Reserva Especial";"2016";"249.9";"0.75";"333.2";"Sparkling wine";"Glass";"12";"2.7766666"
"Vinmonopolet";"457101";"CÃ©zar SueÃ±os Inga Especial Coupage Grand Reserva 2008";"CÃ©zar SueÃ±os Inga Especial Coupage Grand Reserva";"2008";"312.3";"0.75";"416.4";"RÃ¸dvin";"Glass";"14.5";"2.8717241"
"Vinmonopolet";"457501";"Carillon Bourgogne Chardonnay 2018";"Carillon Bourgogne Chardonnay";"2018";"268";"0.75";"357.33";"White wine";"Glass";"13";"2.748718"
"Vinmonopolet";"458701";"TorellÃ³ Delicatessen Reserva Brut 2015";"TorellÃ³ Delicatessen Reserva Brut";"2015";"211.9";"0.75";"282.53";"Sparkling wine";"Glass";"12";"2.3544443"
"Vinmonopolet";"460201";"Cezar Suenos Ultimos Tempranillo 2009";"Cezar Suenos Ultimos Tempranillo";"2009";"281.3";"0.75";"375.07";"RÃ¸dvin";"Glass";"14";"2.6790476"
"Vinmonopolet";"460901";"Corte Giara Pinot Grigio 2018";"Corte Giara Pinot Grigio";"2018";"154.9";"0.75";"206.53";"White wine";"Glass";"12.5";"1.6522666"
"Vinmonopolet";"461101";"CÃ©zar SueÃ±os Petit Verdot Reserva 2008";"CÃ©zar SueÃ±os Petit Verdot Reserva";"2008";"277.2";"0.75";"369.6";"RÃ¸dvin";"Glass";"14";"2.64"
"Vinmonopolet";"461602";"Mikkeller Beer Geek Breakfast";"Mikkeller Beer Geek Breakfast";"0";"89";"0.33";"269.7";"Porter and stout";"Glass";"7.5";"3.5959594"
"Vinmonopolet";"461701";"MascarÃ³ Nigrum Brut Reserva 2010";"MascarÃ³ Nigrum Brut Reserva";"2010";"139";"0.75";"185.33";"Sparkling wine";"Glass";"12";"1.5444444"
"Vinmonopolet";"463401";"Dalwhinnie Single Malt 15 Years Old";"Dalwhinnie Single Malt 15 Years Old";"0";"559.9";"0.7";"799.86";"Whisky";"Glass";"43";"1.860133"
"Vinmonopolet";"463404";"Dalwhinnie Single Malt 15 Years Old";"Dalwhinnie Single Malt 15 Years Old";"0";"199.9";"0.2";"999.5";"Whisky";"Glass";"43";"2.3244185"
"Vinmonopolet";"463701";"Glenkinchie Single Malt 12 YO";"Glenkinchie Single Malt 12 YO";"0";"539.9";"0.7";"771.29";"Whisky";"Glass";"43";"1.7936878"
"Vinmonopolet";"463704";"Glenkinchie Single Malt 12 YO";"Glenkinchie Single Malt 12 YO";"0";"189.9";"0.2";"949.5";"Whisky";"Glass";"43";"2.2081394"
"Vinmonopolet";"463901";"Oban Single Malt 14 Years Old";"Oban Single Malt 14 Years Old";"0";"629.9";"0.7";"899.86";"Whisky";"Glass";"43";"2.0926912"
"Vinmonopolet";"463904";"Oban Single Malt 14 Years Old";"Oban Single Malt 14 Years Old";"0";"239.9";"0.2";"1199.5";"Whisky";"Glass";"43";"2.7895348"
"Vinmonopolet";"464401";"Lagavulin Single Malt 16 Years Old";"Lagavulin Single Malt 16 Years Old";"0";"749.9";"0.7";"1071.29";"Whisky";"Glass";"43";"2.4913623"
"Vinmonopolet";"464404";"Lagavulin Single Malt 16 Years Old";"Lagavulin Single Malt 16 Years Old";"0";"269.9";"0.2";"1349.5";"Whisky";"Glass";"43";"3.138372"
"Vinmonopolet";"464901";"Cragganmore 12 Years Old";"Cragganmore 12 Years Old";"0";"539.9";"0.7";"771.29";"Whisky";"Glass";"40";"1.9282144"
"Vinmonopolet";"468001";"Talisker Single Malt 10 Years Old";"Talisker Single Malt 10 Years Old";"0";"549.9";"0.7";"785.57";"Whisky";"Glass";"45.8";"1.7152216"
"Vinmonopolet";"468004";"Talisker Single Malt 10 Years Old";"Talisker Single Malt 10 Years Old";"0";"194.9";"0.2";"974.5";"Whisky";"Glass";"45.8";"2.1277292"
"Vinmonopolet";"468401";"Kiviks FlÃ¤derblomsvin";"Kiviks FlÃ¤derblomsvin";"0";"55";"0.75";"73.33";"Non-alcoholic sparkling beverage";"Glass";"0.5";"14.666667"
"Vinmonopolet";"468501";"Ca'Val Treviso Prosecco Extra Dry";"Ca'Val Treviso Prosecco Extra Dry";"0";"149.9";"0.75";"199.87";"Sparkling wine";"Glass";"11";"1.8169696"
"Vinmonopolet";"470501";"Baladin Nazionale 2020";"Baladin Nazionale";"2020";"126.9";"0.75";"169.2";"Pale ale";"Glass";"6.5";"2.603077"
"Vinmonopolet";"471901";"Ch. Carbonnieux 2014";"Ch. Carbonnieux";"2014";"519.9";"0.75";"693.2";"White wine";"Glass";"12.5";"5.5456004"
"Vinmonopolet";"472701";"Dom. Vacheron Sancerre Guigne-ChÃ¨vres 2016";"Dom. Vacheron Sancerre Guigne-ChÃ¨vres";"2016";"499.9";"0.75";"666.53";"White wine";"Glass";"13";"5.1271796"
"Vinmonopolet";"472801";"Figure Libre Maccabeo 2013";"Figure Libre Maccabeo";"2013";"249.9";"0.75";"333.2";"White wine";"Glass";"13";"2.563077"
"Vinmonopolet";"475206";"Pardon my French Cotes du Gascogne 2019";"Pardon my French Cotes du Gascogne";"2019";"369.9";"3";"123.3";"White wine";"Bag-in-box";"10.5";"1.1742857"
"Vinmonopolet";"477202";"Ch. Guiraud Sauternes 2010";"Ch. Guiraud Sauternes";"2010";"289.9";"0.38";"773.07";"White wine";"Glass";"13.5";"5.651072"
"Vinmonopolet";"477401";"Jean-Baptiste Adam les Natures Riesling 2015";"Jean-Baptiste Adam les Natures Riesling";"2015";"196";"0.75";"261.33";"White wine";"Glass";"13";"2.0102565"
"Vinmonopolet";"477701";"Markus Molitor Edition 4. Zeltinger Himmelreich Riesling Auslese** Feinherb 2005";"Markus Molitor Edition 4. Zeltinger Himmelreich Riesling Auslese** Feinherb";"2005";"350.2";"0.75";"466.93";"White wine";"Glass";"12";"3.8911111"
"Vinmonopolet";"478601";"Demilly de Baere Extra Brut";"Demilly de Baere Extra Brut";"0";"329.9";"0.75";"439.87";"Champagne extra brut";"Glass";"12";"3.6655555"
"Vinmonopolet";"480701";"Delamain Extra Grande Champagne";"Delamain Extra Grande Champagne";"0";"2140.1";"0.7";"3057.29";"Grape spirit";"Glass";"40";"7.6432147"
"Vinmonopolet";"482301";"Chase English Oak Smoked Vodka";"Chase English Oak Smoked Vodka";"0";"779.5";"0.7";"1113.57";"Vodka";"Glass";"40";"2.7839286"
"Vinmonopolet";"482401";"Springbank 21 YO 2017";"Springbank 21 YO";"2017";"2504.9";"0.7";"3578.43";"Whisky";"Glass";"46";"7.7791924"
"Vinmonopolet";"482901";"Williams Great British Extra Dry";"Williams Great British Extra Dry";"0";"615";"0.7";"878.57";"Gin";"Glass";"40";"2.1964285"
"Vinmonopolet";"483001";"Chase Elegant Gin";"Chase Elegant Gin";"0";"835";"0.7";"1192.86";"Gin";"Glass";"48";"2.485119"
"Vinmonopolet";"483201";"Chase Islay Whisky Cask Aged Vodka";"Chase Islay Whisky Cask Aged Vodka";"0";"779.5";"0.7";"1113.57";"Vodka";"Glass";"46";"2.4208076"
"Vinmonopolet";"483302";"Chase Elderflower";"Chase Elderflower";"0";"375";"0.5";"750";"LikÃ¸r";"Glass";"20";"3.75"
"Vinmonopolet";"484101";"Didier Montchovet Pommard 2015";"Didier Montchovet Pommard";"2015";"499.9";"0.75";"666.53";"RÃ¸dvin";"Glass";"12";"5.5544443"
"Vinmonopolet";"484601";"Didier Montchevet Hautes CÃ´tes de Beaune 2017";"Didier Montchevet Hautes CÃ´tes de Beaune";"2017";"279.9";"0.75";"373.2";"RÃ¸dvin";"Glass";"13";"2.8707693"
"Vinmonopolet";"484701";"Didier Montchevet Hautes CÃ´tes de Beaune 2016";"Didier Montchevet Hautes CÃ´tes de Beaune";"2016";"279.9";"0.75";"373.2";"White wine";"Glass";"12.5";"2.9856"
"Vinmonopolet";"485001";"Piccini Memoro Rosato";"Piccini Memoro Rosato";"0";"169.6";"0.75";"226.13";"RosÃ©vin";"Glass";"13";"1.7394873"
"Vinmonopolet";"485401";"Feliciana Grifo Lugana Brut 2016";"Feliciana Grifo Lugana Brut";"2016";"169.6";"0.75";"226.13";"Sparkling wine";"Glass";"13";"1.7394873"
"Vinmonopolet";"485501";"Eraldo Viberti Dolcetto d'Alba Vigna Vaglio 2018";"Eraldo Viberti Dolcetto d'Alba Vigna Vaglio";"2018";"169.5";"0.75";"226";"RÃ¸dvin";"Glass";"13";"1.7384615"
"Vinmonopolet";"485601";"Feliciana Feudo Riviera del Garda Bresciano Chiaretto 2018";"Feliciana Feudo Riviera del Garda Bresciano Chiaretto";"2018";"159.6";"0.75";"212.8";"RosÃ©vin";"Glass";"13";"1.6369232"
"Vinmonopolet";"485701";"Feliciana Felugan Lugana 2018";"Feliciana Felugan Lugana";"2018";"159.5";"0.75";"212.67";"White wine";"Glass";"13";"1.6358974"
"Vinmonopolet";"485801";"Eraldo Viberti Barolo 2011";"Eraldo Viberti Barolo";"2011";"329.7";"0.75";"439.6";"RÃ¸dvin";"Glass";"15";"2.9306667"
"Vinmonopolet";"485901";"Feliciana Cebon Benaco Bresciano 2016";"Feliciana Cebon Benaco Bresciano";"2016";"179.4";"0.75";"239.2";"RÃ¸dvin";"Glass";"14";"1.7085713"
"Vinmonopolet";"486001";"Eraldo Viberti Barbera d'Alba Vigna Clara 2017";"Eraldo Viberti Barbera d'Alba Vigna Clara";"2017";"239.3";"0.75";"319.07";"RÃ¸dvin";"Glass";"14.5";"2.2004597"
"Vinmonopolet";"486906";"Bouchard PÃ¨re et Fils MÃ¢con-Villages";"Bouchard PÃ¨re et Fils MÃ¢con-Villages";"0";"649.9";"3";"216.63";"White wine";"Bag-in-box";"12.5";"1.7330667"
"Vinmonopolet";"488302";"Barents Aquavit";"Barents Aquavit";"0";"359";"0.5";"718";"Aquavit";"Glass";"40";"1.795"
"Vinmonopolet";"488901";"Banfi La Pettegola Vermentino 2017";"Banfi La Pettegola Vermentino";"2017";"199.9";"0.75";"266.53";"White wine";"Glass";"12.5";"2.1322665"
"Vinmonopolet";"489304";"Castellblanc Seco";"Castellblanc Seco";"0";"49.9";"0.2";"249.5";"Sparkling wine";"Glass";"11.5";"2.1695652"
"Vinmonopolet";"489401";"Castellblanc Rosado Seco";"Castellblanc Rosado Seco";"0";"159.9";"0.75";"213.2";"Musserende vin, rosÃ©";"Glass";"12";"1.7766666"
"Vinmonopolet";"489605";"Marc Kreydenweiss Kastelberg Grand Cru Riesling 2016";"Marc Kreydenweiss Kastelberg Grand Cru Riesling";"2016";"1199.9";"1.5";"799.93";"White wine";"Glass";"12.5";"6.399467"
"Vinmonopolet";"490001";"Von Winning Paradiesgarten Riesling Trocken 2018";"Von Winning Paradiesgarten Riesling Trocken";"2018";"259.9";"0.75";"346.53";"White wine";"Glass";"12";"2.8877778"
"Vinmonopolet";"490101";"Marc Kreydenweiss Kritt Pinot Blanc 2018";"Marc Kreydenweiss Kritt Pinot Blanc";"2018";"204.9";"0.75";"273.2";"White wine";"Glass";"12.5";"2.1856"
"Vinmonopolet";"490601";"Dr. Heidemanns-Bergweiler Riesling";"Dr. Heidemanns-Bergweiler Riesling";"0";"149.5";"0.75";"199.33";"White wine";"Glass";"9.5";"2.0982456"
"Vinmonopolet";"490802";"Hitachino Nest White Ale";"Hitachino Nest White Ale";"0";"54.9";"0.33";"166.36";"HveteÃ¸l";"Glass";"5.5";"3.0247934"
"Vinmonopolet";"490902";"Hitachino Nest Red Rice Ale";"Hitachino Nest Red Rice Ale";"0";"59.9";"0.33";"181.52";"Special";"Glass";"7";"2.5930736"
"Vinmonopolet";"491401";"Amrut Old Port Deluxe Matured Rum";"Amrut Old Port Deluxe Matured Rum";"0";"475";"0.7";"678.57";"Rum";"Glass";"40";"1.6964287"
"Vinmonopolet";"492901";"Pietro Caciorgna Thalia Etna Rosso 2015";"Pietro Caciorgna Thalia Etna Rosso";"2015";"287.1";"0.75";"382.8";"RÃ¸dvin";"Glass";"13";"2.9446154"
"Vinmonopolet";"493101";"Pietro Caciorgna N'Anticchia Etna Rosso 2011";"Pietro Caciorgna N'Anticchia Etna Rosso";"2011";"402.5";"0.75";"536.67";"RÃ¸dvin";"Glass";"13.5";"3.9753087"
"Vinmonopolet";"493201";"Pietro Caciorgna Macchie Terre di Casole Sangiovese 2010";"Pietro Caciorgna Macchie Terre di Casole Sangiovese";"2010";"414.8";"0.75";"553.07";"RÃ¸dvin";"Glass";"13.5";"4.09679"
"Vinmonopolet";"493301";"Abbona Casaret Barbera 2018";"Abbona Casaret Barbera";"2018";"254.5";"0.75";"339.33";"RÃ¸dvin";"Glass";"13";"2.6102564"
"Vinmonopolet";"493501";"Montagliari Brunesco di San Lorenzo 2009";"Montagliari Brunesco di San Lorenzo";"2009";"351";"0.75";"468";"RÃ¸dvin";"Glass";"13";"3.6"
"Vinmonopolet";"493701";"Louis Bouillot CrÃ©mant de Bourgogne Perle d'Aurore RosÃ©";"Louis Bouillot CrÃ©mant de Bourgogne Perle d'Aurore RosÃ©";"0";"184.9";"0.75";"246.53";"Musserende vin, rosÃ©";"Glass";"12";"2.0544443"
"Vinmonopolet";"494501";"Adventure Hunter";"Adventure Hunter";"0";"269.9";"0.7";"385.57";"Bitter	";"Glass";"30";"1.2852381"
"Vinmonopolet";"494601";"Hardys Mill Cellar Chardonnay 2017";"Hardys Mill Cellar Chardonnay";"2017";"129.9";"0.75";"173.2";"White wine";"Glass";"12.5";"1.3856"
"Vinmonopolet";"494701";"Hardys Nottage Hill Chardonnay 2018";"Hardys Nottage Hill Chardonnay";"2018";"149.9";"0.75";"199.87";"White wine";"Glass";"13.5";"1.4804938"
"Vinmonopolet";"495501";"Radio Boka PIT 2017";"Radio Boka PIT";"2017";"109.9";"0.75";"146.53";"RÃ¸dvin";"Glass";"12.5";"1.1722667"
"Vinmonopolet";"495601";"Morgadio da Torre Alvarinho 2016";"Morgadio da Torre Alvarinho";"2016";"169.9";"0.75";"226.53";"White wine";"Glass";"12.5";"1.8122666"
"Vinmonopolet";"495801";"Gravillas Lo ViÃ¨lh Carignan 2017";"Gravillas Lo ViÃ¨lh Carignan";"2017";"275.9";"0.75";"367.87";"RÃ¸dvin";"Glass";"14";"2.627619"
"Vinmonopolet";"496601";"Pomponette RosÃ© 2019";"Pomponette RosÃ©";"2019";"186.9";"0.75";"249.2";"RosÃ©vin";"Glass";"12.5";"1.9935999"
"Vinmonopolet";"496801";"Shine Riesling 2019";"Shine Riesling";"2019";"114.9";"0.75";"153.2";"White wine";"Glass";"12";"1.2766666"
"Vinmonopolet";"499601";"Dom. Fernand Engel Cremant d'Alsace Rose Brut";"Dom. Fernand Engel Cremant d'Alsace Rose Brut";"0";"199.9";"0.75";"266.53";"Musserende vin, rosÃ©";"Glass";"12.5";"2.1322665"
"Vinmonopolet";"499901";"Moulin des Vrilleres Lauverjat Sancerre 2012";"Moulin des Vrilleres Lauverjat Sancerre";"2012";"179";"0.75";"238.67";"White wine";"Glass";"12.5";"1.9093333"
"Vinmonopolet";"500001";"Dom. Fernand Engel Praelatenberg Grand Cru Riesling 2015";"Dom. Fernand Engel Praelatenberg Grand Cru Riesling";"2015";"275";"0.75";"366.67";"White wine";"Glass";"13";"2.8205128"
"Vinmonopolet";"501106";"Eifel-Pfeiffer Blauschiefer Riesling 2018";"Eifel-Pfeiffer Blauschiefer Riesling";"2018";"331.7";"3";"110.57";"White wine";"Bag-in-box";"8";"1.3820834"
"Vinmonopolet";"501801";"Anselmann Riesling Trocken 2018";"Anselmann Riesling Trocken";"2018";"129.9";"0.75";"173.2";"White wine";"Glass";"12";"1.4433333"
"Vinmonopolet";"502901";"KÃ¼nstler Kostheim Weiss Erd Riesling Trocken Grosses GewÃ¤chs 2018";"KÃ¼nstler Kostheim Weiss Erd Riesling Trocken Grosses GewÃ¤chs";"2018";"309.9";"0.75";"413.2";"White wine";"Glass";"13";"3.1784616"
"Vinmonopolet";"503201";"Dr. Heidemanns-Bergweiler Pinot Noir";"Dr. Heidemanns-Bergweiler Pinot Noir";"2016";"218.9";"0.75";"291.87";"RÃ¸dvin";"Glass";"13.5";"2.1619751"
"Vinmonopolet";"503301";"Dr. Heidemanns-Bergweiler Riesling Trocken";"Dr. Heidemanns-Bergweiler Riesling Trocken";"2011";"169.7";"0.75";"226.27";"White wine";"Glass";"12";"1.8855555"
"Vinmonopolet";"505602";"Hitachino Nest Ginger Ale";"Hitachino Nest Ginger Ale";"0";"59.9";"0.33";"181.52";"Special";"Glass";"8";"2.2689393"
"Vinmonopolet";"505901";"Vigneti Massa Terra Piccolo Derthona 2018";"Vigneti Massa Terra Piccolo Derthona";"2018";"219.5";"0.75";"292.67";"White wine";"Glass";"12.5";"2.3413334"
"Vinmonopolet";"506801";"Villa Conchi Cava Brut SelecciÃ³n";"Villa Conchi Cava Brut SelecciÃ³n";"0";"149.9";"0.75";"199.87";"Sparkling wine";"Glass";"11.5";"1.737971"
"Vinmonopolet";"507001";"Trimbach SÃ©lection de Vieilles Vignes Riesling 2016";"Trimbach SÃ©lection de Vieilles Vignes Riesling";"2016";"329.9";"0.75";"439.87";"White wine";"Glass";"13";"3.3835897"
"Vinmonopolet";"507401";"Mionetto Treviso Prosecco Extra Dry";"Mionetto Treviso Prosecco Extra Dry";"0";"159.9";"0.75";"213.2";"Sparkling wine";"Glass";"11";"1.9381818"
"Vinmonopolet";"507901";"Messmer Riesling Trocken 2019";"Messmer Riesling Trocken";"2019";"150";"0.75";"200";"White wine";"Glass";"12";"1.6666666"
"Vinmonopolet";"508001";"Messmer Schiefer Riesling Trocken 2017";"Messmer Schiefer Riesling Trocken";"2017";"199.9";"0.75";"266.53";"White wine";"Glass";"12.5";"2.1322665"
"Vinmonopolet";"508501";"Dom. aux Moines SavenniÃ¨res Roche aux Moines 2011";"Dom. aux Moines SavenniÃ¨res Roche aux Moines";"2011";"319.9";"0.75";"426.53";"White wine";"Glass";"14.5";"2.9416091"
"Vinmonopolet";"509401";"SchÃ¤fer-FrÃ¶hlich Bockenauer Schiefergestein Riesling Halbtrocken 2014";"SchÃ¤fer-FrÃ¶hlich Bockenauer Schiefergestein Riesling Halbtrocken";"2014";"299.9";"0.75";"399.87";"White wine";"Glass";"12";"3.3322222"
"Vinmonopolet";"509601";"SchÃ¤fer-FrÃ¶hlich Bockenauer Vulkangestein Riesling Trocken 2016";"SchÃ¤fer-FrÃ¶hlich Bockenauer Vulkangestein Riesling Trocken";"2016";"269.9";"0.75";"359.87";"White wine";"Glass";"12";"2.9988887"
"Vinmonopolet";"509701";"SchÃ¤fer-FrÃ¶hlich Bockenauer Schiefergestein Riesling Trocken 2014";"SchÃ¤fer-FrÃ¶hlich Bockenauer Schiefergestein Riesling Trocken";"2014";"299.9";"0.75";"399.87";"White wine";"Glass";"11.5";"3.4771013"
"Vinmonopolet";"510501";"Tribut Chablis Premier Cru CÃ´te de LÃ©chet 2016";"Tribut Chablis Premier Cru CÃ´te de LÃ©chet";"2016";"365.9";"0.75";"487.87";"White wine";"Glass";"13";"3.7528205"
"Vinmonopolet";"511201";"Naked Chase Vodka";"Naked Chase Vodka";"0";"779.5";"0.7";"1113.57";"Vodka";"Glass";"42";"2.6513605"
"Vinmonopolet";"511301";"Chase English Vodka";"Chase English Vodka";"0";"650";"0.7";"928.57";"Vodka";"Glass";"40";"2.3214285"
"Vinmonopolet";"511501";"Nervi Rosato 2018";"Nervi Rosato";"2018";"199.9";"0.75";"266.53";"RosÃ©vin";"Glass";"13.5";"1.9743209"
"Vinmonopolet";"511901";"Terras Gauda AbadÃ­a de San Campio AlbariÃ±o 2019";"Terras Gauda AbadÃ­a de San Campio AlbariÃ±o";"2019";"174.9";"0.75";"233.2";"White wine";"Glass";"12.5";"1.8656"
"Vinmonopolet";"512301";"Amundsen VSOP";"Amundsen VSOP";"0";"399.9";"0.7";"571.29";"Grape spirit";"Glass";"40";"1.4282143"
"Vinmonopolet";"513001";"Luca Roagna Langhe Rosso 2017";"Luca Roagna Langhe Rosso";"2017";"179.9";"0.75";"239.87";"RÃ¸dvin";"Glass";"13";"1.8451282"
"Vinmonopolet";"513101";"Occhipinti SP 68 Bianco 2019";"Occhipinti SP 68 Bianco";"2019";"279.9";"0.75";"373.2";"White wine";"Glass";"12";"3.11"
"Vinmonopolet";"514201";"Ch. Roquefort Gueule de Loup";"Ch. Roquefort Gueule de Loup";"2018";"189.9";"0.75";"253.2";"RÃ¸dvin";"Glass";"13";"1.9476923"
"Vinmonopolet";"514807";"JuvÃ© y Camps Reserva de la Familia Gran Reserva Brut Nature 2015";"JuvÃ© y Camps Reserva de la Familia Gran Reserva Brut Nature";"2015";"869.9";"3";"289.97";"Sparkling wine";"Glass";"12";"2.416389"
"Vinmonopolet";"516301";"Brugal Especial Extra Dry Rum";"Brugal Especial Extra Dry Rum";"0";"389.9";"0.7";"557";"Rum";"Glass";"40";"1.3925"
"Vinmonopolet";"516801";"Gunderloch Nackenheim Riesling 2014";"Gunderloch Nackenheim Riesling";"2014";"209.9";"0.75";"279.87";"White wine";"Glass";"13";"2.1528203"
"Vinmonopolet";"517801";"Philipp Kuhn Steinbuckel Riesling Trocken GG 2017";"Philipp Kuhn Steinbuckel Riesling Trocken GG";"2017";"319.9";"0.75";"426.53";"White wine";"Glass";"13";"3.2810256"
"Vinmonopolet";"517901";"Philipp KÃ¼hn Laumersheim Riesling vom Kalksteinfels Trocken 2017";"Philipp KÃ¼hn Laumersheim Riesling vom Kalksteinfels Trocken";"2017";"219.9";"0.75";"293.2";"White wine";"Glass";"12.5";"2.3456"
"Vinmonopolet";"518506";"Due Passi Appassimento";"Due Passi Appassimento";"0";"439.9";"3";"146.63";"RÃ¸dvin";"Bag-in-box";"13.5";"1.0861728"
"Vinmonopolet";"518708";"Petit Guiraud Sauternes (2x37,5cl) 2010";"Petit Guiraud Sauternes (2x37,5cl)";"2010";"309.9";"0.75";"413.2";"White wine";"Ãvrig";"13.5";"3.0607407"
"Vinmonopolet";"520301";"Marco de Bartoli Bukkuram Sole d'Agosto Passito di Pantelleria";"Marco de Bartoli Bukkuram Sole d'Agosto Passito di Pantelleria";"2016";"495";"0.75";"660";"White wine";"Glass";"14";"4.714286"
"Vinmonopolet";"520302";"Bukkuram Sole d'Agosto Passito di Pantelleria 2017";"Bukkuram Sole d'Agosto Passito di Pantelleria";"2017";"245";"0.38";"653.33";"White wine";"Glass";"14";"4.605263"
"Vinmonopolet";"520401";"Fontanabianca Barbaresco 2016";"Fontanabianca Barbaresco";"2016";"335";"0.75";"446.67";"RÃ¸dvin";"Glass";"14.5";"3.0804598"
"Vinmonopolet";"520601";"Burlotto Langhe Nebbiolo 2018";"Burlotto Langhe Nebbiolo";"2018";"295";"0.75";"393.33";"RÃ¸dvin";"Glass";"14.5";"2.7126436"
"Vinmonopolet";"520801";"Schiefer Weisser Schiefer 2015";"Schiefer Weisser Schiefer";"2015";"199";"0.75";"265.33";"White wine";"Glass";"12.5";"2.1226666"
"Vinmonopolet";"521801";"Nautilus Sauvignon Blanc 2018";"Nautilus Sauvignon Blanc";"2018";"199.9";"0.75";"266.53";"White wine";"Glass";"12.5";"2.1322665"
"Vinmonopolet";"522001";"Nautilus Pinot Noir 2016";"Nautilus Pinot Noir";"2016";"289";"0.75";"385.33";"RÃ¸dvin";"Glass";"13.5";"2.854321"
"Vinmonopolet";"522101";"Opawa Pinot Noir 2018";"Opawa Pinot Noir";"2018";"219";"0.75";"292";"RÃ¸dvin";"Glass";"13";"2.2461538"
"Vinmonopolet";"524501";"Tomatin Highland Single Malt 12 YO";"Tomatin Highland Single Malt 12 YO";"0";"705";"0.7";"1007.14";"Whisky";"Glass";"43";"2.3421926"
"Vinmonopolet";"525001";"Tomatin Highland Single Malt 18 YO";"Tomatin Highland Single Malt 18 YO";"0";"1280";"0.7";"1828.57";"Whisky";"Glass";"46";"3.9751554"
"Vinmonopolet";"525401";"Dolin Vermouth de ChambÃ©ry Rouge";"Dolin Vermouth de ChambÃ©ry Rouge";"0";"224.9";"0.75";"299.87";"Vermouth";"Glass";"16";"1.8741666"
"Vinmonopolet";"525601";"Kilchoman Machir Bay";"Kilchoman Machir Bay";"0";"609.9";"0.7";"871.29";"Whisky";"Glass";"46";"1.8940995"
"Vinmonopolet";"525701";"Dolin Vermouth de ChambÃ©ry Blanc";"Dolin Vermouth de ChambÃ©ry Blanc";"0";"224.9";"0.75";"299.87";"Vermouth";"Glass";"16";"1.8741666"
"Vinmonopolet";"526101";"Dolin Vermouth de ChambÃ©ry Dry";"Dolin Vermouth de ChambÃ©ry Dry";"0";"224.9";"0.75";"299.87";"Vermouth";"Glass";"17.5";"1.7135237"
"Vinmonopolet";"526501";"Kavalan Concertmaster Single Malt";"Kavalan Concertmaster Single Malt";"0";"729.9";"0.7";"1042.71";"Whisky";"Glass";"40";"2.6067858"
"Vinmonopolet";"526601";"Kavalan Single Malt";"Kavalan Single Malt";"0";"809.9";"0.7";"1157";"Whisky";"Glass";"40";"2.8925002"
"Vinmonopolet";"526701";"Kavalan Solist Single Malt ex-Bourbon Cask Strength";"Kavalan Solist Single Malt ex-Bourbon Cask Strength";"0";"1599.9";"0.7";"2285.57";"Whisky";"Glass";"59.4";"3.8477633"
"Vinmonopolet";"526801";"Kavalan Solist Single Malt Sherry Cask Strength";"Kavalan Solist Single Malt Sherry Cask Strength";"0";"1599.9";"0.7";"2285.57";"Whisky";"Glass";"58.6";"3.9002929"
"Vinmonopolet";"527401";"Fenocchio Roero Arneis";"Fenocchio Roero Arneis";"2019";"184.9";"0.75";"246.53";"White wine";"Glass";"13";"1.8964102"
"Vinmonopolet";"527501";"Southern Right Sauvignon Blanc 2019";"Southern Right Sauvignon Blanc";"2019";"209.9";"0.75";"279.87";"White wine";"Glass";"13.5";"2.0730863"
"Vinmonopolet";"527601";"Southern Right Pinotage 2018";"Southern Right Pinotage";"2018";"249.9";"0.75";"333.2";"RÃ¸dvin";"Glass";"13.5";"2.468148"
"Vinmonopolet";"528101";"Chivite Finca de Villatuerta Seleccion Especial 2015";"Chivite Finca de Villatuerta Seleccion Especial";"2015";"219.9";"0.75";"293.2";"RÃ¸dvin";"Glass";"14";"2.0942857"
"Vinmonopolet";"528201";"Chivite Finca de Villatuerta Chardonnay 2017";"Chivite Finca de Villatuerta Chardonnay";"2017";"219.9";"0.75";"293.2";"White wine";"Glass";"14";"2.0942857"
"Vinmonopolet";"529105";"Angiolino Maule Masieri 2018";"Angiolino Maule Masieri";"2018";"399.9";"1.5";"266.6";"White wine";"Glass";"12";"2.2216666"
"Vinmonopolet";"529201";"Jean David CÃ´te du Rhone 2016";"Jean David CÃ´te du Rhone";"2016";"229.9";"0.75";"306.53";"RÃ¸dvin";"Glass";"13";"2.3579485"
"Vinmonopolet";"529401";"Cornelissen Susucaru Rosato 2018";"Cornelissen Susucaru Rosato";"2018";"279.9";"0.75";"373.2";"RosÃ©vin";"Glass";"11.5";"3.2452173"
"Vinmonopolet";"529501";"Camillo Donati Malvasia Rosa Frizzante 2018";"Camillo Donati Malvasia Rosa Frizzante";"2018";"239.9";"0.75";"319.87";"Perlende vin, rosÃ©";"Glass";"13";"2.4605129"
"Vinmonopolet";"530101";"Castellroig Cava Brut Nature Reserva 2015";"Castellroig Cava Brut Nature Reserva";"2015";"220";"0.75";"293.33";"Sparkling wine";"Glass";"12";"2.4444444"
"Vinmonopolet";"530706";"BattenfeldSpanier Riesling Trocken 2019";"BattenfeldSpanier Riesling Trocken";"2019";"459.9";"3";"153.3";"White wine";"Bag-in-box";"12";"1.2775"
"Vinmonopolet";"531101";"Ch. de BÃ©ru Chablis 2017";"Ch. de BÃ©ru Chablis";"2017";"359.9";"0.75";"479.87";"White wine";"Glass";"12.5";"3.8389332"
"Vinmonopolet";"531201";"COS Rami 2018";"COS Rami";"2018";"269.9";"0.75";"359.87";"White wine";"Glass";"12";"2.9988887"
"Vinmonopolet";"533001";"Duplessis Chablis Premier Cru Montmain 2016";"Duplessis Chablis Premier Cru Montmain";"2016";"399.9";"0.75";"533.2";"White wine";"Glass";"12.5";"4.2655997"
"Vinmonopolet";"533301";"Santa Lucia Bardolino Superiore 2013";"Santa Lucia Bardolino Superiore";"2013";"189.6";"0.75";"252.8";"RÃ¸dvin";"Glass";"13";"1.9446155"
"Vinmonopolet";"533901";"Marrone Solaris Moscato dÂ´Asti 2017";"Marrone Solaris Moscato dÂ´Asti";"2017";"159.9";"0.75";"213.2";"White wine";"Glass";"5";"4.264"
"Vinmonopolet";"534001";"Marrone Passione Langhe 2015";"Marrone Passione Langhe";"2015";"209.9";"0.75";"279.87";"RÃ¸dvin";"Glass";"14";"1.9990475"
"Vinmonopolet";"534402";"Villabella Fiordilej Passito 2013";"Villabella Fiordilej Passito";"2013";"179.9";"0.38";"479.73";"White wine";"Glass";"13";"3.6417003"
"Vinmonopolet";"534601";"Villabella Amarone della Valpolicella Classico 2011";"Villabella Amarone della Valpolicella Classico";"2011";"339.9";"0.75";"453.2";"RÃ¸dvin";"Glass";"15";"3.0213332"
"Vinmonopolet";"534701";"Villa Cordevigo Rosso 2011";"Villa Cordevigo Rosso";"2011";"289.9";"0.75";"386.53";"RÃ¸dvin";"Glass";"14.5";"2.6657472"
"Vinmonopolet";"534801";"Villa Cordevigo Bianco 2015";"Villa Cordevigo Bianco";"2015";"259.9";"0.75";"346.53";"White wine";"Glass";"13.5";"2.5669136"
"Vinmonopolet";"536302";"Loirette";"Loirette";"0";"59.9";"0.33";"181.52";"Saison farmhouse ale";"Glass";"5.5";"3.3002753"
"Vinmonopolet";"536601";"La Salamandre Blonde";"La Salamandre Blonde";"0";"129.9";"0.75";"173.2";"Light ale";"Glass";"6.5";"2.6646152"
"Vinmonopolet";"539601";"Egge GÃ¥rd Musserende rosÃ© sider";"Egge GÃ¥rd Musserende rosÃ© sider";"2016";"169.9";"0.75";"226.53";"Cider";"Glass";"11";"2.059394"
"Vinmonopolet";"540001";"Naked on Roller Skates 2019";"Naked on Roller Skates";"2019";"200";"0.75";"266.67";"RÃ¸dvin";"Glass";"14.5";"1.8390805"
"Vinmonopolet";"540201";"Wild Rock Cupids Arrow Pinot Noir 2016";"Wild Rock Cupids Arrow Pinot Noir";"2016";"259.9";"0.75";"346.53";"RÃ¸dvin";"Glass";"13";"2.665641"
"Vinmonopolet";"540401";"Wild Rock Elevation Sauvignon Blanc 2019";"Wild Rock Elevation Sauvignon Blanc";"2019";"209.9";"0.75";"279.87";"White wine";"Glass";"12.5";"2.2389333"
"Vinmonopolet";"540501";"Craggy Range Te Muna Sauvignon Blanc 2019";"Craggy Range Te Muna Sauvignon Blanc";"2019";"269.9";"0.75";"359.87";"White wine";"Glass";"12.5";"2.8789332"
"Vinmonopolet";"540601";"Craggy Range Te Muna Pinot Noir 2017";"Craggy Range Te Muna Pinot Noir";"2017";"359.9";"0.75";"479.87";"RÃ¸dvin";"Glass";"13";"3.691282"
"Vinmonopolet";"540701";"Craggy Range Kidnapper Chardonnay 2016";"Craggy Range Kidnapper Chardonnay";"2016";"279.9";"0.75";"373.2";"White wine";"Glass";"12.5";"2.9856"
"Vinmonopolet";"541702";"Kiuchi Kurashizuka";"Kiuchi Kurashizuka";"0";"99.9";"0.3";"333";"Sake";"Glass";"15";"2.22"
"Vinmonopolet";"542101";"Muga Aro 2015";"Muga Aro";"2015";"1650";"0.75";"2200";"RÃ¸dvin";"Glass";"14.5";"15.172414"
"Vinmonopolet";"542401";"Mount Olympus Sauvignon Blanc 2018";"Mount Olympus Sauvignon Blanc";"2018";"196.9";"0.75";"262.53";"White wine";"Glass";"12.5";"2.1002667"
"Vinmonopolet";"542802";"Bache-Gabrielsen Pure & Rustic Grande Champagne";"Bache-Gabrielsen Pure & Rustic Grande Champagne";"0";"499";"0.35";"1425.71";"Grape spirit";"Glass";"43";"3.3156147"
"Vinmonopolet";"544702";"La Goya Manzanilla Pasada";"La Goya Manzanilla Pasada";"0";"130.9";"0.38";"349.07";"Sherry";"Glass";"15";"2.2964911"
"Vinmonopolet";"544801";"MartÃºe 2009";"MartÃºe";"2009";"151.8";"0.75";"202.4";"RÃ¸dvin";"Glass";"14.5";"1.3958621"
"Vinmonopolet";"545901";"Santa Sofia Valpolicella Classico 2018";"Santa Sofia Valpolicella Classico";"2018";"149.9";"0.75";"199.87";"RÃ¸dvin";"Glass";"12.5";"1.5989332"
"Vinmonopolet";"546402";"HofbrÃ¤u MÃ¼nchen Dunkel";"HofbrÃ¤u MÃ¼nchen Dunkel";"0";"60.5";"0.5";"121";"MÃ¸rk lager";"Glass";"5.5";"2.2"
"Vinmonopolet";"546502";"Ariyanas Naturalmente Dulce 2012";"Ariyanas Naturalmente Dulce";"2012";"305";"0.5";"610";"White wine";"Glass";"13";"4.6923075"
"Vinmonopolet";"546602";"Ariyanas TerruÃ±o Pizarroso 2008";"Ariyanas TerruÃ±o Pizarroso";"2008";"352";"0.38";"938.67";"White wine";"Glass";"13";"7.125506"
"Vinmonopolet";"547901";"Lagunilla Optimus 2014";"Lagunilla Optimus";"2014";"270.9";"0.75";"361.2";"RÃ¸dvin";"Glass";"14";"2.58"
"Vinmonopolet";"548001";"Chase Seville Marmalade Gin";"Chase Seville Marmalade Gin";"0";"639.9";"0.7";"914.14";"Gin";"Glass";"40";"2.2853572"
"Vinmonopolet";"548402";"Sipsmith Sloe Gin";"Sipsmith Sloe Gin";"2018";"474.9";"0.5";"949.8";"LikÃ¸r";"Glass";"29";"3.2751725"
"Vinmonopolet";"548802";"Gouden Carolus Triple";"Gouden Carolus Triple";"0";"69.9";"0.33";"211.82";"Trappist";"Glass";"9";"2.3535354"
"Vinmonopolet";"549301";"Quinta do Ameal Branco 2018";"Quinta do Ameal Branco";"2018";"199.9";"0.75";"266.53";"White wine";"Glass";"12";"2.221111"
"Vinmonopolet";"552201";"Paladin Prosecco Frizzante Tappo Spago 2012";"Paladin Prosecco Frizzante Tappo Spago";"2012";"136";"0.75";"181.33";"Sparkling white wine";"Glass";"11";"1.6484848"
"Vinmonopolet";"553002";"Bols Watermelon";"Bols Watermelon";"0";"209.9";"0.5";"419.8";"LikÃ¸r";"Glass";"17";"2.4694116"
"Vinmonopolet";"553102";"Bols Elderflower";"Bols Elderflower";"0";"209.9";"0.5";"419.8";"LikÃ¸r";"Glass";"17";"2.4694116"
"Vinmonopolet";"553301";"Jim Beam Rye";"Jim Beam Rye";"0";"449.9";"0.7";"642.71";"Whisky";"Glass";"40";"1.6067858"
"Vinmonopolet";"553801";"Eric Texier BrÃ©zÃ¨me Roussanne 2017";"Eric Texier BrÃ©zÃ¨me Roussanne";"2017";"319.9";"0.75";"426.53";"White wine";"Glass";"12.5";"3.4122665"
"Vinmonopolet";"553901";"Audoin Marsannay La Charme aux PrÃªtres 2017";"Audoin Marsannay La Charme aux PrÃªtres";"2017";"479.9";"0.75";"639.87";"White wine";"Glass";"13";"4.9220514"
"Vinmonopolet";"555101";"Paula Malbec 2018";"Paula Malbec";"2018";"139.9";"0.75";"186.53";"RÃ¸dvin";"Glass";"13.5";"1.3817283"
"Vinmonopolet";"555201";"Paula Chardonnay 2017";"Paula Chardonnay";"2017";"139.9";"0.75";"186.53";"White wine";"Glass";"14";"1.3323809"
"Vinmonopolet";"558201";"ViÃ±a Maipo Mi Pueblo Sauvignon Blanc 2019";"ViÃ±a Maipo Mi Pueblo Sauvignon Blanc";"2019";"98.9";"0.75";"131.87";"White wine";"Glass";"11";"1.1987879"
"Vinmonopolet";"558302";"Eligo dellÂ´Ornellaia Grappa Riserva";"Eligo dellÂ´Ornellaia Grappa Riserva";"0";"735";"0.5";"1470";"Grape spirit";"Glass";"42";"3.5"
"Vinmonopolet";"561201";"Marc Kreydenweiss Lerchenberg Pinot Gris 2018";"Marc Kreydenweiss Lerchenberg Pinot Gris";"2018";"239.9";"0.75";"319.87";"White wine";"Glass";"14";"2.284762"
"Vinmonopolet";"561301";"Lindeman's Cawarra Shiraz Cabernet 2019";"Lindeman's Cawarra Shiraz Cabernet";"2019";"108.9";"0.75";"145.2";"RÃ¸dvin";"Glass";"14";"1.0371429"
"Vinmonopolet";"562601";"Mantlerhof GrÃ¼ner Veltliner LÃ¶ss 2017";"Mantlerhof GrÃ¼ner Veltliner LÃ¶ss";"2017";"179.9";"0.75";"239.87";"White wine";"Glass";"13.5";"1.77679"
"Vinmonopolet";"563301";"Rioja Alta Gran Reserva 904 2011";"Rioja Alta Gran Reserva 904";"2011";"429.9";"0.75";"573.2";"RÃ¸dvin";"Glass";"14";"4.0942855"
"Vinmonopolet";"563605";"Calles Mittelheimer Goldberg Riesling SpÃ¤tlese 2012";"Calles Mittelheimer Goldberg Riesling SpÃ¤tlese";"2012";"489.9";"1.5";"326.6";"White wine";"Glass";"9.5";"3.4378946"
"Vinmonopolet";"563701";"Loxarel Reserva Brut Nature 2015";"Loxarel Reserva Brut Nature";"2015";"179.9";"0.75";"239.87";"Sparkling wine";"Glass";"12.5";"1.9189333"
"Vinmonopolet";"564601";"Don Melchor 2015";"Don Melchor";"2015";"749.8";"0.75";"999.73";"RÃ¸dvin";"Glass";"14.5";"6.8947124"
"Vinmonopolet";"566401";"Kloster Eberbach Hattenheimer Engelmannsberg Riesling Kabinett 2018";"Kloster Eberbach Hattenheimer Engelmannsberg Riesling Kabinett";"2018";"154.9";"0.75";"206.53";"White wine";"Glass";"7.5";"2.7537777"
"Vinmonopolet";"568101";"Hardy VSOP";"Hardy VSOP";"0";"516.2";"0.7";"737.43";"Grape spirit";"Glass";"40";"1.8435715"
"Vinmonopolet";"568701";"Feuillat-Juillot Montagny 1er Cru Les Montcuchots 2011";"Feuillat-Juillot Montagny 1er Cru Les Montcuchots";"2011";"222.5";"0.75";"296.67";"White wine";"Glass";"13";"2.2820513"
"Vinmonopolet";"569201";"Marchesi di Gresy Martinenga Barbaresco 2014";"Marchesi di Gresy Martinenga Barbaresco";"2014";"579.9";"0.75";"773.2";"RÃ¸dvin";"Glass";"14.5";"5.332414"
"Vinmonopolet";"570401";"Jean Pabiot CuvÃ©e Prestige des Fines Caillottes Pouilly-FumÃ© 2017";"Jean Pabiot CuvÃ©e Prestige des Fines Caillottes Pouilly-FumÃ©";"2017";"289.9";"0.75";"386.53";"White wine";"Glass";"13";"2.9733334"
"Vinmonopolet";"571301";"Hamilton Canadian Whisky";"Hamilton Canadian Whisky";"0";"344.9";"0.7";"492.71";"Whisky";"Glass";"40";"1.2317857"
"Vinmonopolet";"571701";"Brocard Sainte Claire Chablis 2018";"Brocard Sainte Claire Chablis";"2018";"239.9";"0.75";"319.87";"White wine";"Glass";"13";"2.4605129"
"Vinmonopolet";"571801";"Buxy Montagny 1. Cru 2017";"Buxy Montagny 1. Cru";"2017";"259.9";"0.75";"346.53";"White wine";"Glass";"13.5";"2.5669136"
"Vinmonopolet";"572001";"Vocoret Chablis 1er Cru Les Montmains 2016";"Vocoret Chablis 1er Cru Les Montmains";"2016";"279.9";"0.75";"373.2";"White wine";"Glass";"13";"2.8707693"
"Vinmonopolet";"572201";"Swartland Pinotage 2018";"Swartland Pinotage";"2018";"179.9";"0.75";"239.87";"RÃ¸dvin";"Glass";"14";"1.7133332"
"Vinmonopolet";"572501";"St. RÃ©my Authentic Brandy V.S.O.P.";"St. RÃ©my Authentic Brandy V.S.O.P.";"0";"329.9";"0.7";"471.29";"Grape spirit";"Glass";"36";"1.309127"
"Vinmonopolet";"575101";"St. RÃ©my Authentic Brandy V.S.O.P.";"St. RÃ©my Authentic Brandy V.S.O.P.";"0";"459.9";"1";"459.9";"Grape spirit";"Glass";"36";"1.2775"
"Vinmonopolet";"575102";"St. RÃ©my Authentic Brandy V.S.O.P.";"St. RÃ©my Authentic Brandy V.S.O.P.";"0";"244.9";"0.5";"489.8";"Grape spirit";"Plast";"36";"1.3605555"
"Vinmonopolet";"575201";"Fenocchio Barolo Bussia Sottana Riserva 2013";"Fenocchio Barolo Bussia Sottana Riserva";"2013";"349.9";"0.75";"466.53";"RÃ¸dvin";"Glass";"14";"3.332381"
"Vinmonopolet";"575901";"Georges Duboeuf Fleurie 2018";"Georges Duboeuf Fleurie";"2018";"184.9";"0.75";"246.53";"RÃ¸dvin";"Glass";"13";"1.8964102"
"Vinmonopolet";"576501";"The Crossings Pinot Noir 2017";"The Crossings Pinot Noir";"2017";"139.9";"0.75";"186.53";"RÃ¸dvin";"Glass";"13";"1.4348717"
"Vinmonopolet";"576601";"Zonnebloem Chardonnay 2019";"Zonnebloem Chardonnay";"2019";"131.9";"0.75";"175.87";"White wine";"Glass";"13.5";"1.302716"
"Vinmonopolet";"576801";"Santa Digna Cabernet Sauvignon 2018";"Santa Digna Cabernet Sauvignon";"2018";"139.9";"0.75";"186.53";"RÃ¸dvin";"Glass";"13.5";"1.3817283"
"Vinmonopolet";"579401";"Laphroaig Single Malt 10 Years Old";"Laphroaig Single Malt 10 Years Old";"0";"545.9";"0.7";"779.86";"Whisky";"Glass";"40";"1.949643"
"Vinmonopolet";"580201";"Sognefjord - med bitre cidereple";"Sognefjord - med bitre cidereple";"0";"169.9";"0.75";"226.53";"Cider";"Glass";"8";"2.8316665"
"Vinmonopolet";"582401";"Eric Texier AdÃ©le CÃ´tes du RhÃ´ne 2018";"Eric Texier AdÃ©le CÃ´tes du RhÃ´ne";"2018";"239.9";"0.75";"319.87";"White wine";"Glass";"13";"2.4605129"
"Vinmonopolet";"582801";"Alesmith Speedway Stout 2015";"Alesmith Speedway Stout";"2015";"210";"0.75";"280";"Porter and stout";"Glass";"12";"2.3333333"
"Vinmonopolet";"587902";"Colosia Amontillado";"Colosia Amontillado";"0";"235";"0.38";"626.67";"Sherry";"Glass";"18";"3.4356725"
"Vinmonopolet";"588002";"Colosia Fino";"Colosia Fino";"0";"225";"0.38";"600";"Sherry";"Glass";"15";"3.9473684"
"Vinmonopolet";"589201";"Zanotto Col Fondo 2015";"Zanotto Col Fondo";"2015";"169.9";"0.75";"226.53";"Sparkling white wine";"Glass";"11";"2.059394"
"Vinmonopolet";"590001";"Moss 2014 Umbria Rosso 2012";"Moss  Umbria Rosso";"2012";"159.9";"0.75";"213.2";"RÃ¸dvin";"Glass";"14";"1.5228571"
"Vinmonopolet";"590601";"Francis Ford Coppola Diamond Collection Zinfandel 2017";"Francis Ford Coppola Diamond Collection Zinfandel";"2017";"239.9";"0.75";"319.87";"RÃ¸dvin";"Glass";"14.1";"2.2685578"
"Vinmonopolet";"590701";"Francis Ford Coppola Rosso 2016";"Francis Ford Coppola Rosso";"2016";"214.9";"0.75";"286.53";"RÃ¸dvin";"Glass";"13.9";"2.0613909"
"Vinmonopolet";"590801";"Francis Ford Coppola Chardonnay 2017";"Francis Ford Coppola Chardonnay";"2017";"219.9";"0.75";"293.2";"White wine";"Glass";"13.5";"2.1718519"
"Vinmonopolet";"591901";"Berthier Pouilly-FumÃ© 2018";"Berthier Pouilly-FumÃ©";"2018";"219";"0.75";"292";"White wine";"Glass";"12.5";"2.336"
"Vinmonopolet";"591905";"Berthier Pouilly-FumÃ© 2016";"Berthier Pouilly-FumÃ©";"2016";"479.9";"1.5";"319.93";"White wine";"Glass";"12.5";"2.5594666"
"Vinmonopolet";"592001";"Berthier Clairneaux Sancerre 2018";"Berthier Clairneaux Sancerre";"2018";"219";"0.75";"292";"White wine";"Glass";"12.5";"2.336"
"Vinmonopolet";"592005";"Berthier Clairneaux Sancerre";"Berthier Clairneaux Sancerre";"2017";"479.9";"1.5";"319.93";"White wine";"Glass";"12.5";"2.5594666"
"Vinmonopolet";"595401";"Meinklang GrÃ¼ner Veltliner Â«HeidebodenÂ» 2019";"Meinklang GrÃ¼ner Veltliner Â«HeidebodenÂ»";"2019";"155";"0.75";"206.67";"White wine";"Glass";"11";"1.8787879"
"Vinmonopolet";"596401";"Smirnoff Black Label";"Smirnoff Black Label";"0";"489.9";"0.7";"699.86";"Vodka";"Glass";"40";"1.7496428"
"Vinmonopolet";"596601";"Geiler Riesling Terroirs dÂ´Alluvions 2018";"Geiler Riesling Terroirs dÂ´Alluvions";"2018";"145.9";"0.75";"194.53";"White wine";"Glass";"11.5";"1.6915941"
"Vinmonopolet";"598401";"La Petite Perriere Sauvignon";"La Petite Perriere Sauvignon";"2018";"134.9";"0.75";"179.87";"White wine";"Glass";"12.5";"1.4389333"
"Vinmonopolet";"598801";"Saes DÃ£o 2016";"Saes DÃ£o";"2016";"149.9";"0.75";"199.87";"RÃ¸dvin";"Glass";"13";"1.5374359"
"Vinmonopolet";"600101";"Collinato Montepulciano d'Abruzzo 2012";"Collinato Montepulciano d'Abruzzo";"2012";"194.9";"0.75";"259.87";"RÃ¸dvin";"Glass";"13";"1.9989743"
"Vinmonopolet";"602801";"Collosorbo Rosso di Montalcino 2017";"Collosorbo Rosso di Montalcino";"2017";"249";"0.75";"332";"RÃ¸dvin";"Glass";"14";"2.3714285"
"Vinmonopolet";"603301";"Darnat Meursault Goutte dÂ´Or 1er Cru 2013";"Darnat Meursault Goutte dÂ´Or 1er Cru";"2013";"649.9";"0.75";"866.53";"White wine";"Glass";"13.5";"6.4187655"
"Vinmonopolet";"603401";"Darnat Meursault Clos Richemont 1er Cru 2017";"Darnat Meursault Clos Richemont 1er Cru";"2017";"639.9";"0.75";"853.2";"White wine";"Glass";"14";"6.094286"
"Vinmonopolet";"603601";"La SoufrandiÃ¨re Pouilly-Vinzelles 2017";"La SoufrandiÃ¨re Pouilly-Vinzelles";"2017";"380";"0.75";"506.67";"White wine";"Glass";"14";"3.6190476"
"Vinmonopolet";"603701";"Dom. de la VillaudiÃ¨re Sancerre 2018";"Dom. de la VillaudiÃ¨re Sancerre";"2018";"169.9";"0.75";"226.53";"RosÃ©vin";"Glass";"13";"1.7425641"
"Vinmonopolet";"604306";"Jacob's Creek Earth Vine Grape Chardonnay 2017";"Jacob's Creek Earth Vine Grape Chardonnay";"2017";"387.9";"3";"129.3";"White wine";"Bag-in-box";"13";"0.9946154"
"Vinmonopolet";"604801";"Zeni Bardolino Chiaretto Classico Vigne Alte 2017";"Zeni Bardolino Chiaretto Classico Vigne Alte";"2017";"199.9";"0.75";"266.53";"RosÃ©vin";"Glass";"12.5";"2.1322665"
"Vinmonopolet";"605001";"Lucien le Moine Arioso ChÃ¢teauneuf-du-Pape 2013";"Lucien le Moine Arioso ChÃ¢teauneuf-du-Pape";"2013";"1400.5";"0.75";"1867.33";"RÃ¸dvin";"Glass";"14.5";"12.87816"
"Vinmonopolet";"605101";"Saouma Magis Chateauneuf-du-Pape 2014";"Saouma Magis Chateauneuf-du-Pape";"2014";"799.8";"0.75";"1066.4";"White wine";"Glass";"14";"7.6171427"
"Vinmonopolet";"605301";"Lucien Le Moine ChÃ¢teauneuf-du-Pape Omnia 2015";"Lucien Le Moine ChÃ¢teauneuf-du-Pape Omnia";"2015";"759.9";"0.75";"1013.2";"RÃ¸dvin";"Glass";"14.5";"6.9875865"
"Vinmonopolet";"611601";"Santero Prosecco Extra Dry";"Santero Prosecco Extra Dry";"0";"149";"0.75";"198.67";"Sparkling wine";"Glass";"11.5";"1.7275362"
"Vinmonopolet";"611605";"Santero Prosecco Extra Dry";"Santero Prosecco Extra Dry";"0";"299";"1.5";"199.33";"Sparkling wine";"Glass";"11.5";"1.7333333"
"Vinmonopolet";"611701";"Altareggia Treviso Prosecco Brut 2015";"Altareggia Treviso Prosecco Brut";"2015";"147.9";"0.75";"197.2";"Sparkling wine";"Glass";"11";"1.7927272"
"Vinmonopolet";"611705";"Altareggia Treviso Prosecco Brut";"Altareggia Treviso Prosecco Brut";"0";"315";"1.5";"210";"Sparkling wine";"Glass";"11";"1.9090909"
"Vinmonopolet";"611901";"Bertani Valpolicella Ripasso 2017";"Bertani Valpolicella Ripasso";"2017";"249.9";"0.75";"333.2";"RÃ¸dvin";"Glass";"13.5";"2.468148"
"Vinmonopolet";"612302";"BrewDog Cocoa Psycho Russian Imperial Stout";"BrewDog Cocoa Psycho Russian Imperial Stout";"0";"99.9";"0.33";"302.73";"Porter and stout";"Glass";"10";"3.0272727"
"Vinmonopolet";"613501";"Speri Valpolicella Classico 2018";"Speri Valpolicella Classico";"2018";"164.9";"0.75";"219.87";"RÃ¸dvin";"Glass";"12.5";"1.7589333"
"Vinmonopolet";"614501";"Gassier 946 RosÃ© 2017";"Gassier 946 RosÃ©";"2017";"399.9";"0.75";"533.2";"RosÃ©vin";"Glass";"14";"3.8085713"
"Vinmonopolet";"614601";"Lupi Reali Trebbiano d'Abruzzo 2019";"Lupi Reali Trebbiano d'Abruzzo";"2019";"134.9";"0.75";"179.87";"White wine";"Glass";"12.5";"1.4389333"
"Vinmonopolet";"614706";"La Galope Sauvignon Blanc 2019";"La Galope Sauvignon Blanc";"2019";"424.9";"3";"141.63";"White wine";"Bag-in-box";"12";"1.1802777"
"Vinmonopolet";"615001";"Ampeleia Unlitro 2018";"Ampeleia Unlitro";"2018";"259.9";"1";"259.9";"RÃ¸dvin";"Glass";"12";"2.1658332"
"Vinmonopolet";"615201";"Gonzalez Byass Solera 1847 Oloroso";"Gonzalez Byass Solera  Oloroso";"0";"289.9";"0.75";"386.53";"Sherry";"Glass";"18";"2.1474073"
"Vinmonopolet";"615301";"Adami Bosca di Gica Valdobbiadene Prosecco Superiore Brut";"Adami Bosca di Gica Valdobbiadene Prosecco Superiore Brut";"0";"229.9";"0.75";"306.53";"Sparkling wine";"Glass";"11";"2.7866666"
"Vinmonopolet";"615401";"Coppo L'Avvocata Barbera d'Asti 2018";"Coppo L'Avvocata Barbera d'Asti";"2018";"219.9";"0.75";"293.2";"RÃ¸dvin";"Glass";"14.5";"2.022069"
"Vinmonopolet";"615901";"Jack Daniel's Tennessee Honey";"Jack Daniel's Tennessee Honey";"0";"399.9";"0.7";"571.29";"LikÃ¸r";"Glass";"35";"1.632245"
"Vinmonopolet";"615903";"Jack Daniel's Tennessee Honey";"Jack Daniel's Tennessee Honey";"0";"51.9";"0.05";"1038";"LikÃ¸r";"Plast";"35";"2.9657142"
"Vinmonopolet";"618301";"Antonelli Montefalco Grechetto 2019";"Antonelli Montefalco Grechetto";"2019";"169.9";"0.75";"226.53";"White wine";"Glass";"14";"1.6180952"
"Vinmonopolet";"618701";"Bouchard Vosne-RomanÃ©e 2017";"Bouchard Vosne-RomanÃ©e";"2017";"685.9";"0.75";"914.53";"RÃ¸dvin";"Glass";"13";"7.034872"
"Vinmonopolet";"619501";"Gekkeikan Sake";"Gekkeikan Sake";"0";"184.9";"0.75";"246.53";"Sake";"Glass";"14.6";"1.6885843"
"Vinmonopolet";"620302";"Gaia Vin Santo 2008";"Gaia Vin Santo";"2008";"345";"0.5";"690";"White wine";"Glass";"13.5";"5.111111"
"Vinmonopolet";"620402";"Berserk Black Storm";"Berserk Black Storm";"0";"309.9";"0.5";"619.8";"Rum";"Glass";"37.5";"1.6528"
"Vinmonopolet";"620501";"Pascal Jolivet Pouilly-FumÃ© 2017";"Pascal Jolivet Pouilly-FumÃ©";"2017";"284.9";"0.75";"379.87";"White wine";"Glass";"12.5";"3.0389333"
"Vinmonopolet";"621201";"Pol Roger Brut RÃ©serve";"Pol Roger Brut RÃ©serve";"0";"469";"0.75";"625.33";"Champagne, brut";"Glass";"12.5";"5.0026665"
"Vinmonopolet";"621301";"Kraken Black Spiced";"Kraken Black Spiced";"0";"454.9";"0.7";"649.86";"Other spirit";"Glass";"40";"1.6246428"
"Vinmonopolet";"621501";"Lenotti Bardolino Classico 2018";"Lenotti Bardolino Classico";"2018";"129.9";"0.75";"173.2";"RÃ¸dvin";"Glass";"12";"1.4433333"
"Vinmonopolet";"621801";"Tommasi RafaÃ¨l Valpolicella Classico Superiore 2017";"Tommasi RafaÃ¨l Valpolicella Classico Superiore";"2017";"199.9";"0.75";"266.53";"RÃ¸dvin";"Glass";"12.5";"2.1322665"
"Vinmonopolet";"622501";"Gabriel Boudier London Dry Gin";"Gabriel Boudier London Dry Gin";"0";"429";"0.7";"612.86";"Gin";"Glass";"37.5";"1.6342857"
"Vinmonopolet";"623201";"Alex Sushi Riesling Trocken 2017";"Alex Sushi Riesling Trocken";"2017";"199";"0.75";"265.33";"White wine";"Glass";"13";"2.0410256"
"Vinmonopolet";"623301";"Zilliken Saarburger Riesling Feinherb 2018";"Zilliken Saarburger Riesling Feinherb";"2018";"236.9";"0.75";"315.87";"White wine";"Glass";"11";"2.871515"
"Vinmonopolet";"623501";"Serge Laloue Sancerre Le Cul de Beaujeu 2011";"Serge Laloue Sancerre Le Cul de Beaujeu";"2011";"314";"0.75";"418.67";"White wine";"Glass";"13.5";"3.1012347"
"Vinmonopolet";"623601";"Gabriel Boudier Safron Gin";"Gabriel Boudier Safron Gin";"0";"499.9";"0.7";"714.14";"Gin";"Glass";"40";"1.7853571"
"Vinmonopolet";"623705";"Brocard Sainte Claire Chablis Vieilles Vignes 2014";"Brocard Sainte Claire Chablis Vieilles Vignes";"2014";"559.9";"1.5";"373.27";"White wine";"Glass";"13";"2.871282"
"Vinmonopolet";"623801";"Spindler Forster Riesling Trocken 2017";"Spindler Forster Riesling Trocken";"2017";"204.9";"0.75";"273.2";"White wine";"Glass";"12.5";"2.1856"
"Vinmonopolet";"624001";"Eifel-Pfeiffer Graacher Himmelreich Riesling Kabinett halbtrocken 2012";"Eifel-Pfeiffer Graacher Himmelreich Riesling Kabinett halbtrocken";"2012";"149.8";"0.75";"199.73";"White wine";"Glass";"10.5";"1.9022223"
"Vinmonopolet";"624501";"Roland Lavatureux Chablis 2017";"Roland Lavatureux Chablis";"2017";"249.9";"0.75";"333.2";"White wine";"Glass";"12.5";"2.6655998"
"Vinmonopolet";"624701";"Rolet CrÃ©mant du Jura Brut 2014";"Rolet CrÃ©mant du Jura Brut";"2014";"225";"0.75";"300";"Sparkling wine";"Glass";"12";"2.5"
"Vinmonopolet";"625101";"Stolichnaya";"Stolichnaya";"0";"349.9";"0.7";"499.86";"Vodka";"Glass";"38";"1.3154135"
"Vinmonopolet";"625601";"St. Cosme CÃ´te-RÃ´tie 2016";"St. Cosme CÃ´te-RÃ´tie";"2016";"525";"0.75";"700";"RÃ¸dvin";"Glass";"13";"5.3846154"
"Vinmonopolet";"625801";"KÃ¼hn Oestrich Lenchen Riesling Kabinett 2018";"KÃ¼hn Oestrich Lenchen Riesling Kabinett";"2018";"239";"0.75";"318.67";"White wine";"Glass";"10";"3.1866667"
"Vinmonopolet";"626201";"Lysholm Linie Double Cask Sherry/Port";"Lysholm Linie Double Cask Sherry/Port";"0";"499.9";"0.7";"714.14";"Aquavit";"Glass";"41.5";"1.7208261"
"Vinmonopolet";"626302";"Gilde Grill Aquavit";"Gilde Grill Aquavit";"0";"324.9";"0.5";"649.8";"Aquavit";"Glass";"37.5";"1.7328"
"Vinmonopolet";"626406";"PflÃ¼ger Riesling Trocken 2019";"PflÃ¼ger Riesling Trocken";"2019";"459.9";"3";"153.3";"White wine";"Bag-in-box";"11.5";"1.3330435"
"Vinmonopolet";"626601";"Thr3 Monkeys Fruity White 2016";"Thr3 Monkeys Fruity White";"2016";"99.9";"0.75";"133.2";"White wine";"Glass";"8.5";"1.5670588"
"Vinmonopolet";"627001";"Bertani Amarone Della Valpolicella Classico 2010";"Bertani Amarone Della Valpolicella Classico";"2010";"899.9";"0.75";"1199.87";"RÃ¸dvin";"Glass";"15";"7.999111"
"Vinmonopolet";"627302";"Luxardo Maraschino Originale";"Luxardo Maraschino Originale";"0";"309.9";"0.5";"619.8";"LikÃ¸r";"Glass";"32";"1.936875"
"Vinmonopolet";"628901";"Egri Merlot 2017";"Egri Merlot";"2017";"119.9";"0.75";"159.87";"RÃ¸dvin";"Glass";"11.5";"1.390145"
"Vinmonopolet";"629001";"Cockburn's Special Reserve";"Cockburn's Special Reserve";"0";"199.9";"0.75";"266.53";"Port wine";"Glass";"20";"1.3326666"
"Vinmonopolet";"629901";"Tommasi Amarone della Valpolicella Classico 2015";"Tommasi Amarone della Valpolicella Classico";"2015";"399.9";"0.75";"533.2";"RÃ¸dvin";"Glass";"15";"3.5546665"
"Vinmonopolet";"629905";"Tommasi Amarone della Valpolicella Classico 2015";"Tommasi Amarone della Valpolicella Classico";"2015";"950";"1.5";"633.33";"RÃ¸dvin";"Glass";"15";"4.2222223"
"Vinmonopolet";"630604";"Churchills White Port Dry";"Churchills White Port Dry";"0";"99.9";"0.2";"499.5";"Port wine";"Glass";"19.5";"2.5615385"
"Vinmonopolet";"630702";"Bols Goldstrike";"Bols Goldstrike";"0";"362.9";"0.5";"725.8";"LikÃ¸r";"Glass";"50";"1.4516"
"Vinmonopolet";"630802";"Bols Blue";"Bols Blue";"0";"209.9";"0.5";"419.8";"LikÃ¸r";"Glass";"21";"1.9990475"
"Vinmonopolet";"631101";"Pierre Deschamps Alsace Riesling 2018";"Pierre Deschamps Alsace Riesling";"2018";"154.9";"0.75";"206.53";"White wine";"Glass";"12.5";"1.6522666"
"Vinmonopolet";"631301";"Coto de Imaz Reserva 2014";"Coto de Imaz Reserva";"2014";"174.9";"0.75";"233.2";"RÃ¸dvin";"Glass";"13.5";"1.7274073"
"Vinmonopolet";"631305";"Coto de Imaz Reserva";"Coto de Imaz Reserva";"2014";"374.9";"1.5";"249.93";"RÃ¸dvin";"Glass";"13.5";"1.8513579"
"Vinmonopolet";"631402";"Harviestoun Schiehallion Craft Lager";"Harviestoun Schiehallion Craft Lager";"0";"39.9";"0.33";"120.91";"Light lager";"Glass";"4.8";"2.5189393"
"Vinmonopolet";"631601";"BÃ©rÃªche Le Cran Premier Cru 2011";"BÃ©rÃªche Le Cran Premier Cru";"2011";"1042.2";"0.75";"1389.6";"Champagne, brut";"Glass";"12";"11.58"
"Vinmonopolet";"631701";"BÃ©rÃªche Reflet d'Antan";"BÃ©rÃªche Reflet d'Antan";"2016";"1399.4";"0.75";"1865.87";"Champagne, brut";"Glass";"12";"15.548889"
"Vinmonopolet";"632001";"Monte dallÂ´Ora Amarone Classico 2010";"Monte dallÂ´Ora Amarone Classico";"2010";"500.7";"0.75";"667.6";"RÃ¸dvin";"Glass";"15.5";"4.307097"
"Vinmonopolet";"632201";"Monte dallÂ´Ora Valpolicella Classico Superiore 2017";"Monte dallÂ´Ora Valpolicella Classico Superiore";"2017";"239.3";"0.75";"319.07";"RÃ¸dvin";"Glass";"13.5";"2.3634567"
"Vinmonopolet";"633105";"Breuer RÃ¼desheim Estate Riesling 2018";"Breuer RÃ¼desheim Estate Riesling";"2018";"546.9";"1.5";"364.6";"White wine";"Glass";"11.5";"3.170435"
"Vinmonopolet";"634501";"Absolut Kurant";"Absolut Kurant";"0";"354.9";"0.7";"507";"Vodka";"Glass";"40";"1.2675"
"Vinmonopolet";"634701";"Midori Green Melon";"Midori Green Melon";"0";"284.9";"0.7";"407";"LikÃ¸r";"Glass";"20";"2.035"
"Vinmonopolet";"635801";"Laroche Chardonnay L 2019";"Laroche Chardonnay L";"2019";"134.9";"0.75";"179.87";"White wine";"Glass";"12";"1.4988889"
"Vinmonopolet";"635802";"Laroche Chardonnay L 2018";"Laroche Chardonnay L";"2018";"80.9";"0.38";"215.73";"White wine";"Glass";"12";"1.7741228"
"Vinmonopolet";"635805";"Laroche Chardonnay L 2017";"Laroche Chardonnay L";"2017";"320";"1.5";"213.33";"White wine";"Glass";"12";"1.7777778"
"Vinmonopolet";"636101";"Courvoisier V.S.O.P. Fine Champagne";"Courvoisier V.S.O.P. Fine Champagne";"0";"539.9";"0.7";"771.29";"Grape spirit";"Glass";"40";"1.9282144"
"Vinmonopolet";"637301";"Greenfield Gin";"Greenfield Gin";"0";"329.9";"0.7";"471.29";"Gin";"Glass";"40";"1.1782143"
"Vinmonopolet";"637501";"Larios Dry Gin";"Larios Dry Gin";"0";"359.9";"0.7";"514.14";"Gin";"Glass";"37.5";"1.3710476"
"Vinmonopolet";"639201";"DunavÃ¡r Chardonnay 2018";"DunavÃ¡r Chardonnay";"2018";"114.9";"0.75";"153.2";"White wine";"Glass";"12";"1.2766666"
"Vinmonopolet";"639206";"DunavÃ¡r Chardonnay 2019";"DunavÃ¡r Chardonnay";"2019";"405.9";"3";"135.3";"White wine";"Bag-in-box";"12.5";"1.0824"
"Vinmonopolet";"639501";"Hot n'Sweet";"Hot n'Sweet";"0";"364.9";"0.7";"521.29";"LikÃ¸r";"Glass";"32";"1.6290178"
"Vinmonopolet";"639502";"Hot n'Sweet";"Hot n'Sweet";"0";"269.9";"0.5";"539.8";"LikÃ¸r";"Plast";"32";"1.686875"
"Vinmonopolet";"639503";"Hot n'Sweet";"Hot n'Sweet";"0";"79.9";"0.1";"799";"LikÃ¸r";"Glass";"32";"2.496875"
"Vinmonopolet";"640701";"Lanson Rose Label Brut";"Lanson Rose Label Brut";"0";"499.9";"0.75";"666.53";"Champagne, rosÃ©";"Glass";"12.5";"5.332267"
"Vinmonopolet";"640705";"Lanson RosÃ© Label Brut RosÃ©";"Lanson RosÃ© Label Brut RosÃ©";"0";"1349.9";"1.5";"899.93";"Champagne, rosÃ©";"Glass";"12.5";"7.1994667"
"Vinmonopolet";"642401";"MarquÃ©s de Riscal Reserva 2015";"MarquÃ©s de Riscal Reserva";"2015";"234.9";"0.75";"313.2";"RÃ¸dvin";"Glass";"14";"2.2371428"
"Vinmonopolet";"643901";"Dom. des Ronze Beaujolais Villages 2019";"Dom. des Ronze Beaujolais Villages";"2019";"169.9";"0.75";"226.53";"RÃ¸dvin";"Glass";"12";"1.8877777"
"Vinmonopolet";"644507";"Tullamore Dew";"Tullamore Dew";"0";"2499.9";"4.5";"555.53";"Whisky";"Glass";"40";"1.3888333"
"Vinmonopolet";"646702";"Sheridan's Original Double Irish Liqueur";"Sheridan's Original Double Irish Liqueur";"0";"199.9";"0.5";"399.8";"LikÃ¸r";"Glass";"15.5";"2.5793548"
"Vinmonopolet";"647101";"Pfaff Riesling Tradition 2015";"Pfaff Riesling Tradition";"2015";"230";"0.75";"306.67";"White wine";"Glass";"12.5";"2.4533334"
"Vinmonopolet";"647901";"Hine Rare V.S.O.P.";"Hine Rare V.S.O.P.";"0";"725";"0.7";"1035.71";"Grape spirit";"Glass";"40";"2.5892859"
"Vinmonopolet";"648001";"Boulard Grande Solage Calvados";"Boulard Grande Solage Calvados";"0";"479.9";"0.7";"685.57";"Fruit spirit";"Glass";"40";"1.7139286"
"Vinmonopolet";"648501";"Dom. Lupier La Dama 2016";"Dom. Lupier La Dama";"2016";"329.9";"0.75";"439.87";"RÃ¸dvin";"Glass";"14.5";"3.0335631"
"Vinmonopolet";"648701";"Dom. Lupier El Terroir 2015";"Dom. Lupier El Terroir";"2015";"239.9";"0.75";"319.87";"RÃ¸dvin";"Glass";"14.5";"2.205977"
"Vinmonopolet";"650005";"Hirsch San Andreas Fault Pinot Noir 2016";"Hirsch San Andreas Fault Pinot Noir";"2016";"1329.9";"1.5";"886.6";"RÃ¸dvin";"Glass";"12.5";"7.0928"
"Vinmonopolet";"650302";"Halling Akevitt";"Halling Akevitt";"0";"365";"0.5";"730";"Aquavit";"Glass";"38";"1.9210526"
"Vinmonopolet";"650401";"Grevinnen & Hovmesteren Hovmesterens utvalgte RÃ¸dvin 2018";"Grevinnen & Hovmesteren Hovmesterens utvalgte RÃ¸dvin";"2018";"149.9";"0.75";"199.87";"RÃ¸dvin";"Glass";"13";"1.5374359"
"Vinmonopolet";"650901";"Terrazas de Los Andes Chardonnay 2018";"Terrazas de Los Andes Chardonnay";"2018";"209.9";"0.75";"279.87";"White wine";"Glass";"14";"1.9990475"
"Vinmonopolet";"651201";"Vidigal Wines Porta 6";"Vidigal Wines Porta 6";"2018";"139.9";"0.75";"186.53";"RÃ¸dvin";"Glass";"13.5";"1.3817283"
"Vinmonopolet";"651601";"M. Chapoutier La Sizeranne 2014";"M. Chapoutier La Sizeranne";"2014";"695";"0.75";"926.67";"RÃ¸dvin";"Glass";"13.5";"6.8641977"
"Vinmonopolet";"652301";"Santa Rita Cabernet Sauvignon Reserva 2018";"Santa Rita Cabernet Sauvignon Reserva";"2018";"179.9";"0.75";"239.87";"RÃ¸dvin";"Glass";"13.5";"1.77679"
"Vinmonopolet";"652601";"Vicari Verdicchio del Pozzo Buono";"Vicari Verdicchio del Pozzo Buono";"2018";"169.9";"0.75";"226.53";"White wine";"Glass";"13.5";"1.6780246"
"Vinmonopolet";"652701";"Glenmorangie The Original";"Glenmorangie The Original";"0";"519.9";"0.7";"742.71";"Whisky";"Glass";"40";"1.8567858"
"Vinmonopolet";"655401";"C. Riffault Sancerre Denisottes 2018";"C. Riffault Sancerre Denisottes";"2018";"309.9";"0.75";"413.2";"White wine";"Glass";"13";"3.1784616"
"Vinmonopolet";"656601";"Original Dr. Nielsen's Bitter";"Original Dr. Nielsen's Bitter";"0";"409.9";"0.7";"585.57";"Bitter	";"Glass";"38";"1.5409775"
"Vinmonopolet";"656602";"Original Dr. Nielsen's Bitter";"Original Dr. Nielsen's Bitter";"0";"309.9";"0.5";"619.8";"Bitter	";"Plast";"38";"1.6310526"
"Vinmonopolet";"659001";"Bache-Gabrielsen X.O. Fine Champagne";"Bache-Gabrielsen X.O. Fine Champagne";"0";"609.9";"0.7";"871.29";"Grape spirit";"Glass";"40";"2.1782143"
"Vinmonopolet";"659002";"Bache-Gabrielsen X.O. Fine Champagne";"Bache-Gabrielsen X.O. Fine Champagne";"0";"354.9";"0.35";"1014";"Grape spirit";"Glass";"40";"2.535"
"Vinmonopolet";"659005";"Bache-Gabrielsen X.O. Fine Champagne";"Bache-Gabrielsen X.O. Fine Champagne";"0";"1490";"1.5";"993.33";"Grape spirit";"Glass";"40";"2.4833333"
"Vinmonopolet";"659007";"Bache-Gabrielsen X.O. Fine Champagne";"Bache-Gabrielsen X.O. Fine Champagne";"0";"2290";"3";"763.33";"Grape spirit";"Glass";"40";"1.9083333"
"Vinmonopolet";"659601";"Mionetto Prosecco Frizzante";"Mionetto Prosecco Frizzante";"0";"129.9";"0.75";"173.2";"Sparkling white wine";"Glass";"11";"1.5745454"
"Vinmonopolet";"661401";"Canepa Classico Cabernet Sauvignon 2019";"Canepa Classico Cabernet Sauvignon";"2019";"99.9";"0.75";"133.2";"RÃ¸dvin";"Glass";"11.5";"1.158261"
"Vinmonopolet";"661406";"Canepa Classico Cabernet Sauvignon 2019";"Canepa Classico Cabernet Sauvignon";"2019";"254.9";"2";"127.45";"RÃ¸dvin";"Bag-in-box";"11.5";"1.1082609"
"Vinmonopolet";"662701";"Jaboulet Crozes Hermitage Les Jalets 2016";"Jaboulet Crozes Hermitage Les Jalets";"2016";"239.9";"0.75";"319.87";"RÃ¸dvin";"Glass";"12.5";"2.5589333"
"Vinmonopolet";"663601";"Meffre ChÃ¢teauneuf du Pape St-ThÃ©odoric 2015";"Meffre ChÃ¢teauneuf du Pape St-ThÃ©odoric";"2015";"419.9";"0.75";"559.87";"RÃ¸dvin";"Glass";"14.5";"3.8611493"
"Vinmonopolet";"664202";"BFM La Salamandre";"BFM La Salamandre";"0";"69.9";"0.33";"211.82";"HveteÃ¸l";"Glass";"5.5";"3.8512397"
"Vinmonopolet";"665001";"Osebergskipet Cognac QualitÃ© Rare";"Osebergskipet Cognac QualitÃ© Rare";"0";"540";"0.7";"771.43";"Grape spirit";"Glass";"40";"1.9285715"
"Vinmonopolet";"666201";"Blossom Hill";"Blossom Hill";"0";"99.9";"0.75";"133.2";"RÃ¸dvin";"Glass";"12.5";"1.0656"
"Vinmonopolet";"667801";"Juliusspital WÃ¼rzburger Stein Riesling Trocken Erste Lage 2018";"Juliusspital WÃ¼rzburger Stein Riesling Trocken Erste Lage";"2018";"239.8";"0.75";"319.73";"White wine";"Glass";"12.5";"2.5578668"
"Vinmonopolet";"668001";"Laroche Chablis 2018";"Laroche Chablis";"2018";"209.9";"0.75";"279.87";"White wine";"Glass";"12";"2.3322222"
"Vinmonopolet";"668002";"Laroche Chablis";"Laroche Chablis";"2018";"125.9";"0.38";"335.73";"White wine";"Glass";"12";"2.7609649"
"Vinmonopolet";"668101";"Juliusspital WÃ¼rzburger Stein Riesling Trocken GG 2017";"Juliusspital WÃ¼rzburger Stein Riesling Trocken GG";"2017";"409.9";"0.75";"546.53";"White wine";"Glass";"12.5";"4.372267"
"Vinmonopolet";"668401";"MarquÃ©s de ValparaÃ­so Crianza 2015";"MarquÃ©s de ValparaÃ­so Crianza";"2015";"209.9";"0.75";"279.87";"RÃ¸dvin";"Glass";"14.5";"1.9301149"
"Vinmonopolet";"668501";"Josef Dockner Rosengarten Riesling 2016";"Josef Dockner Rosengarten Riesling";"2016";"239.9";"0.75";"319.87";"White wine";"Glass";"13";"2.4605129"
"Vinmonopolet";"668701";"Josef Dockner Oberfeld GrÃ¼ner Veltliner 2016";"Josef Dockner Oberfeld GrÃ¼ner Veltliner";"2016";"199.9";"0.75";"266.53";"White wine";"Glass";"12.5";"2.1322665"
"Vinmonopolet";"668801";"SeÃ±orita";"SeÃ±orita";"0";"109.9";"0.75";"146.53";"White wine";"Glass";"10.5";"1.3955556"
"Vinmonopolet";"668901";"MarquÃ©s de ValparaÃ­so Roble 2018";"MarquÃ©s de ValparaÃ­so Roble";"2018";"179.9";"0.75";"239.87";"RÃ¸dvin";"Glass";"14.5";"1.6542528"
"Vinmonopolet";"670904";"PatrÃ³n Silver";"PatrÃ³n Silver";"0";"229.9";"0.2";"1149.5";"Fruit spirit";"Glass";"40";"2.87375"
"Vinmonopolet";"671201";"Chassagne Montrachet Les Chenevottes 1 cru 2015";"Chassagne Montrachet Les Chenevottes 1 cru";"2015";"737.1";"0.75";"982.8";"White wine";"Glass";"13.5";"7.2799997"
"Vinmonopolet";"671301";"Freixenet Mia Moscato 2012";"Freixenet Mia Moscato";"2012";"117.9";"0.75";"157.2";"Sparkling wine";"Glass";"7";"2.2457144"
"Vinmonopolet";"671801";"Monkey Shoulder";"Monkey Shoulder";"0";"499.9";"0.7";"714.14";"Whisky";"Glass";"40";"1.7853571"
"Vinmonopolet";"671803";"Monkey Shoulder";"Monkey Shoulder";"0";"69.9";"0.05";"1398";"Whisky";"Glass";"40";"3.4950001"
"Vinmonopolet";"672201";"Ackerman Cabernet d'Anjou 2019";"Ackerman Cabernet d'Anjou";"2019";"149.9";"0.75";"199.87";"RosÃ©vin";"Glass";"11.5";"1.737971"
"Vinmonopolet";"672401";"La Frontera Cream";"La Frontera Cream";"0";"194.9";"0.75";"259.87";"Sherry";"Glass";"18";"1.4437037"
"Vinmonopolet";"672701";"Fiin Gammel Portviin";"Fiin Gammel Portviin";"0";"234.9";"0.75";"313.2";"Port wine";"Glass";"20";"1.566"
"Vinmonopolet";"672702";"Fiin Gammel Portviin";"Fiin Gammel Portviin";"0";"139.9";"0.38";"373.07";"Port wine";"Glass";"20";"1.8407894"
"Vinmonopolet";"673301";"HerregÃ¥rdsglÃ¸gg";"HerregÃ¥rdsglÃ¸gg";"0";"129.9";"0.75";"173.2";"Flavoured wine	";"Glass";"12.5";"1.3856"
"Vinmonopolet";"673601";"Cassandra";"Cassandra";"0";"145.9";"0.75";"194.53";"Fruit wine";"Glass";"12";"1.621111"
"Vinmonopolet";"673801";"Bonaparte V.S.";"Bonaparte V.S.";"0";"394.9";"0.7";"564.14";"Grape spirit";"Glass";"40";"1.4103571"
"Vinmonopolet";"676001";"Glenfiddich Single Malt 12 Years Old";"Glenfiddich Single Malt 12 Years Old";"0";"534.9";"0.7";"764.14";"Whisky";"Glass";"40";"1.9103572"
"Vinmonopolet";"676102";"DiSaronno Amaretto";"DiSaronno Amaretto";"0";"179.9";"0.35";"514";"LikÃ¸r";"Glass";"28";"1.8357142"
"Vinmonopolet";"677101";"MoÃ«t et Chandon Grand Vintage 2012";"MoÃ«t et Chandon Grand Vintage";"2012";"519.9";"0.75";"693.2";"Champagne, brut";"Glass";"12.5";"5.5456004"
"Vinmonopolet";"677201";"Faiveley Macon Villages 2017";"Faiveley Macon Villages";"2017";"215";"0.75";"286.67";"White wine";"Glass";"13";"2.2051282"
"Vinmonopolet";"677601";"Faiveley Bourgogne Pinot Noir 2018";"Faiveley Bourgogne Pinot Noir";"2018";"229.9";"0.75";"306.53";"RÃ¸dvin";"Glass";"12.5";"2.4522667"
"Vinmonopolet";"677701";"Vina Alarde Gran Reserva 2011";"Vina Alarde Gran Reserva";"2011";"150";"0.75";"200";"RÃ¸dvin";"Glass";"13.5";"1.4814814"
"Vinmonopolet";"677901";"Pillot Chassagne-Montrachet 1er Cru Les Vergers 2016";"Pillot Chassagne-Montrachet 1er Cru Les Vergers";"2016";"559";"0.75";"745.33";"White wine";"Glass";"13.5";"5.5209875"
"Vinmonopolet";"678001";"Country Lane";"Country Lane";"0";"219.9";"0.7";"314.14";"LikÃ¸r";"Glass";"17";"1.8478992"
"Vinmonopolet";"678101";"Delapierre, Brut";"Delapierre, Brut";"0";"109.9";"0.75";"146.53";"Sparkling wine";"Glass";"11.5";"1.274203"
"Vinmonopolet";"680001";"Bollinger la Grande AnnÃ©e Brut 2012";"Bollinger la Grande AnnÃ©e Brut";"2012";"1386.9";"0.75";"1849.2";"Champagne, brut";"Glass";"12";"15.41"
"Vinmonopolet";"681601";"Baigorri Blanco Fermentado en Barrica 2012";"Baigorri Blanco Fermentado en Barrica";"2012";"271.1";"0.75";"361.47";"White wine";"Glass";"13";"2.7805128"
"Vinmonopolet";"682702";"Churchill's Dry White Port";"Churchill's Dry White Port";"0";"219.9";"0.5";"439.8";"Port wine";"Glass";"19.5";"2.2553844"
"Vinmonopolet";"683501";"Gauby Vieilles Vignes Rouge 2011";"Gauby Vieilles Vignes Rouge";"2011";"249.9";"0.75";"333.2";"RÃ¸dvin";"Glass";"13";"2.563077"
"Vinmonopolet";"683901";"Luigi Oddero Barbera d'Alba 2018";"Luigi Oddero Barbera d'Alba";"2018";"214.9";"0.75";"286.53";"RÃ¸dvin";"Glass";"15";"1.9102222"
"Vinmonopolet";"684801";"Gran Feudo Reserva 2014";"Gran Feudo Reserva";"2014";"139.9";"0.75";"186.53";"RÃ¸dvin";"Glass";"13";"1.4348717"
"Vinmonopolet";"684805";"Gran Feudo Reserva 2012";"Gran Feudo Reserva";"2012";"289.9";"1.5";"193.27";"RÃ¸dvin";"Glass";"13";"1.4866667"
"Vinmonopolet";"686201";"Lysholm Throndhjemsaquavit";"Lysholm Throndhjemsaquavit";"0";"464.9";"0.7";"664.14";"Aquavit";"Glass";"41.5";"1.6003442"
"Vinmonopolet";"686202";"Lysholm Throndhjemsaquavit";"Lysholm Throndhjemsaquavit";"0";"349.9";"0.5";"699.8";"Aquavit";"Plast";"41.5";"1.686265"
"Vinmonopolet";"686305";"Palmer Brut RÃ©serve";"Palmer Brut RÃ©serve";"0";"909.9";"1.5";"606.6";"Champagne, brut";"Glass";"12";"5.0550003"
"Vinmonopolet";"686701";"Meukow VSOP Superior";"Meukow VSOP Superior";"0";"539.2";"0.7";"770.29";"Grape spirit";"Glass";"40";"1.9257144"
"Vinmonopolet";"686901";"Lucente 2017";"Lucente";"2017";"279.9";"0.75";"373.2";"RÃ¸dvin";"Glass";"14";"2.6657143"
"Vinmonopolet";"687501";"Luce della Vite 2016";"Luce della Vite";"2016";"749.9";"0.75";"999.87";"RÃ¸dvin";"Glass";"15";"6.665778"
"Vinmonopolet";"687601";"Moselland Riesling Kabinett 2019";"Moselland Riesling Kabinett";"2019";"97.9";"0.75";"130.53";"White wine";"Glass";"7.5";"1.7404444"
"Vinmonopolet";"687602";"Moselland Riesling Kabinett 2016";"Moselland Riesling Kabinett";"2016";"56.9";"0.38";"151.73";"White wine";"Glass";"7.5";"1.9964913"
"Vinmonopolet";"687606";"Moselland Riesling Kabinett 2018";"Moselland Riesling Kabinett";"2018";"329.9";"3";"109.97";"White wine";"Bag-in-box";"7.5";"1.4662222"
"Vinmonopolet";"688001";"Shobbrook Tommy Ruff 2014";"Shobbrook Tommy Ruff";"2014";"174.6";"0.75";"232.8";"RÃ¸dvin";"Glass";"13.5";"1.7244445"
"Vinmonopolet";"689101";"Tsantali Ouzo";"Tsantali Ouzo";"0";"354.9";"0.7";"507";"Other spirit";"Glass";"38";"1.3342105"
"Vinmonopolet";"689201";"Makedonikos Topikos Oinos 2013";"Makedonikos Topikos Oinos";"2013";"189.9";"0.75";"253.2";"White wine";"Glass";"11.5";"2.201739"
"Vinmonopolet";"689701";"Dom. d'Aupilhac Montpeyroux 2013";"Dom. d'Aupilhac Montpeyroux";"2013";"255";"0.75";"340";"RÃ¸dvin";"Glass";"14";"2.4285715"
"Vinmonopolet";"690601";"Gulfi Neroibleo 2009";"Gulfi Neroibleo";"2009";"239.9";"0.75";"319.87";"RÃ¸dvin";"Glass";"14";"2.284762"
"Vinmonopolet";"690705";"Isole e Olena Cepparello 2016";"Isole e Olena Cepparello";"2016";"1550.1";"1.5";"1033.4";"RÃ¸dvin";"Glass";"15";"6.8893332"
"Vinmonopolet";"690905";"Isole e Olena Chianti Classico 2016";"Isole e Olena Chianti Classico";"2016";"559.9";"1.5";"373.27";"RÃ¸dvin";"Glass";"14";"2.6661906"
"Vinmonopolet";"691105";"Pilastri Rosso Piceno 2017";"Pilastri Rosso Piceno";"2017";"274";"1.5";"182.67";"RÃ¸dvin";"Glass";"13";"1.4051282"
"Vinmonopolet";"691201";"Le Piane Mimmo 2015";"Le Piane Mimmo";"2015";"279.8";"0.75";"373.07";"RÃ¸dvin";"Glass";"12.5";"2.9845333"
"Vinmonopolet";"696501";"Fiorenzo Nada Barbera d'Alba 2017";"Fiorenzo Nada Barbera d'Alba";"2017";"320";"0.75";"426.67";"RÃ¸dvin";"Glass";"15";"2.8444445"
"Vinmonopolet";"697101";"Quinta de la Rosa douRosa 2016";"Quinta de la Rosa douRosa";"2016";"192";"0.75";"256";"RÃ¸dvin";"Glass";"13.5";"1.8962963"
"Vinmonopolet";"697701";"LÃ©tÃ©-Vautrain Champagne Traditionnel Brut";"LÃ©tÃ©-Vautrain Champagne Traditionnel Brut";"0";"348.5";"0.75";"464.67";"Champagne, brut";"Glass";"12.5";"3.7173333"
"Vinmonopolet";"698101";"Jean Claude Dagueneau Pouilly FumÃ© 2015";"Jean Claude Dagueneau Pouilly FumÃ©";"2015";"328.1";"0.75";"437.47";"White wine";"Glass";"12.5";"3.4997334"
"Vinmonopolet";"698501";"Leitz RÃ¼desheimer Berg Schlossberg Riesling Trocken 2012";"Leitz RÃ¼desheimer Berg Schlossberg Riesling Trocken";"2012";"375";"0.75";"500";"White wine";"Glass";"12.5";"4"
"Vinmonopolet";"698801";"Leitz RÃ¼desheimer Berg Kaisersteinfels Riesling 2012";"Leitz RÃ¼desheimer Berg Kaisersteinfels Riesling";"2012";"375";"0.75";"500";"White wine";"Glass";"12";"4.1666665"
"Vinmonopolet";"698901";"Leitz RÃ¼desheimer Berg Rottland Hinterhaus Riesling Trocken 2013";"Leitz RÃ¼desheimer Berg Rottland Hinterhaus Riesling Trocken";"2013";"375";"0.75";"500";"White wine";"Glass";"12.5";"4"
"Vinmonopolet";"699001";"Leitz RÃ¼desheimer Berg Roseneck Katerloch Riesling Trocken 2012";"Leitz RÃ¼desheimer Berg Roseneck Katerloch Riesling Trocken";"2012";"375";"0.75";"500";"White wine";"Glass";"13";"3.8461537"
"Vinmonopolet";"699501";"Farina Valpolicella Classico Superiore Ripasso 2017";"Farina Valpolicella Classico Superiore Ripasso";"2017";"222.8";"0.75";"297.07";"RÃ¸dvin";"Glass";"13.5";"2.2004938"
"Vinmonopolet";"700201";"Epicuro Zinfandel 2019";"Epicuro Zinfandel";"2019";"132.9";"0.75";"177.2";"RÃ¸dvin";"Glass";"13";"1.3630768"
"Vinmonopolet";"700501";"Rabl Blauer Zweigelt 2016";"Rabl Blauer Zweigelt";"2016";"194.9";"0.75";"259.87";"RÃ¸dvin";"Glass";"13.5";"1.9249382"
"Vinmonopolet";"701001";"MarquÃ©s de CÃ¡ceres EcolÃ³gico 2017";"MarquÃ©s de CÃ¡ceres EcolÃ³gico";"2017";"159.9";"0.75";"213.2";"RÃ¸dvin";"Glass";"13.5";"1.5792592"
"Vinmonopolet";"701401";"Borgogno No Name 2015";"Borgogno No Name";"2015";"329.9";"0.75";"439.87";"RÃ¸dvin";"Glass";"14";"3.1419046"
"Vinmonopolet";"701405";"Borgogno No Name 2015";"Borgogno No Name";"2015";"890";"1.5";"593.33";"RÃ¸dvin";"Glass";"14";"4.2380953"
"Vinmonopolet";"702801";"Bushmills 10 YO";"Bushmills 10 YO";"0";"597.9";"0.7";"854.14";"Whisky";"Glass";"40";"2.1353574"
"Vinmonopolet";"702901";"Renault Carte d'Argent";"Renault Carte d'Argent";"0";"1319.9";"0.7";"1885.57";"Grape spirit";"Glass";"40";"4.7139287"
"Vinmonopolet";"704101";"MarquÃ©s de Vitoria Crianza 2016";"MarquÃ©s de Vitoria Crianza";"2016";"159.9";"0.75";"213.2";"RÃ¸dvin";"Glass";"13.5";"1.5792592"
"Vinmonopolet";"704401";"Viberti Giovanni Barolo Bricco delle Viole Riserva 2013";"Viberti Giovanni Barolo Bricco delle Viole Riserva";"2013";"699.9";"0.75";"933.2";"RÃ¸dvin";"Glass";"14.5";"6.435862"
"Vinmonopolet";"704405";"Viberti Giovanni Barolo Bricco delle Viole Riserva 2010";"Viberti Giovanni Barolo Bricco delle Viole Riserva";"2010";"1799.9";"1.5";"1199.93";"RÃ¸dvin";"Glass";"14.5";"8.275402"
"Vinmonopolet";"704501";"Corsignano Chianti Classico 2015";"Corsignano Chianti Classico";"2015";"282";"0.75";"376";"RÃ¸dvin";"Glass";"14";"2.6857142"
"Vinmonopolet";"704701";"Taylor's Late Bottled Vintage 2015";"Taylor's Late Bottled Vintage";"2015";"194.9";"0.75";"259.87";"Port wine";"Glass";"20";"1.2993333"
"Vinmonopolet";"705001";"Corsignano Rosso 2018";"Corsignano Rosso";"2018";"236";"0.75";"314.67";"RÃ¸dvin";"Glass";"13.5";"2.3308642"
"Vinmonopolet";"706201";"La Chatellenie Sancerre 2017";"La Chatellenie Sancerre";"2017";"255";"0.75";"340";"White wine";"Glass";"13";"2.6153846"
"Vinmonopolet";"707401";"Luigi Oddero Barbaresco 2015";"Luigi Oddero Barbaresco";"2015";"339.9";"0.75";"453.2";"RÃ¸dvin";"Glass";"14";"3.2371428"
"Vinmonopolet";"708001";"Weingut ThÃ¶rle Riesling 2018";"Weingut ThÃ¶rle Riesling";"2018";"178";"0.75";"237.33";"White wine";"Glass";"12.5";"1.8986666"
"Vinmonopolet";"711901";"Ruffino Ducale Chianti Classico Riserva 2015";"Ruffino Ducale Chianti Classico Riserva";"2015";"239.9";"0.75";"319.87";"RÃ¸dvin";"Glass";"13.5";"2.3693826"
"Vinmonopolet";"712301";"Turckheim Pinot Gris RÃ©serve 2018";"Turckheim Pinot Gris RÃ©serve";"2018";"159.9";"0.75";"213.2";"White wine";"Glass";"13";"1.64"
"Vinmonopolet";"712801";"Faustino V Blanco 2019";"Faustino V Blanco";"2019";"139.9";"0.75";"186.53";"White wine";"Glass";"12.5";"1.4922667"
"Vinmonopolet";"713002";"Mandarine NapolÃ©on";"Mandarine NapolÃ©on";"0";"374.9";"0.5";"749.8";"LikÃ¸r";"Glass";"38";"1.9731579"
"Vinmonopolet";"713701";"Kavalan Solist Vinho Barrique Cask Strength";"Kavalan Solist Vinho Barrique Cask Strength";"0";"1799.9";"0.7";"2571.29";"Whisky";"Glass";"58.6";"4.38786"
"Vinmonopolet";"716001";"RÃ©mi Landier VSOP";"RÃ©mi Landier VSOP";"0";"769.9";"0.7";"1099.86";"Grape spirit";"Glass";"40";"2.749643"
"Vinmonopolet";"719901";"Noval Black Port";"Noval Black Port";"0";"269";"0.75";"358.67";"Port wine";"Glass";"19.5";"1.8393162"
"Vinmonopolet";"721601";"Clos du Caillou Chateauneuf-du-Pape 2014";"Clos du Caillou Chateauneuf-du-Pape";"2014";"349";"0.75";"465.33";"RÃ¸dvin";"Glass";"14.5";"3.2091954"
"Vinmonopolet";"721701";"Le Caillou CÃ´tes-du-Rhone 2018";"Le Caillou CÃ´tes-du-Rhone";"2018";"235";"0.75";"313.33";"RÃ¸dvin";"Glass";"14";"2.2380953"
"Vinmonopolet";"722901";"Strawberry lips";"Strawberry lips";"0";"214.9";"0.7";"307";"LikÃ¸r";"Glass";"15.5";"1.9806452"
"Vinmonopolet";"723106";"Principiano Piemonte Barbera 2018";"Principiano Piemonte Barbera";"2018";"479.9";"3";"159.97";"RÃ¸dvin";"Bag-in-box";"12";"1.3330555"
"Vinmonopolet";"723201";"Mazzei Ser Lapo Chianti Classico Riserva 2016";"Mazzei Ser Lapo Chianti Classico Riserva";"2016";"259.8";"0.75";"346.4";"RÃ¸dvin";"Glass";"13.5";"2.5659258"
"Vinmonopolet";"723301";"Principiano Barolo Boscareto 2013";"Principiano Barolo Boscareto";"2013";"499.9";"0.75";"666.53";"RÃ¸dvin";"Glass";"13.5";"4.937284"
"Vinmonopolet";"724401";"Martell Noblige";"Martell Noblige";"0";"579.9";"0.7";"828.43";"Grape spirit";"Glass";"40";"2.0710716"
"Vinmonopolet";"725301";"Midleton Very Rare 40%";"Midleton Very Rare 40%";"2018";"1785";"0.7";"2550";"Whisky";"Glass";"40";"6.375"
"Vinmonopolet";"725401";"Power's Gold Label";"Power's Gold Label";"0";"424.9";"0.7";"607";"Whisky";"Glass";"43.2";"1.4050926"
"Vinmonopolet";"730401";"Guigal CÃ´tes du RhÃ´ne 2016";"Guigal CÃ´tes du RhÃ´ne";"2016";"180";"0.75";"240";"RÃ¸dvin";"Glass";"14.5";"1.6551725"
"Vinmonopolet";"731101";"Billecart-Salmon RÃ©serve, Brut";"Billecart-Salmon RÃ©serve, Brut";"0";"456.1";"0.75";"608.13";"Champagne, brut";"Glass";"12";"5.0677776"
"Vinmonopolet";"731105";"Billecart-Salmon RÃ©serve, Brut";"Billecart-Salmon RÃ©serve, Brut";"0";"938";"1.5";"625.33";"Champagne, brut";"Glass";"12";"5.211111"
"Vinmonopolet";"731401";"Caves Hautes CÃ´tes CrÃ©mant de Bourgogne Brut 2014";"Caves Hautes CÃ´tes CrÃ©mant de Bourgogne Brut";"2014";"192";"0.75";"256";"Sparkling wine";"Glass";"12.5";"2.048"
"Vinmonopolet";"734701";"Ch. Campuget Invitation 2016";"Ch. Campuget Invitation";"2016";"179.9";"0.75";"239.87";"RÃ¸dvin";"Glass";"13";"1.8451282"
"Vinmonopolet";"735001";"Terre di Prenzano Chianti Classico 2016";"Terre di Prenzano Chianti Classico";"2016";"230";"0.75";"306.67";"RÃ¸dvin";"Glass";"14";"2.1904762"
"Vinmonopolet";"735101";"Avignonesi Vino Nobile di Montepulciano 2015";"Avignonesi Vino Nobile di Montepulciano";"2015";"299.9";"0.75";"399.87";"RÃ¸dvin";"Glass";"14";"2.8561904"
"Vinmonopolet";"738501";"Niepoort 20 YO Tawny";"Niepoort 20 YO Tawny";"0";"599.9";"0.75";"799.87";"Port wine";"Glass";"20";"3.9993334"
"Vinmonopolet";"739201";"Vega Sicilia Unico Reserva Especial";"Vega Sicilia Unico Reserva Especial";"2019";"4099.9";"0.75";"5466.53";"RÃ¸dvin";"Glass";"14";"39.046665"
"Vinmonopolet";"741201";"Villa di Vetrice Chianti Rufina Riserva 2015";"Villa di Vetrice Chianti Rufina Riserva";"2015";"204.9";"0.75";"273.2";"RÃ¸dvin";"Glass";"13";"2.1015384"
"Vinmonopolet";"741601";"Pillot Pommard Tavannes 2016";"Pillot Pommard Tavannes";"2016";"389";"0.75";"518.67";"RÃ¸dvin";"Glass";"13.5";"3.8419752"
"Vinmonopolet";"742001";"Baigorri Reserva 2009";"Baigorri Reserva";"2009";"332.5";"0.75";"443.33";"RÃ¸dvin";"Glass";"14.5";"3.0574713"
"Vinmonopolet";"742101";"Stephane Ogier La Rosine Syrah 2016";"Stephane Ogier La Rosine Syrah";"2016";"338.5";"0.75";"451.33";"RÃ¸dvin";"Glass";"13";"3.4717948"
"Vinmonopolet";"742301";"O.P. Anderson";"O.P. Anderson";"0";"384.9";"0.7";"549.86";"Aquavit";"Glass";"40";"1.3746428"
"Vinmonopolet";"742302";"O.P. Anderson";"O.P. Anderson";"0";"279";"0.5";"558";"Aquavit";"Plast";"40";"1.395"
"Vinmonopolet";"743501";"Boulevard Smokestack Love Child No. 10";"Boulevard Smokestack Love Child No. 10";"0";"223.4";"0.75";"297.87";"SurÃ¸l";"Glass";"7.6";"3.9192982"
"Vinmonopolet";"743701";"Explorer Vodka";"Explorer Vodka";"0";"408.9";"1";"408.9";"Vodka";"Plast";"37.5";"1.0904"
"Vinmonopolet";"743702";"Explorer Vodka";"Explorer Vodka";"0";"210.9";"0.5";"421.8";"Vodka";"Plast";"37.5";"1.1248"
"Vinmonopolet";"744201";"Tilquin Oude Quetsche";"Tilquin Oude Quetsche";"0";"199.9";"0.75";"266.53";"SurÃ¸l";"Glass";"6.4";"4.164583"
"Vinmonopolet";"744301";"Husets hvitvin 2018";"Husets hvitvin";"2018";"169.9";"0.75";"226.53";"White wine";"Glass";"12";"1.8877777"
"Vinmonopolet";"744306";"Husets hvitvin 2017";"Husets hvitvin";"2017";"1450";"10";"145";"White wine";"Bag-in-box";"12";"1.2083334"
"Vinmonopolet";"744601";"Habrard Crozes Hermitage 2018";"Habrard Crozes Hermitage";"2018";"269.9";"0.75";"359.87";"RÃ¸dvin";"Glass";"14";"2.570476"
"Vinmonopolet";"744701";"Saga Oseberg 2014";"Saga Oseberg";"2014";"181.4";"0.75";"241.87";"RÃ¸dvin";"Glass";"13.5";"1.7916049"
"Vinmonopolet";"746001";"Husets rÃ¸dvin 2018";"Husets rÃ¸dvin";"2018";"169.9";"0.75";"226.53";"RÃ¸dvin";"Glass";"13";"1.7425641"
"Vinmonopolet";"746301";"Cast. dei Rampolla Sangiovese di S. Lucia 2017";"Cast. dei Rampolla Sangiovese di S. Lucia";"2017";"425";"0.75";"566.67";"RÃ¸dvin";"Glass";"15";"3.7777777"
"Vinmonopolet";"746501";"Planeta Nerello Mascalese 2017";"Planeta Nerello Mascalese";"2017";"299.9";"0.75";"399.87";"RÃ¸dvin";"Glass";"14";"2.8561904"
"Vinmonopolet";"746601";"Poli Grappa Cleopatra Amarone Oro";"Poli Grappa Cleopatra Amarone Oro";"0";"599.9";"0.7";"857";"Grape spirit";"Glass";"40";"2.1425002"
"Vinmonopolet";"746701";"Bibi Graetz Le Cicale di Vincigliata Chianti 2018";"Bibi Graetz Le Cicale di Vincigliata Chianti";"2018";"189.9";"0.75";"253.2";"RÃ¸dvin";"Glass";"12.5";"2.0256"
"Vinmonopolet";"746901";"Elio Altare Langhe Nebbiolo 2017";"Elio Altare Langhe Nebbiolo";"2017";"315";"0.75";"420";"RÃ¸dvin";"Glass";"14";"3"
"Vinmonopolet";"747401";"Ioppa Ghemme Bricco Balsina 2007";"Ioppa Ghemme Bricco Balsina";"2007";"429.9";"0.75";"573.2";"RÃ¸dvin";"Glass";"14.5";"3.9531033"
"Vinmonopolet";"747601";"Bouchard HÃ©ritage du Conseiller Pinot Noir 2018";"Bouchard HÃ©ritage du Conseiller Pinot Noir";"2018";"126.1";"0.75";"168.13";"RÃ¸dvin";"Glass";"12.5";"1.3450667"
"Vinmonopolet";"747801";"Some Young Punks Quickie! 2018";"Some Young Punks Quickie!";"2018";"199.9";"0.75";"266.53";"White wine";"Glass";"13.5";"1.9743209"
"Vinmonopolet";"747901";"Bruno Rocca Barbaresco RabajÃ  2016";"Bruno Rocca Barbaresco RabajÃ";"2016";"729.8";"0.75";"973.07";"RÃ¸dvin";"Glass";"14.5";"6.7108045"
"Vinmonopolet";"748101";"Bruno Rocca FralÃ¹ Langhe Nebbiolo 2018";"Bruno Rocca FralÃ¹ Langhe Nebbiolo";"2018";"183.5";"0.75";"244.67";"RÃ¸dvin";"Glass";"14.5";"1.6873564"
"Vinmonopolet";"748201";"Bruno Rocca Barbaresco 2015";"Bruno Rocca Barbaresco";"2015";"419.9";"0.75";"559.87";"RÃ¸dvin";"Glass";"14.5";"3.8611493"
"Vinmonopolet";"748401";"Bruno Rocca Barbera dÂ´Asti 2016";"Bruno Rocca Barbera dÂ´Asti";"2016";"239.9";"0.75";"319.87";"RÃ¸dvin";"Glass";"14.5";"2.205977"
"Vinmonopolet";"748701";"Ulysse Collin Les PierriÃ¨res Blanc de Blancs Extra Brut";"Ulysse Collin Les PierriÃ¨res Blanc de Blancs Extra Brut";"0";"879.9";"0.75";"1173.2";"Champagne extra brut";"Glass";"12.5";"9.3856"
"Vinmonopolet";"752001";"Johnnie Walker Blue Label";"Johnnie Walker Blue Label";"0";"1549.9";"0.7";"2214.14";"Whisky";"Glass";"40";"5.5353575"
"Vinmonopolet";"752201";"Pimm's No. 1";"Pimm's No. 1";"0";"269.9";"0.7";"385.57";"Other spirit";"Glass";"25";"1.5422857"
"Vinmonopolet";"752501";"Millet Sancerre 2019";"Millet Sancerre";"2019";"229.9";"0.75";"306.53";"White wine";"Glass";"12.5";"2.4522667"
"Vinmonopolet";"752505";"Millet Sancerre 2014";"Millet Sancerre";"2014";"549.9";"1.5";"366.6";"White wine";"Glass";"12.5";"2.9328"
"Vinmonopolet";"752701";"Farge Saint Joseph Terroir de Granit 2016";"Farge Saint Joseph Terroir de Granit";"2016";"267.9";"0.75";"357.2";"RÃ¸dvin";"Glass";"13.5";"2.6459258"
"Vinmonopolet";"753401";"Santa Rita 120 Chardonnay 2018";"Santa Rita 120 Chardonnay";"2018";"124.9";"0.75";"166.53";"White wine";"Glass";"13.5";"1.2335802"
"Vinmonopolet";"753601";"Montecillo Gran Reserva 2011";"Montecillo Gran Reserva";"2011";"254.9";"0.75";"339.87";"RÃ¸dvin";"Glass";"13.5";"2.517531"
"Vinmonopolet";"754301";"Col d'Ãrcia Rosso di Montalcino 2016";"Col d'Ãrcia Rosso di Montalcino";"2016";"245";"0.75";"326.67";"RÃ¸dvin";"Glass";"14";"2.3333333"
"Vinmonopolet";"754305";"Col dÂ´Orcia Rosso di Montalcino 2016";"Col dÂ´Orcia Rosso di Montalcino";"2016";"499";"1.5";"332.67";"RÃ¸dvin";"Glass";"14";"2.3761904"
"Vinmonopolet";"755101";"Licor 43";"Licor 43";"0";"394.9";"0.7";"564.14";"LikÃ¸r";"Glass";"31";"1.8198156"
"Vinmonopolet";"755102";"Licor 43";"Licor 43";"0";"299.9";"0.5";"599.8";"LikÃ¸r";"Glass";"31";"1.9348387"
"Vinmonopolet";"756501";"London Hill Dry Gin";"London Hill Dry Gin";"0";"379.9";"0.7";"542.71";"Gin";"Glass";"40";"1.3567858"
"Vinmonopolet";"756601";"Monchiero Carbone Pelisa Barbera d'Alba";"Monchiero Carbone Pelisa Barbera d'Alba";"2017";"196";"0.75";"261.33";"RÃ¸dvin";"Glass";"14.5";"1.8022989"
"Vinmonopolet";"756901";"Zuccardi Serie A Malbec 2018";"Zuccardi Serie A Malbec";"2018";"166.9";"0.75";"222.53";"RÃ¸dvin";"Glass";"14";"1.5895238"
"Vinmonopolet";"757701";"Sierra Tequila";"Sierra Tequila";"0";"389.9";"0.7";"557";"Fruit spirit";"Glass";"38";"1.4657894"
"Vinmonopolet";"757702";"Sierra Tequila";"Sierra Tequila";"0";"299.9";"0.5";"599.8";"Fruit spirit";"Glass";"38";"1.578421"
"Vinmonopolet";"757703";"Sierra Tequila";"Sierra Tequila";"0";"49.9";"0.04";"1247.5";"Fruit spirit";"Glass";"38";"3.2828948"
"Vinmonopolet";"757801";"Antinori Santa Cristina 2017";"Antinori Santa Cristina";"2017";"169";"0.75";"225.33";"RÃ¸dvin";"Glass";"13";"1.7333333"
"Vinmonopolet";"758801";"Lagar de Cervera AlbariÃ±o 2018";"Lagar de Cervera AlbariÃ±o";"2018";"184.9";"0.75";"246.53";"White wine";"Glass";"12.5";"1.9722666"
"Vinmonopolet";"759601";"Ch. du Breuil Millesime 1998";"Ch. du Breuil Millesime";"1998";"649.9";"0.7";"928.43";"Fruit spirit";"Glass";"41";"2.26446"
"Vinmonopolet";"759901";"Fenocchio Barbera d'Alba Superiore 2017";"Fenocchio Barbera d'Alba Superiore";"2017";"179.9";"0.75";"239.87";"RÃ¸dvin";"Glass";"13.5";"1.77679"
"Vinmonopolet";"760001";"Macallan Triple Cask Matured 12 Years Old";"Macallan Triple Cask Matured 12 Years Old";"0";"669.9";"0.7";"957";"Whisky";"Glass";"40";"2.3925002"
"Vinmonopolet";"760301";"Henri Milan Le Vallon 2018";"Henri Milan Le Vallon";"2018";"279";"0.75";"372";"RÃ¸dvin";"Glass";"13.5";"2.7555556"
"Vinmonopolet";"761101";"Thr3 Monkeys Red 2015";"Thr3 Monkeys Red";"2015";"104.9";"0.75";"139.87";"RÃ¸dvin";"Glass";"12";"1.1655556"
"Vinmonopolet";"761201";"MarquÃ©s de CÃ¡ceres Rosado 2019";"MarquÃ©s de CÃ¡ceres Rosado";"2019";"135";"0.75";"180";"RosÃ©vin";"Glass";"13.5";"1.3333334"
"Vinmonopolet";"761401";"Bowmore Single Malt 12 Years Old";"Bowmore Single Malt 12 Years Old";"0";"519.9";"0.7";"742.71";"Whisky";"Glass";"40";"1.8567858"
"Vinmonopolet";"762001";"Cave de Tain Crozes-Hermitage Grand Classique 2015";"Cave de Tain Crozes-Hermitage Grand Classique";"2015";"179.9";"0.75";"239.87";"RÃ¸dvin";"Glass";"13.5";"1.77679"
"Vinmonopolet";"762301";"Bouchard Bourgogne Rouge la VignÃ©e 2018";"Bouchard Bourgogne Rouge la VignÃ©e";"2018";"243.9";"0.75";"325.2";"RÃ¸dvin";"Glass";"12.5";"2.6016"
"Vinmonopolet";"763102";"Royal Tokaji AszÃº 5 Puttonyos 2013";"Royal Tokaji AszÃº 5 Puttonyos";"2013";"354.9";"0.5";"709.8";"White wine";"Glass";"11";"6.4527273"
"Vinmonopolet";"763201";"SeÃ±orio de los Llanos Reserva 2013";"SeÃ±orio de los Llanos Reserva";"2013";"179.9";"0.75";"239.87";"RÃ¸dvin";"Glass";"13";"1.8451282"
"Vinmonopolet";"763602";"Gammel Opland Edel Madeira";"Gammel Opland Edel Madeira";"0";"499.9";"0.5";"999.8";"Aquavit";"Glass";"41.5";"2.4091566"
"Vinmonopolet";"764102";"Gammel Opland Edel Portvin";"Gammel Opland Edel Portvin";"0";"499.9";"0.5";"999.8";"Aquavit";"Glass";"41.5";"2.4091566"
"Vinmonopolet";"764901";"RÃ©my Martin Louis XIII";"RÃ©my Martin Louis XIII";"0";"32000";"0.7";"45714.29";"Grape spirit";"Glass";"40";"114.28571"
"Vinmonopolet";"766101";"Billaud Simon Chablis 2018";"Billaud Simon Chablis";"2018";"300";"0.75";"400";"White wine";"Glass";"12.5";"3.2"
"Vinmonopolet";"767301";"Meinklang Graupert Zweigelt 2015";"Meinklang Graupert Zweigelt";"2015";"310";"0.75";"413.33";"RÃ¸dvin";"Glass";"12.5";"3.3066666"
"Vinmonopolet";"767801";"Meinklang J12 2015";"Meinklang J12";"2015";"299.9";"0.75";"399.87";"White wine";"Glass";"13.5";"2.9619753"
"Vinmonopolet";"767901";"ArPePe Grumello Buon Consiglio Valtellina Superiore Riserva 2009";"ArPePe Grumello Buon Consiglio Valtellina Superiore Riserva";"2009";"599.9";"0.75";"799.87";"RÃ¸dvin";"Glass";"13";"6.1528206"
"Vinmonopolet";"768101";"Arpepe Rosso di Valtellina 2017";"Arpepe Rosso di Valtellina";"2017";"279.9";"0.75";"373.2";"RÃ¸dvin";"Glass";"12";"3.11"
"Vinmonopolet";"768105";"Arpepe Rosso di Valtellina 2017";"Arpepe Rosso di Valtellina";"2017";"529.9";"1.5";"353.27";"RÃ¸dvin";"Glass";"13";"2.717436"
"Vinmonopolet";"768301";"ArPePe Sassella Vigna Regina Valtellina Superiore Riserva 2007";"ArPePe Sassella Vigna Regina Valtellina Superiore Riserva";"2007";"589.9";"0.75";"786.53";"RÃ¸dvin";"Glass";"13";"6.0502567"
"Vinmonopolet";"768401";"Cavallotto Barolo Bricco Boschis 2016";"Cavallotto Barolo Bricco Boschis";"2016";"556";"0.75";"741.33";"RÃ¸dvin";"Glass";"14.5";"5.1126437"
"Vinmonopolet";"769202";"Caravaglio Malvasia delle Lipari 2018";"Caravaglio Malvasia delle Lipari";"2018";"369.9";"0.5";"739.8";"White wine";"Glass";"14.5";"5.102069"
"Vinmonopolet";"770001";"COS Nero di Lupo 2018";"COS Nero di Lupo";"2018";"259.9";"0.75";"346.53";"RÃ¸dvin";"Glass";"11.5";"3.0133333"
"Vinmonopolet";"770101";"PheasentÂ´s Tears Shavkapito 2016";"PheasentÂ´s Tears Shavkapito";"2016";"370";"0.75";"493.33";"RÃ¸dvin";"Glass";"13";"3.7948718"
"Vinmonopolet";"770201";"Foradori Fontanasanta Nosiola 2018";"Foradori Fontanasanta Nosiola";"2018";"389.9";"0.75";"519.87";"White wine";"Glass";"11.5";"4.52058"
"Vinmonopolet";"770902";"Supercassis";"Supercassis";"0";"174.9";"0.5";"349.8";"LikÃ¸r";"Glass";"15";"2.332"
"Vinmonopolet";"771101";"BFM Abbaye de Saint Bon-Chien 2016";"BFM Abbaye de Saint Bon-Chien";"2016";"269.9";"0.75";"359.87";"SurÃ¸l";"Glass";"11";"3.2715151"
"Vinmonopolet";"772101";"Lindeman's Bin 50 Shiraz 2019";"Lindeman's Bin 50 Shiraz";"2019";"124.9";"0.75";"166.53";"RÃ¸dvin";"Glass";"14";"1.1895238"
"Vinmonopolet";"773101";"Castillo Ygay Gran Reserva Especial 2010";"Castillo Ygay Gran Reserva Especial";"2010";"995";"0.75";"1326.67";"RÃ¸dvin";"Glass";"14";"9.476191"
"Vinmonopolet";"773105";"Castillo Ygay Gran Reserva Especial 2009";"Castillo Ygay Gran Reserva Especial";"2009";"2600";"1.5";"1733.33";"RÃ¸dvin";"Glass";"14";"12.380953"
"Vinmonopolet";"773601";"Pazo de Barrantes 2018";"Pazo de Barrantes";"2018";"189.9";"0.75";"253.2";"White wine";"Glass";"13.5";"1.8755555"
"Vinmonopolet";"774101";"Masi Costasera Amarone Classico 2012";"Masi Costasera Amarone Classico";"2012";"399.9";"0.75";"533.2";"RÃ¸dvin";"Glass";"15";"3.5546665"
"Vinmonopolet";"774102";"Masi Costasera Amarone Classico 2013";"Masi Costasera Amarone Classico";"2013";"229.9";"0.38";"613.07";"RÃ¸dvin";"Glass";"15";"4.0333333"
"Vinmonopolet";"775001";"Amrut Peated Indian Single Malt Whisky";"Amrut Peated Indian Single Malt Whisky";"0";"799";"0.7";"1141.43";"Whisky";"Glass";"46";"2.4813664"
"Vinmonopolet";"775101";"Amrut Kadhambam Single Malt";"Amrut Kadhambam Single Malt";"0";"1325";"0.7";"1892.86";"Whisky";"Glass";"50";"3.7857144"
"Vinmonopolet";"777301";"Dom. Santa Duc Gigondas Aux Lieu-Dits 2013";"Dom. Santa Duc Gigondas Aux Lieu-Dits";"2013";"309.9";"0.75";"413.2";"RÃ¸dvin";"Glass";"14";"2.9514284"
"Vinmonopolet";"778506";"Ca del Masso Barbera Appassimento 2019";"Ca del Masso Barbera Appassimento";"2019";"434.9";"3";"144.97";"RÃ¸dvin";"Bag-in-box";"12.5";"1.1597333"
"Vinmonopolet";"779201";"Karl May Geyersberg Riesling Trocken 2018";"Karl May Geyersberg Riesling Trocken";"2018";"299.9";"0.75";"399.87";"White wine";"Glass";"13";"3.0758975"
"Vinmonopolet";"779501";"Paternina Banda Azul Crianza 2016";"Paternina Banda Azul Crianza";"2016";"110.9";"0.75";"147.87";"RÃ¸dvin";"Glass";"13.5";"1.0953087"
"Vinmonopolet";"780502";"Erdinger Weissbier";"Erdinger Weissbier";"0";"52.9";"0.5";"105.8";"HveteÃ¸l";"Glass";"5.3";"1.9962264"
"Vinmonopolet";"780602";"Erdinger Weissbier Dunkel";"Erdinger Weissbier Dunkel";"0";"49.9";"0.5";"99.8";"HveteÃ¸l";"Glass";"5.3";"1.8830189"
"Vinmonopolet";"780706";"Ogier CrÃ´zes-Hermitage Les Paillanches";"Ogier CrÃ´zes-Hermitage Les Paillanches";"0";"639.9";"3";"213.3";"RÃ¸dvin";"Bag-in-box";"13.5";"1.58"
"Vinmonopolet";"781001";"M. Chapoutier Rasteau 2014";"M. Chapoutier Rasteau";"2014";"229.9";"0.75";"306.53";"RÃ¸dvin";"Glass";"14";"2.1895237"
"Vinmonopolet";"781601";"Monchiero Carbone Regret Langhe Nebbiolo";"Monchiero Carbone Regret Langhe Nebbiolo";"2017";"209.9";"0.75";"279.87";"RÃ¸dvin";"Glass";"14";"1.9990475"
"Vinmonopolet";"782002";"Ilegal Mezcal Joven";"Ilegal Mezcal Joven";"0";"436.5";"0.5";"873";"Fruit spirit";"Glass";"40";"2.1825"
"Vinmonopolet";"782101";"Beaune Teurons 1er Cru 2015";"Beaune Teurons 1er Cru";"2015";"531.2";"0.75";"708.27";"RÃ¸dvin";"Glass";"12.5";"5.6661334"
"Vinmonopolet";"782901";"Vidal-Fleury CÃ´tes du RhÃ´ne 2016";"Vidal-Fleury CÃ´tes du RhÃ´ne";"2016";"196.5";"0.75";"262";"RÃ¸dvin";"Glass";"14";"1.8714286"
"Vinmonopolet";"783001";"Vidal-Fleury CÃ´te RÃ´tie Brune et Blonde 2016";"Vidal-Fleury CÃ´te RÃ´tie Brune et Blonde";"2016";"706.5";"0.75";"942";"RÃ¸dvin";"Glass";"13.5";"6.977778"
"Vinmonopolet";"783101";"Vidal-Fleury Muscat de Beaumes-de-Venise 2017";"Vidal-Fleury Muscat de Beaumes-de-Venise";"2017";"332.5";"0.75";"443.33";"Fortified wine";"Glass";"15";"2.9555554"
"Vinmonopolet";"783601";"Baron Otard X.O. Gold";"Baron Otard X.O. Gold";"0";"1369.9";"0.7";"1957";"Grape spirit";"Glass";"40";"4.8925004"
"Vinmonopolet";"784001";"Finsbury London Dry";"Finsbury London Dry";"0";"329.9";"0.7";"471.29";"Gin";"Glass";"37.5";"1.2567619"
"Vinmonopolet";"784101";"AlizÃ© Gold Passion";"AlizÃ© Gold Passion";"0";"279.9";"0.7";"399.86";"LikÃ¸r";"Glass";"16";"2.4991071"
"Vinmonopolet";"784801";"Graci Etna Bianco 2018";"Graci Etna Bianco";"2018";"309.9";"0.75";"413.2";"White wine";"Glass";"12";"3.4433331"
"Vinmonopolet";"785601";"Yvon Mau Merlot 2018";"Yvon Mau Merlot";"2018";"119.9";"0.75";"159.87";"RÃ¸dvin";"Glass";"12.5";"1.2789334"
"Vinmonopolet";"786002";"Santa Carolina Cabernet Sauvignon Reserve 2017";"Santa Carolina Cabernet Sauvignon Reserve";"2017";"99.9";"0.38";"266.4";"RÃ¸dvin";"Glass";"13";"2.0222673"
"Vinmonopolet";"786401";"Jaboulet ParallÃ¨le 45 CÃ´tes du RhÃ´ne 2017";"Jaboulet ParallÃ¨le 45 CÃ´tes du RhÃ´ne";"2017";"159.9";"0.75";"213.2";"RÃ¸dvin";"Glass";"14";"1.5228571"
"Vinmonopolet";"786801";"Jean LeÃ³n Cabernet Sauvignon Reserva 2012";"Jean LeÃ³n Cabernet Sauvignon Reserva";"2012";"254.9";"0.75";"339.87";"RÃ¸dvin";"Glass";"14.5";"2.343908"
"Vinmonopolet";"787101";"Marimar Estate La Masia Pinot Noir 2014";"Marimar Estate La Masia Pinot Noir";"2014";"459.9";"0.75";"613.2";"RÃ¸dvin";"Glass";"14.5";"4.2289653"
"Vinmonopolet";"787201";"Dourthe No.1 2015";"Dourthe No.1";"2015";"198";"0.75";"264";"RÃ¸dvin";"Glass";"13.5";"1.9555556"
"Vinmonopolet";"788101";"Karl Erbes Ãrziger WÃ¼rzgarten Riesling SpÃ¤tlese Trocken 2016";"Karl Erbes Ãrziger WÃ¼rzgarten Riesling SpÃ¤tlese Trocken";"2016";"290.2";"0.75";"386.93";"White wine";"Glass";"12";"3.2244446"
"Vinmonopolet";"788301";"Richter Graacher Himmelreich Riesling Auslese 2018";"Richter Graacher Himmelreich Riesling Auslese";"2018";"284.9";"0.75";"379.87";"White wine";"Glass";"7";"5.4266667"
"Vinmonopolet";"788801";"Manso de Velasco 2013";"Manso de Velasco";"2013";"349.9";"0.75";"466.53";"RÃ¸dvin";"Glass";"13.5";"3.4558024"
"Vinmonopolet";"789001";"Cecilia Beretta Amarone 2012";"Cecilia Beretta Amarone";"2012";"399.9";"0.75";"533.2";"RÃ¸dvin";"Glass";"15.5";"3.44"
"Vinmonopolet";"789301";"Trimbach Gewurztraminer 2016";"Trimbach Gewurztraminer";"2016";"229.9";"0.75";"306.53";"White wine";"Glass";"14";"2.1895237"
"Vinmonopolet";"789401";"Trimbach Pinot Gris RÃ©serve Personnelle 2016";"Trimbach Pinot Gris RÃ©serve Personnelle";"2016";"399.9";"0.75";"533.2";"White wine";"Glass";"14";"3.8085713"
"Vinmonopolet";"789501";"Trimbach Riesling CuvÃ©e FrÃ©dÃ©ric Ãmile 2011";"Trimbach Riesling CuvÃ©e FrÃ©dÃ©ric Ãmile";"2011";"529.9";"0.75";"706.53";"White wine";"Glass";"14";"5.046667"
"Vinmonopolet";"790402";"Dupont Fine";"Dupont Fine";"0";"360";"0.5";"720";"Fruit spirit";"Glass";"40";"1.8"
"Vinmonopolet";"790501";"Santa Sofia Amarone della Valpolicella Classico 2015";"Santa Sofia Amarone della Valpolicella Classico";"2015";"349.9";"0.75";"466.53";"RÃ¸dvin";"Glass";"15";"3.110222"
"Vinmonopolet";"791007";"The Famous Grouse";"The Famous Grouse";"0";"2449.9";"4.5";"544.42";"Whisky";"Glass";"40";"1.3610555"
"Vinmonopolet";"791501";"De Luze X.O TrÃ¨s Vieille RÃ©serve Superieur";"De Luze X.O TrÃ¨s Vieille RÃ©serve Superieur";"0";"599.9";"0.7";"857";"Grape spirit";"Glass";"40";"2.1425002"
"Vinmonopolet";"791502";"De Luze X.O TrÃ¨s Vieille RÃ©serve Superieur";"De Luze X.O TrÃ¨s Vieille RÃ©serve Superieur";"0";"439.9";"0.5";"879.8";"Grape spirit";"Plast";"40";"2.1995"
"Vinmonopolet";"791601";"De Luze V.S.O.P. Fine Champagne";"De Luze V.S.O.P. Fine Champagne";"0";"454.9";"0.7";"649.86";"Grape spirit";"Glass";"40";"1.6246428"
"Vinmonopolet";"791603";"De Luze VSOP Fine Champagne";"De Luze VSOP Fine Champagne";"0";"84.9";"0.05";"1698";"Grape spirit";"Glass";"40";"4.245"
"Vinmonopolet";"791605";"De Luze V.S.O.P. Fine Champagne";"De Luze V.S.O.P. Fine Champagne";"0";"1250";"1.5";"833.33";"Grape spirit";"Glass";"40";"2.0833333"
"Vinmonopolet";"791607";"De Luze V.S.O.P. Fine Champagne";"De Luze V.S.O.P. Fine Champagne";"0";"2300";"3";"766.67";"Grape spirit";"Glass";"40";"1.9166666"
"Vinmonopolet";"791801";"Valduero Crianza 2016";"Valduero Crianza";"2016";"278.9";"0.75";"371.87";"RÃ¸dvin";"Glass";"14";"2.6561904"
"Vinmonopolet";"791901";"Valduero Ribera del Duero Reserva 2012";"Valduero Ribera del Duero Reserva";"2012";"349.9";"0.75";"466.53";"RÃ¸dvin";"Glass";"14";"3.332381"
"Vinmonopolet";"792306";"J.P. Chenet Colombard Chardonnay 2019";"J.P. Chenet Colombard Chardonnay";"2019";"429.9";"3";"143.3";"White wine";"Bag-in-box";"11";"1.3027272"
"Vinmonopolet";"793201";"Ch. de Laubade Bas Armagnac 1977";"Ch. de Laubade Bas Armagnac";"1977";"1639.5";"0.7";"2342.14";"Grape spirit";"Glass";"40";"5.855357"
"Vinmonopolet";"794601";"Illuminati Riparosso Montepulciano d'Abruzzo 2017";"Illuminati Riparosso Montepulciano d'Abruzzo";"2017";"166.5";"0.75";"222";"RÃ¸dvin";"Glass";"13.5";"1.6444445"
"Vinmonopolet";"795301";"Kilbeggan 4 Years Old";"Kilbeggan 4 Years Old";"0";"419.9";"0.7";"599.86";"Whisky";"Glass";"40";"1.4996428"
"Vinmonopolet";"796001";"Wente Riva Ranch Single Vineyard Chardonnay 2018";"Wente Riva Ranch Single Vineyard Chardonnay";"2018";"279";"0.75";"372";"White wine";"Glass";"13.5";"2.7555556"
"Vinmonopolet";"796301";"Wente Morning Fog Chardonnay 2018";"Wente Morning Fog Chardonnay";"2018";"189";"0.75";"252";"White wine";"Glass";"13.5";"1.8666667"
"Vinmonopolet";"797301";"MarquÃ©s de la Concordia Reserva 2011";"MarquÃ©s de la Concordia Reserva";"2011";"179.9";"0.75";"239.87";"RÃ¸dvin";"Glass";"13.5";"1.77679"
"Vinmonopolet";"797801";"Collosorbo Rosso 2011";"Collosorbo Rosso";"2011";"142.6";"0.75";"190.13";"RÃ¸dvin";"Glass";"14.5";"1.3112644"
"Vinmonopolet";"798001";"Collosorbo Brunello di Montalcino 2014";"Collosorbo Brunello di Montalcino";"2014";"375";"0.75";"500";"RÃ¸dvin";"Glass";"14.5";"3.4482758"
"Vinmonopolet";"800101";"Beefeater Burrough`s Reserve";"Beefeater Burrough`s Reserve";"0";"715";"0.7";"1021.43";"Gin";"Glass";"43";"2.3754153"
"Vinmonopolet";"800201";"Monte del FrÃ¡ Amarone della Valpolicella Classico 2015";"Monte del FrÃ¡ Amarone della Valpolicella Classico";"2015";"379";"0.75";"505.33";"RÃ¸dvin";"Glass";"15";"3.3688889"
"Vinmonopolet";"802301";"Campinuovi Montecucco Sangiovese 2010";"Campinuovi Montecucco Sangiovese";"2010";"188.7";"0.75";"251.6";"RÃ¸dvin";"Glass";"14.5";"1.7351724"
"Vinmonopolet";"802901";"Viberti Giovanni Barolo La Volta Riserva 2011";"Viberti Giovanni Barolo La Volta Riserva";"2011";"699.9";"0.75";"933.2";"RÃ¸dvin";"Glass";"14.5";"6.435862"
"Vinmonopolet";"802905";"Viberti Giovanni Barolo La Volta Riserva 2010";"Viberti Giovanni Barolo La Volta Riserva";"2010";"1799.9";"1.5";"1199.93";"RÃ¸dvin";"Glass";"14.5";"8.275402"
"Vinmonopolet";"803001";"Viberti Giovanni Barolo San Pietro Riserva 2011";"Viberti Giovanni Barolo San Pietro Riserva";"2011";"699.9";"0.75";"933.2";"RÃ¸dvin";"Glass";"14.5";"6.435862"
"Vinmonopolet";"803005";"Viberti Giovanni Barolo San Pietro Riserva 2011";"Viberti Giovanni Barolo San Pietro Riserva";"2011";"1799.9";"1.5";"1199.93";"RÃ¸dvin";"Glass";"14.5";"8.275402"
"Vinmonopolet";"803101";"J.B. Becker Wallufer Walkenberg Riesling Trockenbeerenauslese 1989";"J.B. Becker Wallufer Walkenberg Riesling Trockenbeerenauslese";"1989";"2580";"0.75";"3440";"White wine";"Glass";"12";"28.666666"
"Vinmonopolet";"803401";"Produttori dei Colli Langhe Rosso 2018";"Produttori dei Colli Langhe Rosso";"2018";"149.9";"0.75";"199.87";"RÃ¸dvin";"Glass";"13.5";"1.4804938"
"Vinmonopolet";"803501";"Signorelli Amarone della Valpolicella 2017";"Signorelli Amarone della Valpolicella";"2017";"269";"0.75";"358.67";"RÃ¸dvin";"Glass";"15";"2.3911111"
"Vinmonopolet";"804001";"Scherrer Big Brother Pinot Noir 2014";"Scherrer Big Brother Pinot Noir";"2014";"549";"0.75";"732";"RÃ¸dvin";"Glass";"14.8";"4.9459457"
"Vinmonopolet";"805201";"Kutch Sonoma Coast Pinot Noir 2018";"Kutch Sonoma Coast Pinot Noir";"2018";"449";"0.75";"598.67";"RÃ¸dvin";"Glass";"13.2";"4.5353537"
"Vinmonopolet";"805301";"Kutch McDougall Ranch Pinot Noir 2017";"Kutch McDougall Ranch Pinot Noir";"2017";"598";"0.75";"797.33";"RÃ¸dvin";"Glass";"13";"6.133333"
"Vinmonopolet";"805501";"Scherrer Russian River Valley Pinot Noir 2014";"Scherrer Russian River Valley Pinot Noir";"2014";"488";"0.75";"650.67";"RÃ¸dvin";"Glass";"14.5";"4.487356"
"Vinmonopolet";"805801";"Anthill Farms Campbell Ranch Pinot Noir 2017";"Anthill Farms Campbell Ranch Pinot Noir";"2017";"498";"0.75";"664";"RÃ¸dvin";"Glass";"14.1";"4.70922"
"Vinmonopolet";"806801";"HSE TrÃ¨s Vieux Rhum Agricole";"HSE TrÃ¨s Vieux Rhum Agricole";"0";"549";"0.7";"784.29";"Rum";"Glass";"45";"1.7428572"
"Vinmonopolet";"811601";"Cristom Mt. Jefferson Pinot Noir 2017";"Cristom Mt. Jefferson Pinot Noir";"2017";"389.9";"0.75";"519.87";"RÃ¸dvin";"Glass";"13.5";"3.8508642"
"Vinmonopolet";"811801";"Cederberg Five Generations Chenin Blanc 2015";"Cederberg Five Generations Chenin Blanc";"2015";"460";"0.75";"613.33";"White wine";"Glass";"14";"4.3809524"
"Vinmonopolet";"811901";"Cederberg Shiraz 2014";"Cederberg Shiraz";"2014";"424";"0.75";"565.33";"RÃ¸dvin";"Glass";"14.5";"3.8988507"
"Vinmonopolet";"812702";"Valhalla";"Valhalla";"0";"254.9";"0.5";"509.8";"LikÃ¸r";"Glass";"35";"1.4565713"
"Vinmonopolet";"814001";"Felton Road Block 5 Pinot Noir 2018";"Felton Road Block 5 Pinot Noir";"2018";"658";"0.75";"877.33";"RÃ¸dvin";"Glass";"13.5";"6.4987655"
"Vinmonopolet";"814401";"Andre Perret Condrieu 2018";"Andre Perret Condrieu";"2018";"499";"0.75";"665.33";"White wine";"Glass";"14";"4.752381"
"Vinmonopolet";"815101";"Radio-Coteau Savoy Pinot Noir 2014";"Radio-Coteau Savoy Pinot Noir";"2014";"549";"0.75";"732";"RÃ¸dvin";"Glass";"13.4";"5.4626865"
"Vinmonopolet";"816601";"BFM 225 Saison";"BFM 225 Saison";"0";"169.9";"0.75";"226.53";"SurÃ¸l";"Glass";"6";"3.7755554"
"Vinmonopolet";"816802";"Borg BokkÃ¸l";"Borg BokkÃ¸l";"0";"35";"0.33";"106.06";"MÃ¸rk lager";"Glass";"6.6";"1.6069789"
"Vinmonopolet";"817001";"Copain Les Voisins Pinot Noir 2016";"Copain Les Voisins Pinot Noir";"2016";"429";"0.75";"572";"RÃ¸dvin";"Glass";"13";"4.4"
"Vinmonopolet";"817202";"Koskenkorva";"Koskenkorva";"0";"169.9";"0.35";"485.43";"Vodka";"Plast";"37.5";"1.2944762"
"Vinmonopolet";"818001";"Drouhin LaurÃ¨ne Pinot Noir 2014";"Drouhin LaurÃ¨ne Pinot Noir";"2014";"659";"0.75";"878.67";"RÃ¸dvin";"Glass";"14";"6.2761903"
"Vinmonopolet";"820006";"Tommasi Adorato Appassionato 2019";"Tommasi Adorato Appassionato";"2019";"439.9";"3";"146.63";"White wine";"Bag-in-box";"12.5";"1.1730666"
"Vinmonopolet";"820101";"Angostura 1919";"Angostura";"0";"575";"0.7";"821.43";"Rum";"Glass";"40";"2.0535715"
"Vinmonopolet";"822705";"Louis Roederer Brut Premier";"Louis Roederer Brut Premier";"0";"919.9";"1.5";"613.27";"Champagne, brut";"Glass";"12";"5.1105556"
"Vinmonopolet";"826201";"Kepos di Ampeleia 2016";"Kepos di Ampeleia";"2016";"289.9";"0.75";"386.53";"RÃ¸dvin";"Glass";"13";"2.9733334"
"Vinmonopolet";"826401";"Clarendelle Bordeaux Rouge 2014";"Clarendelle Bordeaux Rouge";"2014";"229";"0.75";"305.33";"RÃ¸dvin";"Glass";"13";"2.348718"
"Vinmonopolet";"827301";"Tezza Valpolicella Ripasso Superiore 2017";"Tezza Valpolicella Ripasso Superiore";"2017";"159.9";"0.75";"213.2";"RÃ¸dvin";"Glass";"13.5";"1.5792592"
"Vinmonopolet";"828102";"Occhipinti Passo Nero 2017";"Occhipinti Passo Nero";"2017";"429.9";"0.5";"859.8";"RÃ¸dvin";"Glass";"13.5";"6.368889"
"Vinmonopolet";"828401";"Ampeleia 2014";"Ampeleia";"2014";"469.9";"0.75";"626.53";"RÃ¸dvin";"Glass";"13.5";"4.6409874"
"Vinmonopolet";"828501";"Dom. Tariquet Bas-Armagnac 12 YO";"Dom. Tariquet Bas-Armagnac 12 YO";"0";"689.9";"0.7";"985.57";"Grape spirit";"Glass";"48.2";"2.044754"
"Vinmonopolet";"830701";"Sarnin-Berrux Meursault Blagny 1er Cru 2011";"Sarnin-Berrux Meursault Blagny 1er Cru";"2011";"399.9";"0.75";"533.2";"White wine";"Glass";"13";"4.101538"
"Vinmonopolet";"830801";"Sarnin-Berrux Saint-Romain 2011";"Sarnin-Berrux Saint-Romain";"2011";"219.9";"0.75";"293.2";"White wine";"Glass";"12.5";"2.3456"
"Vinmonopolet";"832201";"Nicolas Rossignol Volnay 1er Cru Taillepieds 2017";"Nicolas Rossignol Volnay 1er Cru Taillepieds";"2017";"1437.7";"0.75";"1916.93";"RÃ¸dvin";"Glass";"13";"14.745641"
"Vinmonopolet";"836802";"Gustav Arctic Cloudberry";"Gustav Arctic Cloudberry";"0";"295.5";"0.5";"591";"LikÃ¸r";"Glass";"21";"2.8142858"
"Vinmonopolet";"837201";"Le Rive Abramo Marca Trevigiana 2014";"Le Rive Abramo Marca Trevigiana";"2014";"239.5";"0.75";"319.33";"RÃ¸dvin";"Glass";"14.5";"2.2022989"
"Vinmonopolet";"837401";"Le Rive Raboso Marca Trevigiana Rosato 2017";"Le Rive Raboso Marca Trevigiana Rosato";"2017";"193.1";"0.75";"257.47";"RosÃ©vin";"Glass";"12.2";"2.1103826"
"Vinmonopolet";"837501";"Le Rive Spumante RosÃ© Extra Dry 2018";"Le Rive Spumante RosÃ© Extra Dry";"2018";"181.7";"0.75";"242.27";"Musserende vin, rosÃ©";"Glass";"11";"2.2024243"
"Vinmonopolet";"837601";"Le Rive Prosecco Spumante 2018";"Le Rive Prosecco Spumante";"2018";"197.2";"0.75";"262.93";"Sparkling wine";"Glass";"11.5";"2.2863767"
"Vinmonopolet";"837701";"Ghisolana Asolo Prosecco Superiore Extra Dry 2017";"Ghisolana Asolo Prosecco Superiore Extra Dry";"2017";"199";"0.75";"265.33";"Sparkling wine";"Glass";"11";"2.4121213"
"Vinmonopolet";"837901";"Frigo 1876 Sool Rosso 2019";"Frigo  Sool Rosso";"2019";"173.1";"0.75";"230.8";"RÃ¸dvin";"Glass";"12.4";"1.8612905"
"Vinmonopolet";"838701";"Terre di Leone il RePazzo Valpolicella Classico 2018";"Terre di Leone il RePazzo Valpolicella Classico";"2018";"190.3";"0.75";"253.73";"RÃ¸dvin";"Glass";"13.5";"1.8795062"
"Vinmonopolet";"838801";"Terre di Leone Valpolicella Classico Superiore 2014";"Terre di Leone Valpolicella Classico Superiore";"2014";"295.7";"0.75";"394.27";"RÃ¸dvin";"Glass";"14";"2.8161905"
"Vinmonopolet";"838901";"Terre di Leone il RePazzo Amarone della Valpolicella Classico 2015";"Terre di Leone il RePazzo Amarone della Valpolicella Classico";"2015";"328.8";"0.75";"438.4";"RÃ¸dvin";"Glass";"15.5";"2.828387"
"Vinmonopolet";"839001";"Terre di Leone Dedicatum 2012";"Terre di Leone Dedicatum";"2012";"308";"0.75";"410.67";"RÃ¸dvin";"Glass";"14.5";"2.8321838"
"Vinmonopolet";"839101";"Terre di Leone Amarone della Valpolicella Classico 2010";"Terre di Leone Amarone della Valpolicella Classico";"2010";"451.4";"0.75";"601.87";"RÃ¸dvin";"Glass";"15";"4.0124445"
"Vinmonopolet";"839201";"Terre di Leone Ripasso Classico Superiore 2014";"Terre di Leone Ripasso Classico Superiore";"2014";"323.5";"0.75";"431.33";"RÃ¸dvin";"Glass";"15";"2.8755555"
"Vinmonopolet";"839601";"Rivetto Barolo Briccolina 2013";"Rivetto Barolo Briccolina";"2013";"1369.9";"0.75";"1826.53";"RÃ¸dvin";"Glass";"14";"13.046667"
"Vinmonopolet";"842102";"Le Rive Raboso Dulcis in Fundo 2014";"Le Rive Raboso Dulcis in Fundo";"2014";"295.6";"0.5";"591.2";"RÃ¸dvin";"Glass";"14.5";"4.0772414"
"Vinmonopolet";"843002";"Ca' La Bionda Le Tordare Recioto della Valpolicella Classico 2012";"Ca' La Bionda Le Tordare Recioto della Valpolicella Classico";"2012";"329.9";"0.5";"659.8";"RÃ¸dvin";"Glass";"13";"5.0753846"
"Vinmonopolet";"844002";"Maxime Trijol XO";"Maxime Trijol XO";"0";"600";"0.5";"1200";"Grape spirit";"Glass";"40";"3"
"Vinmonopolet";"846001";"Johannishof Charta Riesling 2018";"Johannishof Charta Riesling";"2018";"209.9";"0.75";"279.87";"White wine";"Glass";"11.5";"2.433623"
"Vinmonopolet";"846202";"Johannishof Johannisberg RÃ¼desheimer Berg Rottland Auslese 2011";"Johannishof Johannisberg RÃ¼desheimer Berg Rottland Auslese";"2011";"329.9";"0.38";"879.73";"White wine";"Glass";"7.5";"11.5754385"
"Vinmonopolet";"846301";"Stag's Leap Cask 23 Cabernet Sauvignon 2015";"Stag's Leap Cask 23 Cabernet Sauvignon";"2015";"1999";"0.75";"2665.33";"RÃ¸dvin";"Glass";"13.5";"19.74321"
"Vinmonopolet";"848301";"Weszeli Langenlois Kamptal GrÃ¼ner Veltliner 2017";"Weszeli Langenlois Kamptal GrÃ¼ner Veltliner";"2017";"179.9";"0.75";"239.87";"White wine";"Glass";"12.5";"1.9189333"
"Vinmonopolet";"848902";"Austmann IPA";"Austmann IPA";"0";"49.9";"0.33";"151.21";"India pale ale";"Glass";"6.5";"2.3263402"
"Vinmonopolet";"849002";"Austmann Northie Brown Ale";"Austmann Northie Brown Ale";"0";"47.9";"0.33";"145.15";"Brown ale";"Glass";"5.5";"2.6391184"
"Vinmonopolet";"849102";"Austmann Tre Gamle Damer BPA";"Austmann Tre Gamle Damer BPA";"0";"46.9";"0.33";"142.12";"Pale ale";"Glass";"5.5";"2.584022"
"Vinmonopolet";"850001";"Frescobaldi Castiglioni Chianti 2018";"Frescobaldi Castiglioni Chianti";"2018";"159.6";"0.75";"212.8";"RÃ¸dvin";"Glass";"13";"1.6369232"
"Vinmonopolet";"851101";"Roche de Bellene Chassagne-Montrachet Vieilles Vignes 2018";"Roche de Bellene Chassagne-Montrachet Vieilles Vignes";"2018";"549.9";"0.75";"733.2";"White wine";"Glass";"13";"5.6400003"
"Vinmonopolet";"851901";"Kruger-Rumpf Phyllit Riesling Feinherb 2019";"Kruger-Rumpf Phyllit Riesling Feinherb";"2019";"179.9";"0.75";"239.87";"White wine";"Glass";"11.5";"2.085797"
"Vinmonopolet";"853701";"Wolfberger Cremant dÂ´Alsace Brut";"Wolfberger Cremant dÂ´Alsace Brut";"0";"209";"0.75";"278.67";"Sparkling wine";"Glass";"12";"2.3222222"
"Vinmonopolet";"854001";"Weing. ThÃ¶rle HÃ¶lle SpÃ¤tburgunder 2016";"Weing. ThÃ¶rle HÃ¶lle SpÃ¤tburgunder";"2016";"399";"0.75";"532";"RÃ¸dvin";"Glass";"12.5";"4.256"
"Vinmonopolet";"855706";"Allram LÃ¶ssterrassen GrÃ¼ner Veltliner 2019";"Allram LÃ¶ssterrassen GrÃ¼ner Veltliner";"2019";"325";"2";"162.5";"White wine";"Bag-in-box";"12";"1.3541666"
"Vinmonopolet";"857701";"Ch. Dudon 2012";"Ch. Dudon";"2012";"164.9";"0.75";"219.87";"RÃ¸dvin";"Glass";"13";"1.691282"
"Vinmonopolet";"857901";"PflÃ¼ger Herrenberg Riesling Trocken 2017";"PflÃ¼ger Herrenberg Riesling Trocken";"2017";"269.9";"0.75";"359.87";"White wine";"Glass";"13";"2.7682052"
"Vinmonopolet";"858101";"Gironda La Lippa Barbera dÂ´Asti 2018";"Gironda La Lippa Barbera dÂ´Asti";"2018";"169";"0.75";"225.33";"RÃ¸dvin";"Glass";"13.5";"1.6691358"
"Vinmonopolet";"858201";"Gironda La Gena Barbera dÂ´Asti 2015";"Gironda La Gena Barbera dÂ´Asti";"2015";"249";"0.75";"332";"RÃ¸dvin";"Glass";"14.5";"2.2896552"
"Vinmonopolet";"858401";"Gironda Brachetto dÂ´Acqui 2018";"Gironda Brachetto dÂ´Acqui";"2018";"159";"0.75";"212";"Perlende vin, rÃ¸d";"Glass";"5.5";"3.8545454"
"Vinmonopolet";"858601";"Maxime Trijol Extra Grand Champagne";"Maxime Trijol Extra Grand Champagne";"0";"1700";"0.7";"2428.57";"Grape spirit";"Glass";"40";"6.071429"
"Vinmonopolet";"858701";"Maxime Trijol VSOP Grand Champagne";"Maxime Trijol VSOP Grand Champagne";"0";"690";"0.7";"985.71";"Grape spirit";"Glass";"40";"2.4642859"
"Vinmonopolet";"859301";"Trapiche Pure Malbec 2019";"Trapiche Pure Malbec";"2019";"199.9";"0.75";"266.53";"RÃ¸dvin";"Glass";"13.5";"1.9743209"
"Vinmonopolet";"859501";"Dreissigacker Morstein Riesling Trocken 2013";"Dreissigacker Morstein Riesling Trocken";"2013";"499.9";"0.75";"666.53";"White wine";"Glass";"13";"5.1271796"
"Vinmonopolet";"859601";"Dreissigacker Kirchspeil 2014";"Dreissigacker Kirchspeil";"2014";"459.9";"0.75";"613.2";"White wine";"Glass";"13.5";"4.542222"
"Vinmonopolet";"860601";"ParÃ©s BaltÃ  Brut Nature";"ParÃ©s BaltÃ  Brut Nature";"0";"179.9";"0.75";"239.87";"Sparkling wine";"Glass";"11.5";"2.085797"
"Vinmonopolet";"861201";"Taittinger Nocturne RosÃ©";"Taittinger Nocturne RosÃ©";"0";"649.9";"0.75";"866.53";"Champagne, rosÃ©";"Glass";"12.5";"6.9322667"
"Vinmonopolet";"861801";"Dom. PÃ©piÃ¨re Muscadet SÃ¨vre et Maine Sur Lie 2018";"Dom. PÃ©piÃ¨re Muscadet SÃ¨vre et Maine Sur Lie";"2018";"199.9";"0.75";"266.53";"White wine";"Glass";"12.5";"2.1322665"
"Vinmonopolet";"862101";"Hirschhof Westhoffner Morstein Riesling Auslese 2018";"Hirschhof Westhoffner Morstein Riesling Auslese";"2018";"239.9";"0.75";"319.87";"White wine";"Glass";"9";"3.554074"
"Vinmonopolet";"862201";"Charles Audoin Bourgogne Pinot Noir 2018";"Charles Audoin Bourgogne Pinot Noir";"2018";"299.9";"0.75";"399.87";"RÃ¸dvin";"Glass";"12.5";"3.1989334"
"Vinmonopolet";"862306";"Refill Vodka";"Refill Vodka";"0";"229.9";"0.5";"459.8";"Vodka";"Pouch";"37.5";"1.2261333"
"Vinmonopolet";"862501";"Meukow *****";"Meukow *****";"0";"529.3";"0.7";"756.14";"Grape spirit";"Glass";"40";"1.8903571"
"Vinmonopolet";"863001";"Radikon Pinot Grigio 2017";"Radikon Pinot Grigio";"2017";"369.9";"0.75";"493.2";"White wine";"Glass";"13.5";"3.6533332"
"Vinmonopolet";"863102";"Jakot 2014";"Jakot";"2014";"349.9";"0.5";"699.8";"White wine";"Glass";"13";"5.3830767"
"Vinmonopolet";"863201";"Roagna Barolo 2014";"Roagna Barolo";"2014";"579.9";"0.75";"773.2";"RÃ¸dvin";"Glass";"14";"5.522857"
"Vinmonopolet";"863702";"Dom. Montrose RosÃ© 2019";"Dom. Montrose RosÃ©";"2019";"76";"0.38";"202.67";"RosÃ©vin";"Glass";"12";"1.6666667"
"Vinmonopolet";"864001";"Elixir Haut-MÃ©doc 2014";"Elixir Haut-MÃ©doc";"2014";"199.9";"0.75";"266.53";"RÃ¸dvin";"Glass";"13";"2.0502563"
"Vinmonopolet";"864007";"Elixir Haut-MÃ©doc 2012";"Elixir Haut-MÃ©doc";"2012";"999.9";"3";"333.3";"RÃ¸dvin";"Glass";"13";"2.563846"
"Vinmonopolet";"865401";"Ch. Grand Housteau CrÃ©mant de Bordeaux Brut";"Ch. Grand Housteau CrÃ©mant de Bordeaux Brut";"0";"149.9";"0.75";"199.87";"Sparkling wine";"Glass";"11";"1.8169696"
"Vinmonopolet";"866502";"JoÃ¿ Ã  un moment donnÃ©";"JoÃ¿ Ã  un moment donnÃ©";"0";"639.6";"0.5";"1279.2";"Grape spirit";"Glass";"40.5";"3.1585183"
"Vinmonopolet";"866801";"Ch. Moulin Riche 2014";"Ch. Moulin Riche";"2014";"389.9";"0.75";"519.87";"RÃ¸dvin";"Glass";"12.5";"4.158933"
"Vinmonopolet";"867201";"Olek Bondonio Barbaresco Roncagliette 2017";"Olek Bondonio Barbaresco Roncagliette";"2017";"610";"0.75";"813.33";"RÃ¸dvin";"Glass";"14";"5.8095236"
"Vinmonopolet";"867901";"Balgera Rosso di Valtellina 2006";"Balgera Rosso di Valtellina";"2006";"255";"0.75";"340";"RÃ¸dvin";"Glass";"12";"2.8333333"
"Vinmonopolet";"868701";"Les Tourelles de Longueville 2010";"Les Tourelles de Longueville";"2010";"599";"0.75";"798.67";"RÃ¸dvin";"Glass";"13.5";"5.9160495"
"Vinmonopolet";"870001";"Bogle Chardonnay 2018";"Bogle Chardonnay";"2018";"225";"0.75";"300";"White wine";"Glass";"14";"2.142857"
"Vinmonopolet";"870201";"Bogle Pinot Noir 2016";"Bogle Pinot Noir";"2016";"229.9";"0.75";"306.53";"RÃ¸dvin";"Glass";"14";"2.1895237"
"Vinmonopolet";"870401";"Bogle Old Vine Zinfandel 2017";"Bogle Old Vine Zinfandel";"2017";"229.9";"0.75";"306.53";"RÃ¸dvin";"Glass";"14.5";"2.114023"
"Vinmonopolet";"870501";"Bogle Petite Sirah 2016";"Bogle Petite Sirah";"2016";"229";"0.75";"305.33";"RÃ¸dvin";"Glass";"14";"2.1809523"
"Vinmonopolet";"870701";"McManis Petite Sirah 2018";"McManis Petite Sirah";"2018";"215";"0.75";"286.67";"RÃ¸dvin";"Glass";"13.5";"2.1234567"
"Vinmonopolet";"870801";"McManis Chardonnay 2017";"McManis Chardonnay";"2017";"209";"0.75";"278.67";"White wine";"Glass";"13.5";"2.0641975"
"Vinmonopolet";"871001";"Bogle Cabernet Sauvignon 2017";"Bogle Cabernet Sauvignon";"2017";"229.9";"0.75";"306.53";"RÃ¸dvin";"Glass";"13.5";"2.2706172"
"Vinmonopolet";"871101";"McManis Pinot Noir 2018";"McManis Pinot Noir";"2018";"215";"0.75";"286.67";"RÃ¸dvin";"Glass";"13.5";"2.1234567"
"Vinmonopolet";"871301";"McManis Zinfandel 2016";"McManis Zinfandel";"2016";"215";"0.75";"286.67";"RÃ¸dvin";"Glass";"14";"2.047619"
"Vinmonopolet";"871607";"Braastad XO";"Braastad XO";"0";"2149";"3";"716.33";"Grape spirit";"Glass";"40";"1.7908334"
"Vinmonopolet";"872501";"Dal Cero Soave 2017";"Dal Cero Soave";"2017";"169.9";"0.75";"226.53";"White wine";"Glass";"12.5";"1.8122666"
"Vinmonopolet";"873201";"Fisk The Classic";"Fisk The Classic";"0";"349.9";"0.7";"499.86";"Other spirit";"Glass";"30";"1.6661905"
"Vinmonopolet";"874801";"Dramm Lakris og Chili";"Dramm Lakris og Chili";"0";"344.9";"0.7";"492.71";"LikÃ¸r";"Glass";"30";"1.642381"
"Vinmonopolet";"875401";"Marc Kreydenweiss Ka 2016";"Marc Kreydenweiss Ka";"2016";"349.9";"0.75";"466.53";"RÃ¸dvin";"Glass";"13";"3.588718"
"Vinmonopolet";"875601";"Marc Kreydenweiss Ansata 2015";"Marc Kreydenweiss Ansata";"2015";"244.9";"0.75";"326.53";"RÃ¸dvin";"Glass";"13.5";"2.4187653"
"Vinmonopolet";"875701";"Bolla Prosecco Extra Dry";"Bolla Prosecco Extra Dry";"0";"129.9";"0.75";"173.2";"Sparkling wine";"Glass";"11";"1.5745454"
"Vinmonopolet";"875801";"Montecillo Gran Reserva SelecciÃ³n Especial 1994";"Montecillo Gran Reserva SelecciÃ³n Especial";"1994";"999.9";"0.75";"1333.2";"RÃ¸dvin";"Glass";"13.5";"9.875556"
"Vinmonopolet";"875805";"Montecillo Gran Reserva SelecciÃ³n Especial 1994";"Montecillo Gran Reserva SelecciÃ³n Especial";"1994";"1999.9";"1.5";"1333.27";"RÃ¸dvin";"Glass";"13";"10.2558975"
"Vinmonopolet";"876101";"Montico The Italian Zinfandel di Puglia 2018";"Montico The Italian Zinfandel di Puglia";"2018";"135";"0.75";"180";"RÃ¸dvin";"Glass";"13.5";"1.3333334"
"Vinmonopolet";"876701";"Baron Gaston Legrand Bas Armagnac 1980";"Baron Gaston Legrand Bas Armagnac";"1980";"999";"0.7";"1427.14";"Grape spirit";"Glass";"40";"3.5678573"
"Vinmonopolet";"876801";"Dom. Jean Monnier Beaune-Montrevenots Premier Cru Rouge 2013";"Dom. Jean Monnier Beaune-Montrevenots Premier Cru Rouge";"2013";"339.9";"0.75";"453.2";"RÃ¸dvin";"Glass";"13";"3.4861538"
"Vinmonopolet";"877001";"Dom. Jean Monnier Beaune-Montrevenots Premier Cru 2013";"Dom. Jean Monnier Beaune-Montrevenots Premier Cru";"2013";"339.9";"0.75";"453.2";"White wine";"Glass";"13";"3.4861538"
"Vinmonopolet";"877201";"Dom. Jean Monnier Meursault-GenevriÃ¨res Premier Cru 2013";"Dom. Jean Monnier Meursault-GenevriÃ¨res Premier Cru";"2013";"489.9";"0.75";"653.2";"White wine";"Glass";"13";"5.0246153"
"Vinmonopolet";"877301";"Jean Monnier Meursault Vieilles Vignes 2016";"Jean Monnier Meursault Vieilles Vignes";"2016";"419.9";"0.75";"559.87";"White wine";"Glass";"13";"4.3066664"
"Vinmonopolet";"878501";"Serpaia di Endrizzi Morellino di Scansano 2014";"Serpaia di Endrizzi Morellino di Scansano";"2014";"189";"0.75";"252";"RÃ¸dvin";"Glass";"13";"1.9384615"
"Vinmonopolet";"878701";"Oma Barbera d'Alba 2018";"Oma Barbera d'Alba";"2018";"174.4";"0.75";"232.53";"RÃ¸dvin";"Glass";"13.5";"1.7224691"
"Vinmonopolet";"878702";"Oma Barbera d'Alba 2017";"Oma Barbera d'Alba";"2017";"104.7";"0.38";"279.2";"RÃ¸dvin";"Glass";"13.5";"2.0409358"
"Vinmonopolet";"879301";"Duplessis Petit Chablis 2018";"Duplessis Petit Chablis";"2018";"309.9";"0.75";"413.2";"White wine";"Glass";"12.5";"3.3056"
"Vinmonopolet";"879401";"Philipponnat Clos des Goisses Brut 2007";"Philipponnat Clos des Goisses Brut";"2007";"1999.9";"0.75";"2666.53";"Champagne, brut";"Glass";"13";"20.511795"
"Vinmonopolet";"879405";"Philipponnat Clos des Goisses Brut 2007";"Philipponnat Clos des Goisses Brut";"2007";"4100";"1.5";"2733.33";"Champagne, brut";"Glass";"13";"21.02564"
"Vinmonopolet";"879601";"Ch. la Roque de By 2016";"Ch. la Roque de By";"2016";"219.9";"0.75";"293.2";"RÃ¸dvin";"Glass";"13.5";"2.1718519"
"Vinmonopolet";"879701";"GÃ©rard Duplessis Chablis 2018";"GÃ©rard Duplessis Chablis";"2018";"349.9";"0.75";"466.53";"White wine";"Glass";"12.5";"3.7322667"
"Vinmonopolet";"884301";"Ch. Mercier CuvÃ©e Prestige 2014";"Ch. Mercier CuvÃ©e Prestige";"2014";"217.5";"0.75";"290";"RÃ¸dvin";"Glass";"14";"2.0714285"
"Vinmonopolet";"884401";"Abbazia Prosecco Extra Dry";"Abbazia Prosecco Extra Dry";"0";"119.9";"0.75";"159.87";"Sparkling wine";"Glass";"11";"1.4533334"
"Vinmonopolet";"884701";"Speyburn Bradan Orach Single Malt";"Speyburn Bradan Orach Single Malt";"0";"559.9";"0.7";"799.86";"Whisky";"Glass";"40";"1.999643"
"Vinmonopolet";"884801";"Hankey Bannister";"Hankey Bannister";"0";"409.9";"0.7";"585.57";"Whisky";"Glass";"40";"1.4639286"
"Vinmonopolet";"885101";"Freixenet Mia Fresh and Crisp";"Freixenet Mia Fresh and Crisp";"0";"132.9";"0.75";"177.2";"Sparkling wine";"Glass";"11";"1.610909"
"Vinmonopolet";"885402";"DisznÃ³kÃ¶ Tokaji AszÃº 5 Puttonyos 2010";"DisznÃ³kÃ¶ Tokaji AszÃº 5 Puttonyos";"2010";"349.9";"0.5";"699.8";"White wine";"Glass";"12";"5.8316665"
"Vinmonopolet";"885701";"Lanson White Label";"Lanson White Label";"0";"569.9";"0.75";"759.87";"Champagne, sec";"Glass";"12.5";"6.0789337"
"Vinmonopolet";"888502";"Quinta do Vallado Tawny 20 YO";"Quinta do Vallado Tawny 20 YO";"0";"549.9";"0.5";"1099.8";"Port wine";"Glass";"20";"5.499"
"Vinmonopolet";"888602";"Lustau Almacenista Manzanilla Pasada de SanlÃºcar";"Lustau Almacenista Manzanilla Pasada de SanlÃºcar";"0";"278.9";"0.5";"557.8";"Sherry";"Glass";"17";"3.2811763"
"Vinmonopolet";"888702";"Lustau Pedro XimÃ©nez VORS 30 YO";"Lustau Pedro XimÃ©nez VORS 30 YO";"0";"680";"0.5";"1360";"Sherry";"Glass";"15";"9.066667"
"Vinmonopolet";"888802";"Lustau Puerto Fino Solera Reserva";"Lustau Puerto Fino Solera Reserva";"0";"149.9";"0.38";"399.73";"Sherry";"Glass";"15";"2.6298244"
"Vinmonopolet";"888902";"Lustau East India Solera";"Lustau East India Solera";"0";"212.1";"0.5";"424.2";"Sherry";"Glass";"20";"2.121"
"Vinmonopolet";"889701";"Matrot Bourgogne Pinot Noir 2017";"Matrot Bourgogne Pinot Noir";"2017";"272";"0.75";"362.67";"RÃ¸dvin";"Glass";"12";"3.0222223"
"Vinmonopolet";"889801";"Arlaud Charmes-Chambertin Grand Cru 2011";"Arlaud Charmes-Chambertin Grand Cru";"2011";"846.9";"0.75";"1129.2";"RÃ¸dvin";"Glass";"13";"8.686154"
"Vinmonopolet";"890001";"Arlaud Morey-St-Denis 1er Cru Aux Cheseaux 2011";"Arlaud Morey-St-Denis 1er Cru Aux Cheseaux";"2011";"534.8";"0.75";"713.07";"RÃ¸dvin";"Glass";"13";"5.485128"
"Vinmonopolet";"890501";"Moestue Volnay 2011";"Moestue Volnay";"2011";"360";"0.75";"480";"RÃ¸dvin";"Glass";"12";"4"
"Vinmonopolet";"891202";"Quinta de la Rosa Late Bottled Vintage 2015";"Quinta de la Rosa Late Bottled Vintage";"2015";"226.1";"0.5";"452.2";"Port wine";"Glass";"19.5";"2.3189745"
"Vinmonopolet";"891401";"Perrin Vacqueyras Les Christins 2011";"Perrin Vacqueyras Les Christins";"2011";"256.9";"0.75";"342.53";"RÃ¸dvin";"Glass";"14.5";"2.3622987"
"Vinmonopolet";"891505";"Selvapiana Chianti Rufina 2016";"Selvapiana Chianti Rufina";"2016";"389.9";"1.5";"259.93";"RÃ¸dvin";"Glass";"14";"1.8566667"
"Vinmonopolet";"891702";"Quinta de la Rosa Tawny";"Quinta de la Rosa Tawny";"0";"188";"0.5";"376";"Port wine";"Glass";"19.5";"1.9282051"
"Vinmonopolet";"891802";"Quinta de la Rosa Finest Reserve";"Quinta de la Rosa Finest Reserve";"0";"199.9";"0.5";"399.8";"Port wine";"Glass";"20";"1.999"
"Vinmonopolet";"891905";"Chakana Malbec 2015";"Chakana Malbec";"2015";"265";"1.5";"176.67";"RÃ¸dvin";"Glass";"13.5";"1.308642"
"Vinmonopolet";"892002";"Balder Julebukk";"Balder Julebukk";"0";"71.5";"0.33";"216.67";"Special";"Glass";"7";"3.095238"
"Vinmonopolet";"892801";"The Irishman Cask Strength";"The Irishman Cask Strength";"0";"1250";"0.7";"1785.71";"Whisky";"Glass";"54";"3.3068783"
"Vinmonopolet";"895102";"Lustau Oloroso Pata de Gallina";"Lustau Oloroso Pata de Gallina";"0";"288";"0.5";"576";"Sherry";"Glass";"20";"2.88"
"Vinmonopolet";"895601";"The Irishman Founders Reserve";"The Irishman Founders Reserve";"0";"579.9";"0.7";"828.43";"Whisky";"Glass";"40";"2.0710716"
"Vinmonopolet";"896802";"Fisherstorm Citrus";"Fisherstorm Citrus";"0";"250.2";"0.5";"500.4";"Other spirit";"Glass";"21.5";"2.327442"
"Vinmonopolet";"896901";"Dominio de Tares Baltos 2014";"Dominio de Tares Baltos";"2014";"195";"0.75";"260";"RÃ¸dvin";"Glass";"14.5";"1.7931035"
"Vinmonopolet";"897001";"Pera Mata l`Origen Grand Reserva Brut 2012";"Pera Mata l`Origen Grand Reserva Brut";"2012";"219";"0.75";"292";"Sparkling wine";"Glass";"11.5";"2.5391304"
"Vinmonopolet";"897101";"Pere Mata Brut Reserva";"Pere Mata Brut Reserva";"2015";"185";"0.75";"246.67";"Sparkling wine";"Glass";"11.5";"2.1449275"
"Vinmonopolet";"897201";"Pierre Amadieu CÃ´tes du RhÃ´ne Roulepierre 2018";"Pierre Amadieu CÃ´tes du RhÃ´ne Roulepierre";"2018";"170.4";"0.75";"227.2";"RÃ¸dvin";"Glass";"13.5";"1.6829629"
"Vinmonopolet";"897301";"Dom. Grand Romane Gigondas 2016";"Dom. Grand Romane Gigondas";"2016";"285";"0.75";"380";"RÃ¸dvin";"Glass";"15";"2.5333333"
"Vinmonopolet";"897401";"Ch. FuissÃ© Pouilly-FuissÃ© TÃªte de Cru 2017";"Ch. FuissÃ© Pouilly-FuissÃ© TÃªte de Cru";"2017";"319.9";"0.75";"426.53";"White wine";"Glass";"13.5";"3.159506"
"Vinmonopolet";"897501";"Ch. FuissÃ© Pouilly-FuissÃ© Le Clos 2017";"Ch. FuissÃ© Pouilly-FuissÃ© Le Clos";"2017";"499.9";"0.75";"666.53";"White wine";"Glass";"14";"4.7609525"
"Vinmonopolet";"899601";"RÃ©gnard Nuits-St-Georges 1er Cru 2016";"RÃ©gnard Nuits-St-Georges 1er Cru";"2016";"859.9";"0.75";"1146.53";"RÃ¸dvin";"Glass";"13";"8.819488"
"Vinmonopolet";"899701";"RÃ©gnard Bourgogne Pinot Noir 2018";"RÃ©gnard Bourgogne Pinot Noir";"2018";"264.9";"0.75";"353.2";"RÃ¸dvin";"Glass";"12.5";"2.8256"
"Vinmonopolet";"900001";"RÃ©gnard Meursault Terres Blanches 2014";"RÃ©gnard Meursault Terres Blanches";"2014";"679.9";"0.75";"906.53";"White wine";"Glass";"13";"6.9733334"
"Vinmonopolet";"900101";"RÃ©gnard Mercurey 2018";"RÃ©gnard Mercurey";"2018";"379.9";"0.75";"506.53";"RÃ¸dvin";"Glass";"13";"3.8964102"
"Vinmonopolet";"900301";"Casablanca Nimbus Single Vineyard Pinot Noir 2017";"Casablanca Nimbus Single Vineyard Pinot Noir";"2017";"299.9";"0.75";"399.87";"RÃ¸dvin";"Glass";"14";"2.8561904"
"Vinmonopolet";"900605";"Dom. La Suffrene Bandol Les Lauves 2012";"Dom. La Suffrene Bandol Les Lauves";"2012";"649.9";"1.5";"433.27";"RÃ¸dvin";"Glass";"15";"2.8884447"
"Vinmonopolet";"900701";"Dom. La Suffrene Bandol 2014";"Dom. La Suffrene Bandol";"2014";"235";"0.75";"313.33";"RÃ¸dvin";"Glass";"14";"2.2380953"
"Vinmonopolet";"902802";"Franz Haas Moscato Rosa";"Franz Haas Moscato Rosa";"2017";"259.9";"0.38";"693.07";"RÃ¸dvin";"Glass";"12";"5.699561"
"Vinmonopolet";"903001";"Franz Haas Manna 2017";"Franz Haas Manna";"2017";"274.9";"0.75";"366.53";"White wine";"Glass";"13";"2.819487"
"Vinmonopolet";"903702";"Haandbryggeriet Halvor's Jul";"Haandbryggeriet Halvor's Jul";"0";"95.2";"0.5";"190.4";"Special";"Glass";"8";"2.3799999"
"Vinmonopolet";"903802";"Mikkeller Hoppy Lovin' Christmas IPA";"Mikkeller Hoppy Lovin' Christmas IPA";"0";"69.9";"0.33";"211.82";"India pale ale";"Glass";"7.8";"2.7156177"
"Vinmonopolet";"910601";"Campos de Luz Garnacha 2018";"Campos de Luz Garnacha";"2018";"114.9";"0.75";"153.2";"RÃ¸dvin";"Glass";"13";"1.1784616"
"Vinmonopolet";"910606";"Campos de Luz Garnacha 2018";"Campos de Luz Garnacha";"2018";"409.9";"3";"136.63";"RÃ¸dvin";"Bag-in-box";"13";"1.0510256"
"Vinmonopolet";"911002";"Saint Germain Rhub IPA";"Saint Germain Rhub IPA";"0";"69.9";"0.33";"211.82";"India pale ale";"Glass";"6.9";"3.0698285"
"Vinmonopolet";"911102";"Oud Beersel Oude Kriek";"Oud Beersel Oude Kriek";"0";"94.9";"0.38";"253.07";"SurÃ¸l";"Glass";"6";"4.162281"
"Vinmonopolet";"911202";"Moskus Fjellakevitt";"Moskus Fjellakevitt";"0";"365";"0.5";"730";"Aquavit";"Glass";"38";"1.9210526"
"Vinmonopolet";"911902";"Shannon's Irish Cream Liqueur";"Shannon's Irish Cream Liqueur";"0";"142.1";"0.5";"284.2";"LikÃ¸r";"Plast";"17";"1.6717647"
"Vinmonopolet";"912701";"Tomatin Legacy Highland Single Malt Scotch Whisky";"Tomatin Legacy Highland Single Malt Scotch Whisky";"0";"605";"0.7";"864.29";"Whisky";"Glass";"43";"2.0099669"
"Vinmonopolet";"913201";"LÂ´Etoile du Ch. Godard Bellevue 2006";"LÂ´Etoile du Ch. Godard Bellevue";"2006";"329";"0.75";"438.67";"RÃ¸dvin";"Glass";"13.5";"3.2493827"
"Vinmonopolet";"913501";"Manuel Olivier Gevrey-Chambertin 2012";"Manuel Olivier Gevrey-Chambertin";"2012";"448.9";"0.75";"598.53";"RÃ¸dvin";"Glass";"13";"4.6041026"
"Vinmonopolet";"914401";"BenRiach Birnie Moss";"BenRiach Birnie Moss";"0";"719.9";"0.7";"1028.43";"Whisky";"Glass";"48";"2.1425595"
"Vinmonopolet";"915701";"Ch. de Triac Single Vinyard Fine Bois";"Ch. de Triac Single Vinyard Fine Bois";"0";"569.9";"0.7";"814.14";"Grape spirit";"Glass";"40";"2.0353572"
"Vinmonopolet";"918401";"The Singleton of Dufftown 15 YO 1998";"The Singleton of Dufftown 15 YO";"1998";"549.9";"0.7";"785.57";"Whisky";"Glass";"40";"1.9639287"
"Vinmonopolet";"918701";"Caol Ila Moch";"Caol Ila Moch";"0";"589.9";"0.7";"842.71";"Whisky";"Glass";"43";"1.9598007"
"Vinmonopolet";"919101";"Smak av Telemark 2016";"Smak av Telemark";"2016";"149.9";"0.75";"199.87";"RÃ¸dvin";"Glass";"12.5";"1.5989332"
"Vinmonopolet";"919701";"Mullineux Kloof Street Old Vine Chenin Blanc 2018";"Mullineux Kloof Street Old Vine Chenin Blanc";"2018";"195";"0.75";"260";"White wine";"Glass";"13.5";"1.925926"
"Vinmonopolet";"920201";"Casanova di Neri Rosso di Montalcino 2016";"Casanova di Neri Rosso di Montalcino";"2016";"289";"0.75";"385.33";"RÃ¸dvin";"Glass";"13.5";"2.854321"
"Vinmonopolet";"920301";"Casanova di Neri Brunello di Montalcino Cerretalto 2007";"Casanova di Neri Brunello di Montalcino Cerretalto";"2007";"1890";"0.75";"2520";"RÃ¸dvin";"Glass";"13.5";"18.666666"
"Vinmonopolet";"920605";"Ch. Angludet 2014";"Ch. Angludet";"2014";"1099.9";"1.5";"733.27";"RÃ¸dvin";"Glass";"13.5";"5.431605"
"Vinmonopolet";"920901";"Fernet Vincenzi";"Fernet Vincenzi";"0";"385";"0.7";"550";"Bitter	";"Glass";"40";"1.375"
"Vinmonopolet";"924101";"Baricchi Regina di FelicitÃ  Muscato Spumante";"Baricchi Regina di FelicitÃ  Muscato Spumante";"0";"262.7";"0.75";"350.27";"Sparkling wine";"Glass";"6.5";"5.388718"
"Vinmonopolet";"930301";"Ch. Angludet 2010";"Ch. Angludet";"2010";"949.9";"0.75";"1266.53";"RÃ¸dvin";"Glass";"13.5";"9.381728"
"Vinmonopolet";"931301";"Pod. Ruggeri Corsini Armujan Barbera d'Alba Superiore 2016";"Pod. Ruggeri Corsini Armujan Barbera d'Alba Superiore";"2016";"268.9";"0.75";"358.53";"RÃ¸dvin";"Glass";"15";"2.390222"
"Vinmonopolet";"931401";"Pod. Ruggeri Corsini Barbera d'Alba 2017";"Pod. Ruggeri Corsini Barbera d'Alba";"2017";"198.7";"0.75";"264.93";"RÃ¸dvin";"Glass";"14.5";"1.8271264"
"Vinmonopolet";"931601";"Castelforte Amarone della Valpolicella 2015";"Castelforte Amarone della Valpolicella";"2015";"239.9";"0.75";"319.87";"RÃ¸dvin";"Glass";"15";"2.1324444"
"Vinmonopolet";"931605";"Castelforte Amarone della Valpolicella 2013";"Castelforte Amarone della Valpolicella";"2013";"474.9";"1.5";"316.6";"RÃ¸dvin";"Glass";"15";"2.1106668"
"Vinmonopolet";"931701";"Charles Mignon Premium Reserve Brut";"Charles Mignon Premium Reserve Brut";"0";"279.9";"0.75";"373.2";"Champagne, brut";"Glass";"12";"3.11"
"Vinmonopolet";"931705";"Charles Mignon Premium Reserve Brut";"Charles Mignon Premium Reserve Brut";"0";"599.9";"1.5";"399.93";"Champagne, brut";"Glass";"12";"3.332778"
"Vinmonopolet";"932701";"Erbaluna Langhe Nebbiolo 2018";"Erbaluna Langhe Nebbiolo";"2018";"259.9";"0.75";"346.53";"RÃ¸dvin";"Glass";"14.5";"2.389885"
"Vinmonopolet";"932801";"Foradori Morei Teroldego 2017";"Foradori Morei Teroldego";"2017";"389.9";"0.75";"519.87";"RÃ¸dvin";"Glass";"12.5";"4.158933"
"Vinmonopolet";"932901";"Arpepe Sassella Stella Retica Riserva 2015";"Arpepe Sassella Stella Retica Riserva";"2015";"399.9";"0.75";"533.2";"RÃ¸dvin";"Glass";"13";"4.101538"
"Vinmonopolet";"933101";"Erbaluna La Bettola Barbera dÂ´Alba 2018";"Erbaluna La Bettola Barbera dÂ´Alba";"2018";"239.9";"0.75";"319.87";"RÃ¸dvin";"Glass";"15";"2.1324444"
"Vinmonopolet";"933701";"Erbaluna Barolo Vigna Rocche 2014";"Erbaluna Barolo Vigna Rocche";"2014";"449.8";"0.75";"599.73";"RÃ¸dvin";"Glass";"14";"4.283809"
"Vinmonopolet";"933801";"Foradori Sgarzon Teroldego 2016";"Foradori Sgarzon Teroldego";"2016";"389.9";"0.75";"519.87";"RÃ¸dvin";"Glass";"12.5";"4.158933"
"Vinmonopolet";"934501";"Allram Rieslingsekt Brut";"Allram Rieslingsekt Brut";"0";"269.9";"0.75";"359.87";"Sparkling wine";"Glass";"13";"2.7682052"
"Vinmonopolet";"934901";"Yalumba The Signature 2013";"Yalumba The Signature";"2013";"499";"0.75";"665.33";"RÃ¸dvin";"Glass";"14";"4.752381"
"Vinmonopolet";"935101";"Yalumba The Menzies 2014";"Yalumba The Menzies";"2014";"469";"0.75";"625.33";"RÃ¸dvin";"Glass";"14";"4.4666667"
"Vinmonopolet";"937002";"Saltenakevitten";"Saltenakevitten";"0";"385";"0.5";"770";"Aquavit";"Glass";"40";"1.925"
"Vinmonopolet";"938401";"Le Vigne Di Eli Moganazzi Volta Sciara Etna Rosso 2013";"Le Vigne Di Eli Moganazzi Volta Sciara Etna Rosso";"2013";"377.6";"0.75";"503.47";"RÃ¸dvin";"Glass";"14";"3.5961905"
"Vinmonopolet";"938701";"Brezza Barbera d'Alba Superiore 2013";"Brezza Barbera d'Alba Superiore";"2013";"199.7";"0.75";"266.27";"RÃ¸dvin";"Glass";"14";"1.9019047"
"Vinmonopolet";"938801";"Le Vigne Di Eli Etna Rosso San Lorenzo 2014";"Le Vigne Di Eli Etna Rosso San Lorenzo";"2014";"362.9";"0.75";"483.87";"RÃ¸dvin";"Glass";"14.5";"3.3370113"
"Vinmonopolet";"938901";"Le Vigne Di Eli Etna Bianco 2017";"Le Vigne Di Eli Etna Bianco";"2017";"272.8";"0.75";"363.73";"White wine";"Glass";"12.5";"2.9098666"
"Vinmonopolet";"939102";"Ilegal Mezcal Reposado";"Ilegal Mezcal Reposado";"0";"549.1";"0.5";"1098.2";"Fruit spirit";"Glass";"40";"2.7454998"
"Vinmonopolet";"940201";"Yohan Lardy Moulin-Ã -Vent Les Michelons 2018";"Yohan Lardy Moulin-Ã -Vent Les Michelons";"2018";"249.9";"0.75";"333.2";"RÃ¸dvin";"Glass";"13";"2.563077"
"Vinmonopolet";"940402";"Frederiksdal KirsebÃ¦rvin Nielstrupmark 2011";"Frederiksdal KirsebÃ¦rvin Nielstrupmark";"2011";"326.5";"0.5";"653";"Fruit wine";"Glass";"14";"4.6642857"
"Vinmonopolet";"940502";"Frederiksdal KirsebÃ¦rvin Sur Lie 2011";"Frederiksdal KirsebÃ¦rvin Sur Lie";"2011";"273";"0.5";"546";"Fruit wine";"Glass";"15";"3.64"
"Vinmonopolet";"940602";"Frederiksdal KirsebÃ¦rvin 2011";"Frederiksdal KirsebÃ¦rvin";"2011";"207.8";"0.5";"415.6";"Fruit wine";"Glass";"15";"2.7706666"
"Vinmonopolet";"940702";"Frederiksdal KirsebÃ¦rvin Rancio 2011";"Frederiksdal KirsebÃ¦rvin Rancio";"2011";"348.4";"0.5";"696.8";"Fruit wine";"Glass";"14";"4.977143"
"Vinmonopolet";"940805";"Deux Roches Pouilly-FuissÃ© Vieilles Vignes 2017";"Deux Roches Pouilly-FuissÃ© Vieilles Vignes";"2017";"595";"1.5";"396.67";"White wine";"Glass";"13";"3.0512822"
"Vinmonopolet";"941501";"Andean Cabernet Sauvignon 2017";"Andean Cabernet Sauvignon";"2017";"155";"0.75";"206.67";"RÃ¸dvin";"Glass";"12.5";"1.6533333"
"Vinmonopolet";"942302";"Dom. Tariquet Classic 2019";"Dom. Tariquet Classic";"2019";"69.9";"0.38";"186.4";"White wine";"Glass";"10.5";"1.7518798"
"Vinmonopolet";"943001";"Lykkebobler Brut Nature 2017";"Lykkebobler Brut Nature";"2017";"145.9";"0.75";"194.53";"Sparkling wine";"Glass";"11.5";"1.6915941"
"Vinmonopolet";"943002";"Lykkebobler Brut Nature";"Lykkebobler Brut Nature";"2018";"87.5";"0.38";"233.33";"Sparkling wine";"Glass";"11.5";"2.0022883"
"Vinmonopolet";"944001";"Landgraf Saulheimer HÃ¶lle SpÃ¤tburgunder 2015";"Landgraf Saulheimer HÃ¶lle SpÃ¤tburgunder";"2015";"279.8";"0.75";"373.07";"RÃ¸dvin";"Glass";"13";"2.8697433"
"Vinmonopolet";"945501";"Cattier CuvÃ©e Renaissance Premier Cru Brut 2009";"Cattier CuvÃ©e Renaissance Premier Cru Brut";"2009";"569";"0.75";"758.67";"Champagne, brut";"Glass";"12.5";"6.0693336"
"Vinmonopolet";"945601";"Cattier IcÃ´ne Brut";"Cattier IcÃ´ne Brut";"0";"319";"0.75";"425.33";"Champagne, brut";"Glass";"12.5";"3.4026666"
"Vinmonopolet";"945801";"Yealands Land Made Sauvignon Blanc 2019";"Yealands Land Made Sauvignon Blanc";"2019";"155.9";"0.75";"207.87";"White wine";"Glass";"12.5";"1.6629332"
"Vinmonopolet";"945901";"Yealands Land Made Riesling 2016";"Yealands Land Made Riesling";"2016";"159.9";"0.75";"213.2";"White wine";"Glass";"11.5";"1.853913"
"Vinmonopolet";"946001";"Yealands Estate Single Block S1 Sauvignon Blanc 2018";"Yealands Estate Single Block S1 Sauvignon Blanc";"2018";"259.9";"0.75";"346.53";"White wine";"Glass";"12.5";"2.7722666"
"Vinmonopolet";"946101";"Amalaya Blanco 2018";"Amalaya Blanco";"2018";"159.9";"0.75";"213.2";"White wine";"Glass";"12.5";"1.7055999"
"Vinmonopolet";"947001";"VÃ¨scine Capotondo Chianti Classico 2015";"VÃ¨scine Capotondo Chianti Classico";"2015";"188";"0.75";"250.67";"RÃ¸dvin";"Glass";"13.5";"1.8567901"
"Vinmonopolet";"947201";"Colin Alliance Brut";"Colin Alliance Brut";"0";"434.9";"0.75";"579.87";"Champagne, brut";"Glass";"12";"4.832222"
"Vinmonopolet";"947401";"Thunevin Bad Girl 2010";"Thunevin Bad Girl";"2010";"289";"0.75";"385.33";"Sparkling wine";"Glass";"12";"3.211111"
"Vinmonopolet";"947901";"Ochota Barrels The Green Room Grenache Syrah 2019";"Ochota Barrels The Green Room Grenache Syrah";"2019";"339.9";"0.75";"453.2";"RÃ¸dvin";"Glass";"12.8";"3.5406249"
"Vinmonopolet";"948001";"Texier Cairanne 2017";"Texier Cairanne";"2017";"209.9";"0.75";"279.87";"RÃ¸dvin";"Glass";"14.5";"1.9301149"
"Vinmonopolet";"949002";"De Luze V.S.O.P. Fine Champagne";"De Luze V.S.O.P. Fine Champagne";"0";"274.9";"0.35";"785.43";"Grape spirit";"Glass";"40";"1.9635714"
"Vinmonopolet";"949302";"Jameson";"Jameson";"0";"309.9";"0.5";"619.8";"Whisky";"Glass";"40";"1.5495"
"Vinmonopolet";"950601";"RealZin Zinfandel 2018";"RealZin Zinfandel";"2018";"119.9";"0.75";"159.87";"RÃ¸dvin";"Glass";"13";"1.2297436"
"Vinmonopolet";"951501";"Erse Etna Rosso 2017";"Erse Etna Rosso";"2017";"258.6";"0.75";"344.8";"RÃ¸dvin";"Glass";"13.5";"2.554074"
"Vinmonopolet";"951701";"Tommasi Amarone Classico CaÂ´Florian Riserva 2011";"Tommasi Amarone Classico CaÂ´Florian Riserva";"2011";"750";"0.75";"1000";"RÃ¸dvin";"Glass";"15.5";"6.451613"
"Vinmonopolet";"951801";"Cormoran Reserva 2014";"Cormoran Reserva";"2014";"199.9";"0.75";"266.53";"RÃ¸dvin";"Glass";"13.5";"1.9743209"
"Vinmonopolet";"952901";"Dom. Gallety RÃ©colte 2016";"Dom. Gallety RÃ©colte";"2016";"249.9";"0.75";"333.2";"RÃ¸dvin";"Glass";"14";"2.3799999"
"Vinmonopolet";"953101";"Fibbiano Casalini Chianti Superiore 2014";"Fibbiano Casalini Chianti Superiore";"2014";"199.3";"0.75";"265.73";"RÃ¸dvin";"Glass";"14";"1.8980953"
"Vinmonopolet";"953202";"O.P. Anderson";"O.P. Anderson";"0";"202.9";"0.35";"579.71";"Aquavit";"Glass";"40";"1.4492857"
"Vinmonopolet";"955002";"Soerlie V.S.O.P.";"Soerlie V.S.O.P.";"0";"279";"0.35";"797.14";"Grape spirit";"Glass";"40";"1.9928572"
"Vinmonopolet";"955202";"Tommasi Graticcio Appassionato 2018";"Tommasi Graticcio Appassionato";"2018";"89.9";"0.38";"239.73";"RÃ¸dvin";"Glass";"12.5";"1.8926316"
"Vinmonopolet";"955402";"Giacosa Fratelli Barbera d'Alba Bussie 2018";"Giacosa Fratelli Barbera d'Alba Bussie";"2018";"99.9";"0.38";"266.4";"RÃ¸dvin";"Glass";"14";"1.8778197"
"Vinmonopolet";"956202";"Baladin Isaac";"Baladin Isaac";"0";"51.9";"0.33";"157.27";"HveteÃ¸l";"Glass";"5";"3.1454544"
"Vinmonopolet";"956302";"Baladin Nazionale 3.3";"Baladin Nazionale 3.3";"0";"53.9";"0.33";"163.33";"Pale ale";"Glass";"6.5";"2.5128205"
"Vinmonopolet";"960101";"KGB Vodka";"KGB Vodka";"0";"296.9";"0.7";"424.14";"Vodka";"Glass";"37.5";"1.1310476"
"Vinmonopolet";"962901";"Ch. Vieux Bonneau 2015";"Ch. Vieux Bonneau";"2015";"259.9";"0.75";"346.53";"RÃ¸dvin";"Glass";"14.5";"2.389885"
"Vinmonopolet";"963001";"Ch. du Glana 2017";"Ch. du Glana";"2017";"449.9";"0.75";"599.87";"RÃ¸dvin";"Glass";"13.5";"4.4434566"
"Vinmonopolet";"963101";"Tessari Grisela Soave Classico 2018";"Tessari Grisela Soave Classico";"2018";"149.6";"0.75";"199.47";"White wine";"Glass";"12";"1.6622223"
"Vinmonopolet";"968501";"Spice Route Sauvignon Blanc 2013";"Spice Route Sauvignon Blanc";"2013";"209.9";"0.75";"279.87";"White wine";"Glass";"13.5";"2.0730863"
"Vinmonopolet";"969001";"Ch. de Puligny-Montrachet Chassagne-Montrachet 2016";"Ch. de Puligny-Montrachet Chassagne-Montrachet";"2016";"669.9";"0.75";"893.2";"White wine";"Glass";"13";"6.8707695"
"Vinmonopolet";"972201";"Secco-Bertani Vintage Edition 2015";"Secco-Bertani Vintage Edition";"2015";"229.9";"0.75";"306.53";"RÃ¸dvin";"Glass";"13.5";"2.2706172"
"Vinmonopolet";"974605";"Finca Villacreces Pruno 2017";"Finca Villacreces Pruno";"2017";"459.9";"1.5";"306.6";"RÃ¸dvin";"Glass";"14";"2.19"
"Vinmonopolet";"976001";"Brezza Barolo Sarmassa 2009";"Brezza Barolo Sarmassa";"2009";"402.1";"0.75";"536.13";"RÃ¸dvin";"Glass";"14.5";"3.6974714"
"Vinmonopolet";"976801";"Joseph Drouhin Chassagne-Montrachet 2017";"Joseph Drouhin Chassagne-Montrachet";"2017";"569";"0.75";"758.67";"White wine";"Glass";"13";"5.8358974"
"Vinmonopolet";"977201";"Elgin Vintners Pinot Noir 2017";"Elgin Vintners Pinot Noir";"2017";"239.9";"0.75";"319.87";"RÃ¸dvin";"Glass";"13";"2.4605129"
"Vinmonopolet";"980302";"Schouskjelleren Mikrobryggeri JuleÃ¸l";"Schouskjelleren Mikrobryggeri JuleÃ¸l";"0";"73";"0.5";"146";"Brown ale";"Glass";"7";"2.0857143"
"Vinmonopolet";"980903";"Dworek Vodka";"Dworek Vodka";"0";"61.9";"0.1";"619";"Vodka";"Plast";"37.5";"1.6506667"
"Vinmonopolet";"981301";"Fritz Haag Brauneberger Riesling Kabinett Trocken 2016";"Fritz Haag Brauneberger Riesling Kabinett Trocken";"2016";"245";"0.75";"326.67";"White wine";"Glass";"12";"2.7222223"
"Vinmonopolet";"983701";"Hardy XO Rare";"Hardy XO Rare";"0";"893.7";"0.7";"1276.71";"Grape spirit";"Glass";"40";"3.1917858"
"Vinmonopolet";"984201";"Le Ragnaie Rosso di Montalcino 2016";"Le Ragnaie Rosso di Montalcino";"2016";"329.9";"0.75";"439.87";"RÃ¸dvin";"Glass";"14";"3.1419046"
"Vinmonopolet";"984601";"Ochota Barrels A Forest Pinot Noir 2018";"Ochota Barrels A Forest Pinot Noir";"2018";"379.9";"0.75";"506.53";"RÃ¸dvin";"Glass";"12.8";"3.9572916"
"Vinmonopolet";"984901";"Negro Angelin Langhe Nebbiolo 2018";"Negro Angelin Langhe Nebbiolo";"2018";"229.9";"0.75";"306.53";"RÃ¸dvin";"Glass";"14";"2.1895237"
"Vinmonopolet";"985101";"Viberti Giovanni Langhe Nebbiolo 2017";"Viberti Giovanni Langhe Nebbiolo";"2017";"279.9";"0.75";"373.2";"RÃ¸dvin";"Glass";"14";"2.6657143"
"Vinmonopolet";"987201";"Quinta de la Rosa Vintage Port 2012";"Quinta de la Rosa Vintage Port";"2012";"539";"0.75";"718.67";"Port wine";"Glass";"20";"3.5933332"
"Vinmonopolet";"988001";"Yealands Land Made Pinot Noir 2018";"Yealands Land Made Pinot Noir";"2018";"176";"0.75";"234.67";"RÃ¸dvin";"Glass";"13.5";"1.7382716"
"Vinmonopolet";"989301";"Monte dallÂ´Ora Sausto Ripasso 2016";"Monte dallÂ´Ora Sausto Ripasso";"2016";"309.8";"0.75";"413.07";"RÃ¸dvin";"Glass";"14";"2.9504762"
"Vinmonopolet";"989401";"Monte dallÂ´Ora Stropa Amarone 2008";"Monte dallÂ´Ora Stropa Amarone";"2008";"760.5";"0.75";"1014";"RÃ¸dvin";"Glass";"16";"6.3375"
"Vinmonopolet";"989602";"To Ãl Dangerously Close To Stupid";"To Ãl Dangerously Close To Stupid";"0";"84.9";"0.33";"257.27";"India pale ale";"Glass";"9.3";"2.7663734"
"Vinmonopolet";"989701";"To Ãl Shameless Santa";"To Ãl Shameless Santa";"0";"177.4";"0.75";"236.53";"Red/amber";"Glass";"10.5";"2.2526984"
"Vinmonopolet";"990002";"To Ãl Jule MÃ¦lk";"To Ãl Jule MÃ¦lk";"0";"131.4";"0.38";"350.4";"Porter and stout";"Glass";"15";"2.305263"
"Vinmonopolet";"993601";"Chimay Trappist Cinq Cents";"Chimay Trappist Cinq Cents";"0";"124.9";"0.75";"166.53";"Trappist";"Glass";"8";"2.0816667"
"Vinmonopolet";"993701";"Chimay Trappist Blue Grande RÃ©serve";"Chimay Trappist Blue Grande RÃ©serve";"2019";"139.9";"0.75";"186.53";"Trappist";"Glass";"9";"2.0725925"
"Vinmonopolet";"993707";"Chimay Trappist Blue Grande RÃ©serve 2018";"Chimay Trappist Blue Grande RÃ©serve";"2018";"799";"3";"266.33";"Trappist";"Glass";"9";"2.9592593"
"Vinmonopolet";"993801";"Chimay Trappist Red PremiÃ¨re";"Chimay Trappist Red PremiÃ¨re";"0";"119.9";"0.75";"159.87";"Trappist";"Glass";"7";"2.2838097"
"Vinmonopolet";"994102";"Chimay Trappist Gold";"Chimay Trappist Gold";"0";"45.9";"0.33";"139.09";"Trappist";"Glass";"4.8";"2.8977273"
"Vinmonopolet";"994202";"Sierra Nevada Stout";"Sierra Nevada Stout";"0";"52.9";"0.35";"151.14";"Porter and stout";"Glass";"5.8";"2.6059113"
"Vinmonopolet";"994302";"Sierra Nevada Kellerweis";"Sierra Nevada Kellerweis";"0";"49.9";"0.35";"142.57";"HveteÃ¸l";"Glass";"4.8";"2.9702382"
"Vinmonopolet";"994401";"Hitachino Nest Nipponia";"Hitachino Nest Nipponia";"0";"115.9";"0.55";"210.73";"Light ale";"Glass";"8";"2.634091"
"Vinmonopolet";"994501";"Parusso Langhe Nebbiolo 2012";"Parusso Langhe Nebbiolo";"2012";"208.9";"0.75";"278.53";"RÃ¸dvin";"Glass";"14";"1.9895238"
"Vinmonopolet";"995201";"Marques de Somera Tempranillo 2018";"Marques de Somera Tempranillo";"2018";"119.9";"0.75";"159.87";"RÃ¸dvin";"Glass";"13";"1.2297436"
"Vinmonopolet";"998504";"Bitter Truth Grapefruit Bitters";"Bitter Truth Grapefruit Bitters";"0";"234.9";"0.2";"1174.5";"Bitter	";"Glass";"44";"2.669318"
"Vinmonopolet";"998904";"Bitter Truth Peach Bitters";"Bitter Truth Peach Bitters";"0";"234.9";"0.2";"1174.5";"Bitter	";"Glass";"39";"3.0115383"
"Vinmonopolet";"999004";"Bitter Truth Old Time Aromatic Bitters";"Bitter Truth Old Time Aromatic Bitters";"0";"234.9";"0.2";"1174.5";"Bitter	";"Glass";"39";"3.0115383"
"Vinmonopolet";"999202";"Bitter Truth Elderflower Liqueur";"Bitter Truth Elderflower Liqueur";"0";"364.9";"0.5";"729.8";"LikÃ¸r";"Glass";"22";"3.3172727"
"Vinmonopolet";"999901";"Cu Bocan Highland Single Malt Scotch Whisky";"Cu Bocan Highland Single Malt Scotch Whisky";"0";"745";"0.7";"1064.29";"Whisky";"Glass";"46";"2.3136647"
"Vinmonopolet";"1001001";"Inama Soave Vigneti di Foscarino 2016";"Inama Soave Vigneti di Foscarino";"2016";"289.9";"0.75";"386.53";"White wine";"Glass";"12.5";"3.0922666"
"Vinmonopolet";"1001601";"Dom. de TrÃ©vallon 2011";"Dom. de TrÃ©vallon";"2011";"399.9";"0.75";"533.2";"RÃ¸dvin";"Glass";"12.5";"4.2655997"
"Vinmonopolet";"1001605";"Dom. de Trevallon 2010";"Dom. de Trevallon";"2010";"1199.9";"1.5";"799.93";"RÃ¸dvin";"Glass";"13";"6.1533337"
"Vinmonopolet";"1001801";"Ch. La Pointe 2013";"Ch. La Pointe";"2013";"589.9";"0.75";"786.53";"RÃ¸dvin";"Glass";"13";"6.0502567"
"Vinmonopolet";"1002101";"Brancaia TRE 2015";"Brancaia TRE";"2015";"249";"0.75";"332";"RÃ¸dvin";"Glass";"13.5";"2.4592593"
"Vinmonopolet";"1002701";"Matassa Blanc 2018";"Matassa Blanc";"2018";"399.9";"0.75";"533.2";"White wine";"Glass";"11";"4.847273"
"Vinmonopolet";"1002705";"Matassa Blanc 2018";"Matassa Blanc";"2018";"829.9";"1.5";"553.27";"White wine";"Glass";"11";"5.029697"
"Vinmonopolet";"1003001";"Barbero Bianco";"Barbero Bianco";"0";"185";"1";"185";"Vermouth";"Glass";"14.7";"1.2585034"
"Vinmonopolet";"1003201";"Weing. Winter Geyersberg Riesling Grosses GewÃ¤chs 2016";"Weing. Winter Geyersberg Riesling Grosses GewÃ¤chs";"2016";"329.9";"0.75";"439.87";"White wine";"Glass";"12.5";"3.5189333"
"Vinmonopolet";"1005301";"Ch. Musar 2013";"Ch. Musar";"2013";"399.9";"0.75";"533.2";"RÃ¸dvin";"Glass";"14";"3.8085713"
"Vinmonopolet";"1005305";"Ch. Musar 2012";"Ch. Musar";"2012";"819.9";"1.5";"546.6";"RÃ¸dvin";"Glass";"14.5";"3.7696552"
"Vinmonopolet";"1006406";"Amigo Appasanto";"Amigo Appasanto";"0";"364.9";"3";"121.63";"RÃ¸dvin";"Bag-in-box";"11";"1.1057576"
"Vinmonopolet";"1007502";"Balder";"Balder";"0";"299.9";"0.5";"599.8";"Bitter	";"Plast";"35";"1.7137142"
"Vinmonopolet";"1009201";"Sprintoso Moscato Spumante 2016";"Sprintoso Moscato Spumante";"2016";"95.9";"0.75";"127.87";"Sparkling wine";"Glass";"6";"2.1311111"
"Vinmonopolet";"1010001";"Santa Carolina CarmenÃ¨re RosÃ© 2019";"Santa Carolina CarmenÃ¨re RosÃ©";"2019";"116.9";"0.75";"155.87";"RosÃ©vin";"Glass";"12.5";"1.2469333"
"Vinmonopolet";"1010201";"Dom. La Suffrene 2019";"Dom. La Suffrene";"2019";"189.9";"0.75";"253.2";"RosÃ©vin";"Glass";"13";"1.9476923"
"Vinmonopolet";"1010205";"Dom. La Suffrene 2018";"Dom. La Suffrene";"2018";"419.9";"1.5";"279.93";"RosÃ©vin";"Glass";"13";"2.1533332"
"Vinmonopolet";"1012301";"Coursodon Saint-Joseph Silice 2018";"Coursodon Saint-Joseph Silice";"2018";"339.9";"0.75";"453.2";"RÃ¸dvin";"Glass";"15";"3.0213332"
"Vinmonopolet";"1013801";"Dom. Dupasquier Bourgogne Pinot Noir 2018";"Dom. Dupasquier Bourgogne Pinot Noir";"2018";"194.9";"0.75";"259.87";"RÃ¸dvin";"Glass";"12.5";"2.0789332"
"Vinmonopolet";"1015701";"Chanson Bourgogne Pinot Noir Reserve du Bastion 2017";"Chanson Bourgogne Pinot Noir Reserve du Bastion";"2017";"199.9";"0.75";"266.53";"RÃ¸dvin";"Glass";"12.5";"2.1322665"
"Vinmonopolet";"1017501";"Dr. BÃ¼rklin-Wolf GaisbÃ¶hl G. C. Riesling Trocken 2015";"Dr. BÃ¼rklin-Wolf GaisbÃ¶hl G. C. Riesling Trocken";"2015";"442";"0.75";"589.33";"White wine";"Glass";"13";"4.5333333"
"Vinmonopolet";"1017801";"Fourny Vertus Blanc de Blancs Brut Nature";"Fourny Vertus Blanc de Blancs Brut Nature";"0";"376";"0.75";"501.33";"Champagne extra brut";"Glass";"12";"4.177778"
"Vinmonopolet";"1018501";"Bernard CÃ´tes du RhÃ´ne 2017";"Bernard CÃ´tes du RhÃ´ne";"2017";"133.8";"0.75";"178.4";"RÃ¸dvin";"Glass";"13.5";"1.3214815"
"Vinmonopolet";"1019401";"L'Armangia Barbera d'Asti 2019";"L'Armangia Barbera d'Asti";"2019";"134.5";"0.75";"179.33";"RÃ¸dvin";"Glass";"13.5";"1.328395"
"Vinmonopolet";"1020101";"Cantalupo Agamium Colline Novaresi 2016";"Cantalupo Agamium Colline Novaresi";"2016";"226.9";"0.75";"302.53";"RÃ¸dvin";"Glass";"13";"2.3271794"
"Vinmonopolet";"1020601";"Vigneti Massa Derthona Timorasso 2017";"Vigneti Massa Derthona Timorasso";"2017";"349.1";"0.75";"465.47";"White wine";"Glass";"13.5";"3.4479012"
"Vinmonopolet";"1021302";"Achel Trappist Blond";"Achel Trappist Blond";"0";"73.9";"0.33";"223.94";"Trappist";"Glass";"8";"2.7992423"
"Vinmonopolet";"1021501";"Torre Beratxa Rosado 2018";"Torre Beratxa Rosado";"2018";"114.9";"0.75";"153.2";"RosÃ©vin";"Glass";"12.5";"1.2256"
"Vinmonopolet";"1021801";"Langmann Schilcher Tradition 2018";"Langmann Schilcher Tradition";"2018";"169.9";"0.75";"226.53";"RosÃ©vin";"Glass";"11.5";"1.969855"
"Vinmonopolet";"1022801";"Comte Louis de Lauriston V.S.O.P.";"Comte Louis de Lauriston V.S.O.P.";"0";"549.9";"0.7";"785.57";"Fruit spirit";"Glass";"40";"1.9639287"
"Vinmonopolet";"1023201";"The Arran 10 Years Old";"The Arran 10 Years Old";"0";"589.9";"0.7";"842.71";"Whisky";"Glass";"46";"1.8319877"
"Vinmonopolet";"1023401";"Highland Park 30 Years Old";"Highland Park 30 Years Old";"0";"7599.9";"0.7";"10857";"Whisky";"Glass";"48.1";"22.571726"
"Vinmonopolet";"1026201";"Il Poggione Rosso di Montalcino 2018";"Il Poggione Rosso di Montalcino";"2018";"206.9";"0.75";"275.87";"RÃ¸dvin";"Glass";"14";"1.9704762"
"Vinmonopolet";"1026205";"Il Poggione Rosso di Montalcino 2016";"Il Poggione Rosso di Montalcino";"2016";"449.9";"1.5";"299.93";"RÃ¸dvin";"Glass";"14";"2.142381"
"Vinmonopolet";"1026401";"Riserva del Don Colognole Chianti Rufina 2009";"Riserva del Don Colognole Chianti Rufina";"2009";"298";"0.75";"397.33";"RÃ¸dvin";"Glass";"14";"2.8380952"
"Vinmonopolet";"1030101";"Jean-Louis Chavy Puligny-Montrachet 1er Cru FolatiÃ¨res 2017";"Jean-Louis Chavy Puligny-Montrachet 1er Cru FolatiÃ¨res";"2017";"696";"0.75";"928";"White wine";"Glass";"13";"7.1384616"
"Vinmonopolet";"1030301";"Bichot Meursault Premier Cru Les Charmes 2016";"Bichot Meursault Premier Cru Les Charmes";"2016";"799.9";"0.75";"1066.53";"White wine";"Glass";"13.5";"7.900247"
"Vinmonopolet";"1030401";"Santa Julia Malbec 2018";"Santa Julia Malbec";"2018";"137.9";"0.75";"183.87";"RÃ¸dvin";"Glass";"13";"1.4143589"
"Vinmonopolet";"1030801";"Nino Negri Rosso di Valtellina 2016";"Nino Negri Rosso di Valtellina";"2016";"189.5";"0.75";"252.67";"RÃ¸dvin";"Glass";"12";"2.1055555"
"Vinmonopolet";"1032301";"Montresor Soave Classico 2019";"Montresor Soave Classico";"2019";"134.9";"0.75";"179.87";"White wine";"Glass";"12.5";"1.4389333"
"Vinmonopolet";"1032901";"Portal do Fidalgo Alvarinho 2018";"Portal do Fidalgo Alvarinho";"2018";"176.6";"0.75";"235.47";"White wine";"Glass";"13";"1.8112822"
"Vinmonopolet";"1033301";"San Felice Campogiovanni Il Quercione Brunello di Montalcino Riserva 2011";"San Felice Campogiovanni Il Quercione Brunello di Montalcino Riserva";"2011";"798.4";"0.75";"1064.53";"RÃ¸dvin";"Glass";"15.5";"6.867957"
"Vinmonopolet";"1033801";"Ch. D'Aydie OdÃ© 2015";"Ch. D'Aydie OdÃ©";"2015";"199.9";"0.75";"266.53";"RÃ¸dvin";"Glass";"14";"1.9038094"
"Vinmonopolet";"1034002";"Alegria Manzanilla";"Alegria Manzanilla";"0";"119.9";"0.38";"319.73";"Sherry";"Glass";"15";"2.1035087"
"Vinmonopolet";"1034804";"Cragganmore Single Malt 12 Years Old";"Cragganmore Single Malt 12 Years Old";"0";"189.9";"0.2";"949.5";"Whisky";"Glass";"40";"2.37375"
"Vinmonopolet";"1034904";"Caol Ila 12 Years Old";"Caol Ila 12 Years Old";"0";"201.9";"0.2";"1009.5";"Whisky";"Glass";"43";"2.3476744"
"Vinmonopolet";"1035101";"Trapiche Malbec 2016";"Trapiche Malbec";"2016";"119.9";"0.75";"159.87";"RÃ¸dvin";"Glass";"12.5";"1.2789334"
"Vinmonopolet";"1036101";"Poggio Nardone Brunello di Montalcino 2013";"Poggio Nardone Brunello di Montalcino";"2013";"329.9";"0.75";"439.87";"RÃ¸dvin";"Glass";"14";"3.1419046"
"Vinmonopolet";"1039001";"Dworek Vodka";"Dworek Vodka";"0";"408.9";"1";"408.9";"Vodka";"Glass";"37.5";"1.0904"
"Vinmonopolet";"1039101";"JÃ¤germeister";"JÃ¤germeister";"0";"589.9";"1";"589.9";"Bitter	";"Glass";"35";"1.6854286"
"Vinmonopolet";"1039201";"Bache-Gabrielsen V.S.O.P.";"Bache-Gabrielsen V.S.O.P.";"0";"619.9";"1";"619.9";"Grape spirit";"Glass";"40";"1.5497501"
"Vinmonopolet";"1039401";"Peter Dawson Special";"Peter Dawson Special";"0";"484.9";"1";"484.9";"Whisky";"Glass";"40";"1.21225"
"Vinmonopolet";"1039601";"Gammel Opland";"Gammel Opland";"0";"639.9";"1";"639.9";"Aquavit";"Glass";"41.5";"1.5419278"
"Vinmonopolet";"1039701";"LÃ¸iten Linie";"LÃ¸iten Linie";"0";"594.9";"1";"594.9";"Aquavit";"Glass";"41.5";"1.4334941"
"Vinmonopolet";"1039702";"LÃ¸iten Linie";"LÃ¸iten Linie";"0";"322.9";"0.5";"645.8";"Aquavit";"Plast";"41.5";"1.5561446"
"Vinmonopolet";"1039802";"Nansen V.S.";"Nansen V.S.";"0";"353.5";"0.5";"707";"Grape spirit";"Glass";"40";"1.7675"
"Vinmonopolet";"1040601";"Wagner-Stempel Riesling Gutswein Trocken 2017";"Wagner-Stempel Riesling Gutswein Trocken";"2017";"204.9";"0.75";"273.2";"White wine";"Glass";"12";"2.2766666"
"Vinmonopolet";"1040901";"ViÃ±a Costeira Ribeiro 2018";"ViÃ±a Costeira Ribeiro";"2018";"139.9";"0.75";"186.53";"White wine";"Glass";"12";"1.5544444"
"Vinmonopolet";"1041701";"Cloudline Pinot Noir 2017";"Cloudline Pinot Noir";"2017";"289";"0.75";"385.33";"RÃ¸dvin";"Glass";"13.5";"2.854321"
"Vinmonopolet";"1042302";"Chimay Trappist Red";"Chimay Trappist Red";"0";"53.9";"0.33";"163.33";"Trappist";"Glass";"7";"2.3333333"
"Vinmonopolet";"1043602";"Fernando de Castilla Antique Fino";"Fernando de Castilla Antique Fino";"0";"349.9";"0.5";"699.8";"Sherry";"Glass";"17";"4.1164703"
"Vinmonopolet";"1044201";"La Chablisienne Chablis 1er Cru MontÃ©e de Tonnerre 2016";"La Chablisienne Chablis 1er Cru MontÃ©e de Tonnerre";"2016";"339.9";"0.75";"453.2";"White wine";"Glass";"13";"3.4861538"
"Vinmonopolet";"1044306";"PiuAllegro Sangiovese Primitivo 2016";"PiuAllegro Sangiovese Primitivo";"2016";"499.9";"3";"166.63";"RÃ¸dvin";"Bag-in-box";"14";"1.1902381"
"Vinmonopolet";"1044801";"Cascina Cucco Barolo 2014";"Cascina Cucco Barolo";"2014";"339.9";"0.75";"453.2";"RÃ¸dvin";"Glass";"14";"3.2371428"
"Vinmonopolet";"1046502";"Haandbryggeriet Odin's Tipple";"Haandbryggeriet Odin's Tipple";"0";"100.1";"0.5";"200.2";"Porter and stout";"Glass";"11";"1.8199999"
"Vinmonopolet";"1047201";"Sumarroca RosÃ© Brut";"Sumarroca RosÃ© Brut";"2016";"195";"0.75";"260";"Musserende vin, rosÃ©";"Glass";"12";"2.1666667"
"Vinmonopolet";"1047402";"Oud Beersel Oude Geuze";"Oud Beersel Oude Geuze";"0";"86.9";"0.38";"231.73";"SurÃ¸l";"Glass";"6";"3.8114035"
"Vinmonopolet";"1047701";"Gammel Dansk Bitter Dram";"Gammel Dansk Bitter Dram";"0";"566.9";"1";"566.9";"Bitter	";"Glass";"38";"1.4918422"
"Vinmonopolet";"1047702";"Gammel Dansk Bitter Dram";"Gammel Dansk Bitter Dram";"0";"306.9";"0.5";"613.8";"Bitter	";"Plast";"38";"1.6152631"
"Vinmonopolet";"1047801";"Bacardi Razz";"Bacardi Razz";"0";"429.9";"1";"429.9";"Other spirit";"Glass";"32";"1.3434374"
"Vinmonopolet";"1048901";"Trapiche Sauvignon Blanc 2019";"Trapiche Sauvignon Blanc";"2019";"119.9";"0.75";"159.87";"White wine";"Glass";"12.5";"1.2789334"
"Vinmonopolet";"1049001";"Cono Sur Sauvignon Blanc Reserva Especial 2019";"Cono Sur Sauvignon Blanc Reserva Especial";"2019";"144.9";"0.75";"193.2";"White wine";"Glass";"12";"1.6099999"
"Vinmonopolet";"1049101";"Clotilde Davenne CrÃ©mant de Bourgogne Extra Brut";"Clotilde Davenne CrÃ©mant de Bourgogne Extra Brut";"0";"189.9";"0.75";"253.2";"Sparkling wine";"Glass";"12";"2.11"
"Vinmonopolet";"1049901";"Girardin Bourgogne Chardonnay Terroir Noble 2016";"Girardin Bourgogne Chardonnay Terroir Noble";"2016";"232";"0.75";"309.33";"White wine";"Glass";"13";"2.3794873"
"Vinmonopolet";"1051401";"Cono Sur Pinot Noir Reserva 2018";"Cono Sur Pinot Noir Reserva";"2018";"169.9";"0.75";"226.53";"RÃ¸dvin";"Glass";"14";"1.6180952"
"Vinmonopolet";"1052701";"Le Roc des Anges Segna de Cor 2017";"Le Roc des Anges Segna de Cor";"2017";"229";"0.75";"305.33";"RÃ¸dvin";"Glass";"13.5";"2.2617283"
"Vinmonopolet";"1053001";"Radici Taurasi Riserva 2014";"Radici Taurasi Riserva";"2014";"469.9";"0.75";"626.53";"RÃ¸dvin";"Glass";"13.5";"4.6409874"
"Vinmonopolet";"1053802";"NÃ¸gne Ã Imperial Stout";"NÃ¸gne Ã Imperial Stout";"0";"75.8";"0.5";"151.6";"Porter and stout";"Glass";"9";"1.6844445"
"Vinmonopolet";"1054901";"Page 24 RÃ©serve Hildegarde Blonde";"Page 24 RÃ©serve Hildegarde Blonde";"0";"124.9";"0.75";"166.53";"Saison farmhouse ale";"Glass";"6.9";"2.4135265"
"Vinmonopolet";"1055101";"Alexandre Bonnet Grande RÃ©serve Brut";"Alexandre Bonnet Grande RÃ©serve Brut";"0";"299.9";"0.75";"399.87";"Champagne, brut";"Glass";"12.5";"3.1989334"
"Vinmonopolet";"1055105";"Alexandre Bonnet Grand RÃ©serve Brut";"Alexandre Bonnet Grand RÃ©serve Brut";"0";"620";"1.5";"413.33";"Champagne, brut";"Glass";"12.5";"3.3066666"
"Vinmonopolet";"1058301";"Luigi Giordano Barbaresco Montestefano 2014";"Luigi Giordano Barbaresco Montestefano";"2014";"349.9";"0.75";"466.53";"RÃ¸dvin";"Glass";"14";"3.332381"
"Vinmonopolet";"1058601";"Portal Late Bottled Vintage 2013";"Portal Late Bottled Vintage";"2013";"229.9";"0.75";"306.53";"Port wine";"Glass";"20";"1.5326667"
"Vinmonopolet";"1059501";"Ravenswood Vintners Blend Zinfandel 2017";"Ravenswood Vintners Blend Zinfandel";"2017";"174.9";"0.75";"233.2";"RÃ¸dvin";"Glass";"13.5";"1.7274073"
"Vinmonopolet";"1060301";"Jean-Claude Boisset Bourgogne Pinot Noir Les Ursulines 2018";"Jean-Claude Boisset Bourgogne Pinot Noir Les Ursulines";"2018";"249.9";"0.75";"333.2";"RÃ¸dvin";"Glass";"13";"2.563077"
"Vinmonopolet";"1061801";"Jean Fillioux Meget Gammel Grande Champagne Single Vineyard";"Jean Fillioux Meget Gammel Grande Champagne Single Vineyard";"0";"809.9";"0.7";"1157";"Grape spirit";"Glass";"40";"2.8925002"
"Vinmonopolet";"1062702";"Cossart Gordon Malmsey Madeira 5 Years old";"Cossart Gordon Malmsey Madeira 5 Years old";"0";"194.9";"0.5";"389.8";"Madeira";"Glass";"19";"2.051579"
"Vinmonopolet";"1063201";"Brunelli Rosso di Montalcino 2016";"Brunelli Rosso di Montalcino";"2016";"220";"0.75";"293.33";"RÃ¸dvin";"Glass";"14";"2.0952382"
"Vinmonopolet";"1064501";"Dom. Bousquet Malbec 2019";"Dom. Bousquet Malbec";"2019";"129.9";"0.75";"173.2";"RÃ¸dvin";"Glass";"13";"1.3323076"
"Vinmonopolet";"1064701";"Dom. des Treilles CÃ´tes du RhÃ´ne 2018";"Dom. des Treilles CÃ´tes du RhÃ´ne";"2018";"189.9";"0.75";"253.2";"RÃ¸dvin";"Glass";"14";"1.8085713"
"Vinmonopolet";"1066101";"Wittmann Silvaner Trocken 2018";"Wittmann Silvaner Trocken";"2018";"184.9";"0.75";"246.53";"White wine";"Glass";"12.5";"1.9722666"
"Vinmonopolet";"1067201";"Los Tres ToÃ±os Blanco";"Los Tres ToÃ±os Blanco";"0";"529.9";"0.7";"757";"Fruit spirit";"Glass";"38";"1.9921054"
"Vinmonopolet";"1067301";"Tequila Corralejo AÃ±ejo";"Tequila Corralejo AÃ±ejo";"0";"665";"0.7";"950";"Fruit spirit";"Glass";"38";"2.5"
"Vinmonopolet";"1068001";"Graci Etna Rosso ArcurÃ¬a 2016";"Graci Etna Rosso ArcurÃ¬a";"2016";"529.9";"0.75";"706.53";"RÃ¸dvin";"Glass";"14.5";"4.872644"
"Vinmonopolet";"1071301";"Donati Il Mio Malvasia dell Emilia 2018";"Donati Il Mio Malvasia dell Emilia";"2018";"239.9";"0.75";"319.87";"Sparkling white wine";"Glass";"12";"2.6655555"
"Vinmonopolet";"1071801";"Robert Burns Single Malt Scotch Whisky";"Robert Burns Single Malt Scotch Whisky";"0";"500";"0.7";"714.29";"Whisky";"Glass";"40";"1.7857143"
"Vinmonopolet";"1072002";"NÃ¸gne Ã Imperial Brown Ale";"NÃ¸gne Ã Imperial Brown Ale";"0";"65.9";"0.5";"131.8";"Brown ale";"Glass";"7.5";"1.7573334"
"Vinmonopolet";"1072901";"Colombelle RosÃ© 2017";"Colombelle RosÃ©";"2017";"139.9";"0.75";"186.53";"RosÃ©vin";"Glass";"12";"1.5544444"
"Vinmonopolet";"1073501";"Ch. La Grolet 2016";"Ch. La Grolet";"2016";"169.6";"0.75";"226.13";"RÃ¸dvin";"Glass";"13";"1.7394873"
"Vinmonopolet";"1076501";"Bordelet Sidre Brut Tendre";"Bordelet Sidre Brut Tendre";"2017";"138.1";"0.75";"184.13";"Cider";"Glass";"5.5";"3.347879"
"Vinmonopolet";"1077701";"Reyneke Reserve white 2015";"Reyneke Reserve white";"2015";"399.9";"0.75";"533.2";"White wine";"Glass";"13";"4.101538"
"Vinmonopolet";"1078002";"Mullineux Straw Wine 2017";"Mullineux Straw Wine";"2017";"329";"0.38";"877.33";"White wine";"Glass";"9.5";"9.113573"
"Vinmonopolet";"1078301";"Fairview Goats do Roam 2019";"Fairview Goats do Roam";"2019";"134.9";"0.75";"179.87";"RÃ¸dvin";"Glass";"13.5";"1.3323456"
"Vinmonopolet";"1078702";"Weihenstephaner Hefeweissbier";"Weihenstephaner Hefeweissbier";"0";"49.9";"0.5";"99.8";"HveteÃ¸l";"Glass";"5.4";"1.8481482"
"Vinmonopolet";"1079601";"Concha y Toro Syrah 2019";"Concha y Toro Syrah";"2019";"98.9";"0.75";"131.87";"RÃ¸dvin";"Glass";"11.5";"1.1466666"
"Vinmonopolet";"1079701";"Quinta de Saes Touriga Nacional 2015";"Quinta de Saes Touriga Nacional";"2015";"179.9";"0.75";"239.87";"RÃ¸dvin";"Glass";"13.5";"1.77679"
"Vinmonopolet";"1081201";"Pievalta Verdicchio dei Castelli di Jesi Classico Superiore 2016";"Pievalta Verdicchio dei Castelli di Jesi Classico Superiore";"2016";"209.9";"0.75";"279.87";"White wine";"Glass";"13.5";"2.0730863"
"Vinmonopolet";"1082201";"Ratzenberger Bacharacher WolfshÃ¶hle Grosses GewÃ¤chs 2015";"Ratzenberger Bacharacher WolfshÃ¶hle Grosses GewÃ¤chs";"2015";"372.9";"0.75";"497.2";"White wine";"Glass";"12";"4.1433334"
"Vinmonopolet";"1082301";"Foradori Vigneti delle Dolomiti Teroldego 2016";"Foradori Vigneti delle Dolomiti Teroldego";"2016";"255";"0.75";"340";"RÃ¸dvin";"Glass";"12.5";"2.72"
"Vinmonopolet";"1083002";"Patricius Tokaji AszÃº 5 Puttonyos 2013";"Patricius Tokaji AszÃº 5 Puttonyos";"2013";"320";"0.5";"640";"White wine";"Glass";"11.5";"5.5652175"
"Vinmonopolet";"1084801";"Cosse Maisonneuve Cahors La Fage 2015";"Cosse Maisonneuve Cahors La Fage";"2015";"249.9";"0.75";"333.2";"RÃ¸dvin";"Glass";"13";"2.563077"
"Vinmonopolet";"1085501";"Pillot Chassagne-Montrachet 1er Cru Les Champgains 2016";"Pillot Chassagne-Montrachet 1er Cru Les Champgains";"2016";"559";"0.75";"745.33";"White wine";"Glass";"13.5";"5.5209875"
"Vinmonopolet";"1086701";"Vallein-Tercinier XO Fine Champagne";"Vallein-Tercinier XO Fine Champagne";"0";"932";"0.7";"1331.43";"Grape spirit";"Glass";"40";"3.3285716"
"Vinmonopolet";"1086901";"Vallein-Tercinier TrÃ¨s Vieux Fins Bois";"Vallein-Tercinier TrÃ¨s Vieux Fins Bois";"0";"2600";"0.7";"3714.29";"Grape spirit";"Glass";"47";"7.9027357"
"Vinmonopolet";"1087101";"Riga Black Vodka";"Riga Black Vodka";"0";"349.9";"0.7";"499.86";"Vodka";"Glass";"40";"1.2496428"
"Vinmonopolet";"1087201";"Lamy Bourgogne Les Chataigners Chardonnay 2016";"Lamy Bourgogne Les Chataigners Chardonnay";"2016";"319.8";"0.75";"426.4";"White wine";"Glass";"13";"3.28"
"Vinmonopolet";"1087401";"Dom. du PÃ©lican Arbois Chardonnay 2018";"Dom. du PÃ©lican Arbois Chardonnay";"2018";"375";"0.75";"500";"White wine";"Glass";"12.5";"4"
"Vinmonopolet";"1087801";"Ratzenberger Bacharacher Riesling Kabinett feinherb 2018";"Ratzenberger Bacharacher Riesling Kabinett feinherb";"2018";"186";"0.75";"248";"White wine";"Glass";"10";"2.48"
"Vinmonopolet";"1088501";"La Contea Langhe Nebbiolo Fiulin 2012";"La Contea Langhe Nebbiolo Fiulin";"2012";"169";"0.75";"225.33";"RÃ¸dvin";"Glass";"13.5";"1.6691358"
"Vinmonopolet";"1089001";"L'Equilibrista Garnacha Catalunya 2012";"L'Equilibrista Garnacha Catalunya";"2012";"259.8";"0.75";"346.4";"RÃ¸dvin";"Glass";"14.5";"2.3889654"
"Vinmonopolet";"1096901";"Pierre Ponnelle Mercurey 2017";"Pierre Ponnelle Mercurey";"2017";"289.9";"0.75";"386.53";"RÃ¸dvin";"Glass";"12.5";"3.0922666"
"Vinmonopolet";"1097101";"Seresin MOMO Pinot Noir 2018";"Seresin MOMO Pinot Noir";"2018";"214.9";"0.75";"286.53";"RÃ¸dvin";"Glass";"13.5";"2.1224692"
"Vinmonopolet";"1097801";"Jean Paul Brun Fleurie 2018";"Jean Paul Brun Fleurie";"2018";"289.9";"0.75";"386.53";"RÃ¸dvin";"Glass";"12.5";"3.0922666"
"Vinmonopolet";"1098301";"Groebe Westhofener Kirchspiel Riesling Trocken 2018";"Groebe Westhofener Kirchspiel Riesling Trocken";"2018";"409.9";"0.75";"546.53";"White wine";"Glass";"13.5";"4.048395"
"Vinmonopolet";"1099001";"Fenocchio Barolo Villero 2014";"Fenocchio Barolo Villero";"2014";"349.9";"0.75";"466.53";"RÃ¸dvin";"Glass";"14";"3.332381"
"Vinmonopolet";"1100202";"Mozart Chocolate Cream";"Mozart Chocolate Cream";"0";"229.9";"0.5";"459.8";"LikÃ¸r";"Glass";"17";"2.7047057"
"Vinmonopolet";"1101101";"Ch. la Nerthe ChÃ¢teauneuf-du-Pape 2016";"Ch. la Nerthe ChÃ¢teauneuf-du-Pape";"2016";"379.9";"0.75";"506.53";"RÃ¸dvin";"Glass";"15";"3.3768888"
"Vinmonopolet";"1102301";"Campbeltown Loch 21 YO";"Campbeltown Loch 21 YO";"0";"1025";"0.7";"1464.29";"Whisky";"Glass";"46";"3.18323"
"Vinmonopolet";"1102501";"Dom. du PÃ©lican Arbois Savagnin OuillÃ© 2016";"Dom. du PÃ©lican Arbois Savagnin OuillÃ©";"2016";"355";"0.75";"473.33";"White wine";"Glass";"12.5";"3.7866666"
"Vinmonopolet";"1102505";"Dom. du PÃ©lican Arbois Savagnin OuillÃ© 2016";"Dom. du PÃ©lican Arbois Savagnin OuillÃ©";"2016";"740";"1.5";"493.33";"White wine";"Glass";"12.5";"3.9466667"
"Vinmonopolet";"1102901";"Dom. du PÃ©lican Arbois Trois CÃ©pages 2017";"Dom. du PÃ©lican Arbois Trois CÃ©pages";"2017";"364";"0.75";"485.33";"RÃ¸dvin";"Glass";"12.5";"3.8826666"
"Vinmonopolet";"1104301";"Taittinger Brut RÃ©serve";"Taittinger Brut RÃ©serve";"0";"449.9";"0.75";"599.87";"Champagne, brut";"Glass";"12.5";"4.7989335"
"Vinmonopolet";"1104302";"Taittinger Brut RÃ©serve";"Taittinger Brut RÃ©serve";"0";"263.9";"0.38";"703.73";"Champagne, brut";"Glass";"12.5";"5.5557895"
"Vinmonopolet";"1104305";"Taittinger Brut RÃ©serve";"Taittinger Brut RÃ©serve";"0";"1100";"1.5";"733.33";"Champagne, brut";"Glass";"12.5";"5.866667"
"Vinmonopolet";"1104307";"Taittinger Brut RÃ©serve";"Taittinger Brut RÃ©serve";"0";"2300";"3";"766.67";"Champagne, brut";"Glass";"12.5";"6.133333"
"Vinmonopolet";"1104501";"Kinn Gamleguten Lys staut";"Kinn Gamleguten Lys staut";"0";"105";"0.75";"140";"Brown ale";"Glass";"7";"2"
"Vinmonopolet";"1104601";"Kinn Prestesonen Brun Staut 2015";"Kinn Prestesonen Brun Staut";"2015";"99.9";"0.75";"133.2";"Porter and stout";"Glass";"6";"2.22"
"Vinmonopolet";"1106101";"Del Maguey Vida Mezcal";"Del Maguey Vida Mezcal";"0";"679.9";"0.7";"971.29";"Fruit spirit";"Glass";"42";"2.312585"
"Vinmonopolet";"1107101";"Steinberger Riesling 2018";"Steinberger Riesling";"2018";"154.9";"0.75";"206.53";"White wine";"Glass";"7.5";"2.7537777"
"Vinmonopolet";"1107901";"Veronica Ortega Roc 2016";"Veronica Ortega Roc";"2016";"329";"0.75";"438.67";"RÃ¸dvin";"Glass";"13.5";"3.2493827"
"Vinmonopolet";"1108201";"Tedeschi Maternigo Valpolicella Superiore 2016";"Tedeschi Maternigo Valpolicella Superiore";"2016";"279";"0.75";"372";"RÃ¸dvin";"Glass";"15";"2.48"
"Vinmonopolet";"1109101";"MarquÃ©s de la Concordia Tempranillo 2018";"MarquÃ©s de la Concordia Tempranillo";"2018";"119.9";"0.75";"159.87";"RÃ¸dvin";"Glass";"14";"1.1419048"
"Vinmonopolet";"1109301";"Smith Woodhouse Late Bottled Vintage 2008";"Smith Woodhouse Late Bottled Vintage";"2008";"310";"0.75";"413.33";"Port wine";"Glass";"20";"2.0666666"
"Vinmonopolet";"1110001";"Dominio do Bibei Lacima 2014";"Dominio do Bibei Lacima";"2014";"429";"0.75";"572";"RÃ¸dvin";"Glass";"13";"4.4"
"Vinmonopolet";"1110602";"Barbeito Rainwater Reserva 5 YO";"Barbeito Rainwater Reserva 5 YO";"0";"199.9";"0.5";"399.8";"Madeira";"Glass";"18";"2.221111"
"Vinmonopolet";"1110701";"Ceretto Barolo 2015";"Ceretto Barolo";"2015";"599.9";"0.75";"799.87";"RÃ¸dvin";"Glass";"14.5";"5.516322"
"Vinmonopolet";"1110801";"Mount Gay Eclipse";"Mount Gay Eclipse";"0";"404.9";"0.7";"578.43";"Rum";"Glass";"40";"1.4460714"
"Vinmonopolet";"1111001";"Ceretto Barbaresco 2015";"Ceretto Barbaresco";"2015";"589.9";"0.75";"786.53";"RÃ¸dvin";"Glass";"14.5";"5.424368"
"Vinmonopolet";"1112001";"Riondo Castelforte Prosecco Extra Dry";"Riondo Castelforte Prosecco Extra Dry";"0";"109.9";"0.75";"146.53";"Sparkling wine";"Glass";"11";"1.3321213"
"Vinmonopolet";"1112702";"Berentsens Bombay India Pale Ale";"Berentsens Bombay India Pale Ale";"0";"50.9";"0.33";"154.24";"India pale ale";"Glass";"7";"2.203463"
"Vinmonopolet";"1113406";"Signature Series Brunel CÃ´tes du RhÃ´ne";"Signature Series Brunel CÃ´tes du RhÃ´ne";"2017";"479.9";"3";"159.97";"RÃ¸dvin";"Bag-in-box";"14";"1.142619"
"Vinmonopolet";"1114002";"Quinta do Vallado Tawny 10 YO";"Quinta do Vallado Tawny 10 YO";"0";"369.9";"0.5";"739.8";"Port wine";"Glass";"19.5";"3.7938461"
"Vinmonopolet";"1114201";"Bulleit 95 Rye";"Bulleit 95 Rye";"0";"499.9";"0.7";"714.14";"Whisky";"Glass";"45";"1.5869842"
"Vinmonopolet";"1114601";"Amarula Cream";"Amarula Cream";"0";"226.9";"0.7";"324.14";"LikÃ¸r";"Glass";"17";"1.9067227"
"Vinmonopolet";"1114602";"Amarula Cream";"Amarula Cream";"0";"129.9";"0.35";"371.14";"LikÃ¸r";"Glass";"17";"2.1831932"
"Vinmonopolet";"1114603";"Amarula Cream";"Amarula Cream";"0";"29.9";"0.05";"598";"LikÃ¸r";"Plast";"17";"3.517647"
"Vinmonopolet";"1116802";"Maredsous Blond 6";"Maredsous Blond 6";"0";"52.9";"0.33";"160.3";"Trappist";"Glass";"6";"2.6717172"
"Vinmonopolet";"1117401";"Amrut Single Cask 2009";"Amrut Single Cask";"2009";"1125";"0.7";"1607.14";"Whisky";"Glass";"60";"2.6785715"
"Vinmonopolet";"1118801";"Navarre Terret";"Navarre Terret";"2018";"229.4";"0.75";"305.87";"White wine";"Glass";"11";"2.780606"
"Vinmonopolet";"1119702";"Slogen India Pale Ale 2013";"Slogen India Pale Ale";"2013";"70";"0.5";"140";"India pale ale";"Glass";"6.3";"2.222222"
"Vinmonopolet";"1121501";"Wenneker Sour Apple";"Wenneker Sour Apple";"0";"234.9";"0.7";"335.57";"LikÃ¸r";"Glass";"15";"2.2371428"
"Vinmonopolet";"1121601";"Wenneker Blue CuraÃ§ao";"Wenneker Blue CuraÃ§ao";"0";"264.9";"0.7";"378.43";"LikÃ¸r";"Glass";"20";"1.8921429"
"Vinmonopolet";"1121801";"Wenneker CrÃ¨me de Bananes";"Wenneker CrÃ¨me de Bananes";"0";"264.9";"0.7";"378.43";"LikÃ¸r";"Glass";"20";"1.8921429"
"Vinmonopolet";"1122001";"Wenneker Peach";"Wenneker Peach";"0";"264.9";"0.7";"378.43";"LikÃ¸r";"Glass";"20";"1.8921429"
"Vinmonopolet";"1122101";"Wenneker Strawberry";"Wenneker Strawberry";"0";"234.9";"0.7";"335.57";"LikÃ¸r";"Glass";"15";"2.2371428"
"Vinmonopolet";"1122201";"Wenneker Triple Sec";"Wenneker Triple Sec";"0";"329.9";"0.7";"471.29";"LikÃ¸r";"Glass";"30";"1.5709524"
"Vinmonopolet";"1122301";"SkÃ¥ne Akvavit";"SkÃ¥ne Akvavit";"0";"314.9";"0.7";"449.86";"Aquavit";"Glass";"38";"1.1838346"
"Vinmonopolet";"1122302";"SkÃ¥ne Akvavit";"SkÃ¥ne Akvavit";"0";"239";"0.5";"478";"Aquavit";"Plast";"38";"1.2578948"
"Vinmonopolet";"1124801";"MarquÃ©s de ChivÃ© Tempranillo Crianza 2016";"MarquÃ©s de ChivÃ© Tempranillo Crianza";"2016";"117.9";"0.75";"157.2";"RÃ¸dvin";"Glass";"12";"1.3100001"
"Vinmonopolet";"1125101";"LiÃ©bart-RÃ©gnier Extra Brut";"LiÃ©bart-RÃ©gnier Extra Brut";"0";"310.5";"0.75";"414";"Champagne extra brut";"Glass";"12.5";"3.312"
"Vinmonopolet";"1125401";"LiÃ©bart-RÃ©gnier Brut RosÃ©";"LiÃ©bart-RÃ©gnier Brut RosÃ©";"0";"299.6";"0.75";"399.47";"Champagne, rosÃ©";"Glass";"12.5";"3.1957333"
"Vinmonopolet";"1125501";"LiÃ©bart-RÃ©gnier Confidencia 2012";"LiÃ©bart-RÃ©gnier Confidencia";"2012";"375.7";"0.75";"500.93";"Champagne, brut";"Glass";"12.5";"4.007467"
"Vinmonopolet";"1126701";"Protheau Mercurey Les Ormeaux 2016";"Protheau Mercurey Les Ormeaux";"2016";"249";"0.75";"332";"White wine";"Glass";"13";"2.5538461"
"Vinmonopolet";"1126801";"Castellblanc Brut Nature";"Castellblanc Brut Nature";"0";"124.9";"0.75";"166.53";"Sparkling wine";"Glass";"11.5";"1.448116"
"Vinmonopolet";"1128701";"Baron de Ley 3 ViÃ±as Blanco Reserva 2016";"Baron de Ley 3 ViÃ±as Blanco Reserva";"2016";"225.9";"0.75";"301.2";"White wine";"Glass";"12";"2.51"
"Vinmonopolet";"1129205";"Oma Barbera d`Alba 2018";"Oma Barbera d`Alba";"2018";"359.9";"1.5";"239.93";"RÃ¸dvin";"Glass";"13.5";"1.7772839"
"Vinmonopolet";"1129801";"The Crossings Pinot Gris 2017";"The Crossings Pinot Gris";"2017";"169.9";"0.75";"226.53";"White wine";"Glass";"13";"1.7425641"
"Vinmonopolet";"1131501";"Rawson's Retreat Shiraz Cabernet 2017";"Rawson's Retreat Shiraz Cabernet";"2017";"124.9";"0.75";"166.53";"RÃ¸dvin";"Glass";"13.5";"1.2335802"
"Vinmonopolet";"1133201";"Royal Oporto Ruby";"Royal Oporto Ruby";"0";"205";"0.75";"273.33";"Port wine";"Glass";"19";"1.4385965"
"Vinmonopolet";"1135704";"Zonin Prosecco Brut";"Zonin Prosecco Brut";"0";"51.9";"0.2";"259.5";"Sparkling wine";"Glass";"11";"2.359091"
"Vinmonopolet";"1141101";"Jean-Luc Colombo La Divine CÃ´te-Rotie 2016";"Jean-Luc Colombo La Divine CÃ´te-Rotie";"2016";"565";"0.75";"753.33";"RÃ¸dvin";"Glass";"13.5";"5.580247"
"Vinmonopolet";"1143101";"Poderi Rosso Giovanni Barbera dÂ´Asti Cascina Perno Superiore 2016";"Poderi Rosso Giovanni Barbera dÂ´Asti Cascina Perno Superiore";"2016";"250.1";"0.75";"333.47";"RÃ¸dvin";"Glass";"14.5";"2.29977"
"Vinmonopolet";"1143201";"Poderi Rosso Giovanni Barbera dÂ´Asti Carlinet Superiore 2016";"Poderi Rosso Giovanni Barbera dÂ´Asti Carlinet Superiore";"2016";"280.1";"0.75";"373.47";"RÃ¸dvin";"Glass";"15";"2.4897778"
"Vinmonopolet";"1143401";"Poderi Rosso Giovanni Barbera dÂ´Asti San Bastian 2018";"Poderi Rosso Giovanni Barbera dÂ´Asti San Bastian";"2018";"179.5";"0.75";"239.33";"RÃ¸dvin";"Glass";"14";"1.7095238"
"Vinmonopolet";"1143701";"Soerlie XO Grande Champagne";"Soerlie XO Grande Champagne";"0";"669";"0.7";"955.71";"Grape spirit";"Glass";"40";"2.3892858"
"Vinmonopolet";"1143801";"Guyons Saumur CuvÃ©e Vent du Nord 2018";"Guyons Saumur CuvÃ©e Vent du Nord";"2018";"174.9";"0.75";"233.2";"White wine";"Glass";"13";"1.7938461"
"Vinmonopolet";"1144201";"LiÃ©bart-RÃ©gnier Brut";"LiÃ©bart-RÃ©gnier Brut";"0";"294.1";"0.75";"392.13";"Champagne, brut";"Glass";"12.5";"3.1370668"
"Vinmonopolet";"1149601";"Fontaleoni Chianti Colli Senesi 2018";"Fontaleoni Chianti Colli Senesi";"2018";"179";"0.75";"238.67";"RÃ¸dvin";"Glass";"13";"1.8358974"
"Vinmonopolet";"1149801";"Fontaleoni Vernaccia di San Gimignano 2018";"Fontaleoni Vernaccia di San Gimignano";"2018";"179";"0.75";"238.67";"White wine";"Glass";"12.5";"1.9093333"
"Vinmonopolet";"1151301";"J.P. Chenet Cabernet Syrah 2018";"J.P. Chenet Cabernet Syrah";"2018";"121.9";"0.75";"162.53";"RÃ¸dvin";"Glass";"12";"1.3544445"
"Vinmonopolet";"1151302";"J.P. Chenet Cabernet Syrah 2017";"J.P. Chenet Cabernet Syrah";"2017";"72.9";"0.38";"194.4";"RÃ¸dvin";"Glass";"13";"1.4757086"
"Vinmonopolet";"1151304";"J.P. Chenet Cabernet Syrah 2018";"J.P. Chenet Cabernet Syrah";"2018";"59.9";"0.25";"239.6";"RÃ¸dvin";"Glass";"13";"1.843077"
"Vinmonopolet";"1151305";"J.P. Chenet Cabernet Syrah 2017";"J.P. Chenet Cabernet Syrah";"2017";"269.9";"1.5";"179.93";"RÃ¸dvin";"Glass";"13";"1.3841026"
"Vinmonopolet";"1151701";"Ch. du Breuil RÃ©serve des Seigneurs X.O.";"Ch. du Breuil RÃ©serve des Seigneurs X.O.";"0";"749.9";"0.7";"1071.29";"Fruit spirit";"Glass";"41";"2.6128922"
"Vinmonopolet";"1155901";"Basso Valpolicella Ripasso 2017";"Basso Valpolicella Ripasso";"2017";"175";"0.75";"233.33";"RÃ¸dvin";"Glass";"13.5";"1.7283951"
"Vinmonopolet";"1156001";"Abbazia Moscato";"Abbazia Moscato";"0";"86.9";"0.75";"115.87";"Sparkling wine";"Glass";"6";"1.9311111"
"Vinmonopolet";"1156201";"Lamberti Pinot Grigio 2019";"Lamberti Pinot Grigio";"2019";"114.9";"0.75";"153.2";"White wine";"Glass";"12";"1.2766666"
"Vinmonopolet";"1156601";"Matassa CuvÃ©e Alexandria 2019";"Matassa CuvÃ©e Alexandria";"2019";"359.9";"0.75";"479.87";"White wine";"Glass";"11";"4.3624244"
"Vinmonopolet";"1156701";"Majas Cortado 2018";"Majas Cortado";"2018";"209.9";"0.75";"279.87";"RÃ¸dvin";"Glass";"13";"2.1528203"
"Vinmonopolet";"1156705";"Majas DBL Cortado 2017";"Majas DBL Cortado";"2017";"429.9";"1.5";"286.6";"RÃ¸dvin";"Glass";"12.5";"2.2928"
"Vinmonopolet";"1156901";"Clos du Jaugueyron Haut-MÃ©doc 2016";"Clos du Jaugueyron Haut-MÃ©doc";"2016";"379.9";"0.75";"506.53";"RÃ¸dvin";"Glass";"12.5";"4.0522666"
"Vinmonopolet";"1157501";"Dopff & Irion Les Maquisards Pinot Gris 2012";"Dopff & Irion Les Maquisards Pinot Gris";"2012";"234.9";"0.75";"313.2";"White wine";"Glass";"13";"2.4092307"
"Vinmonopolet";"1157601";"Cant. della Volta Lambrusco di Modena 2009";"Cant. della Volta Lambrusco di Modena";"2009";"183.9";"0.75";"245.2";"Sparkling wine";"Glass";"13";"1.8861538"
"Vinmonopolet";"1157801";"Jean Fillioux TV Cognac Grande Champagne";"Jean Fillioux TV Cognac Grande Champagne";"0";"964.9";"0.7";"1378.43";"Grape spirit";"Glass";"46";"2.996584"
"Vinmonopolet";"1157901";"Col di Sasso Sangiovese Cabernet Sauvignon 2016";"Col di Sasso Sangiovese Cabernet Sauvignon";"2016";"164.9";"0.75";"219.87";"RÃ¸dvin";"Glass";"13.5";"1.628642"
"Vinmonopolet";"1159401";"Alto Moncayo Garnacha 2016";"Alto Moncayo Garnacha";"2016";"499.9";"0.75";"666.53";"RÃ¸dvin";"Glass";"16";"4.1658335"
"Vinmonopolet";"1159501";"Alto Moncayo Veraton Garnacha 2016";"Alto Moncayo Veraton Garnacha";"2016";"399.9";"0.75";"533.2";"RÃ¸dvin";"Glass";"15.5";"3.44"
"Vinmonopolet";"1159801";"Manuel Olivier Morey-St-Denis 2017";"Manuel Olivier Morey-St-Denis";"2017";"398.9";"0.75";"531.87";"RÃ¸dvin";"Glass";"13";"4.091282"
"Vinmonopolet";"1159901";"Casa Santos Lima Cigarra Reserva 2018";"Casa Santos Lima Cigarra Reserva";"2018";"134.9";"0.75";"179.87";"RÃ¸dvin";"Glass";"13";"1.3835896"
"Vinmonopolet";"1159906";"Casa Santos Lima Cigarra Reserva Shiraz Touriga Nacional 2019";"Casa Santos Lima Cigarra Reserva Shiraz Touriga Nacional";"2019";"439.9";"3";"146.63";"RÃ¸dvin";"Bag-in-box";"13.5";"1.0861728"
"Vinmonopolet";"1160001";"Marq. du Murrieta CapellanÃ­a 2015";"Marq. du Murrieta CapellanÃ­a";"2015";"319.9";"0.75";"426.53";"White wine";"Glass";"13";"3.2810256"
"Vinmonopolet";"1160301";"Colombo Cornas Terres BrulÃ©es 2016";"Colombo Cornas Terres BrulÃ©es";"2016";"499";"0.75";"665.33";"RÃ¸dvin";"Glass";"13.5";"4.9283953"
"Vinmonopolet";"1160401";"Pascal Bouchard Amand Sauvignon Blanc 2017";"Pascal Bouchard Amand Sauvignon Blanc";"2017";"189.9";"0.75";"253.2";"White wine";"Glass";"12.5";"2.0256"
"Vinmonopolet";"1160901";"Deutz Brut Classic";"Deutz Brut Classic";"0";"449.9";"0.75";"599.87";"Champagne, brut";"Glass";"12";"4.998889"
"Vinmonopolet";"1161601";"Dalmore Cigar Malt Reserve";"Dalmore Cigar Malt Reserve";"0";"1295";"0.7";"1850";"Whisky";"Glass";"44";"4.2045455"
"Vinmonopolet";"1161801";"Negrita White";"Negrita White";"0";"309.9";"0.7";"442.71";"Rum";"Glass";"37.5";"1.1805714"
"Vinmonopolet";"1161901";"Sierra Tequila Reposado";"Sierra Tequila Reposado";"0";"369.9";"0.7";"528.43";"Fruit spirit";"Glass";"38";"1.3906015"
"Vinmonopolet";"1162001";"Vincent Pinard Sancerre FlorÃ¨s 2015";"Vincent Pinard Sancerre FlorÃ¨s";"2015";"339.9";"0.75";"453.2";"White wine";"Glass";"13.5";"3.357037"
"Vinmonopolet";"1165101";"Cast. dei Rampolla Trebianco di S. Lucia 2018";"Cast. dei Rampolla Trebianco di S. Lucia";"2018";"324.9";"0.75";"433.2";"White wine";"Glass";"12.5";"3.4656"
"Vinmonopolet";"1165401";"Domdechant Werner Domdechaney SpÃ¤tlese 2015";"Domdechant Werner Domdechaney SpÃ¤tlese";"2015";"244.9";"0.75";"326.53";"White wine";"Glass";"10.5";"3.109841"
"Vinmonopolet";"1165501";"Veterano Solera Reserva";"Veterano Solera Reserva";"0";"464.9";"0.7";"664.14";"Grape spirit";"Glass";"36";"1.8448412"
"Vinmonopolet";"1167201";"Ch. Timberlay 2015";"Ch. Timberlay";"2015";"203.9";"0.75";"271.87";"RÃ¸dvin";"Glass";"13.5";"2.013827"
"Vinmonopolet";"1169101";"Maccario Dringenberg Rossese di Dolceacqua Superiore PosaÃº 2018";"Maccario Dringenberg Rossese di Dolceacqua Superiore PosaÃº";"2018";"337";"0.75";"449.33";"RÃ¸dvin";"Glass";"14";"3.209524"
"Vinmonopolet";"1169301";"Jacob's Creek Chardonnay 2019";"Jacob's Creek Chardonnay";"2019";"118.9";"0.75";"158.53";"White wine";"Glass";"12.8";"1.2385417"
"Vinmonopolet";"1169302";"Jacob's Creek Chardonnay 2017";"Jacob's Creek Chardonnay";"2017";"69.9";"0.38";"186.4";"White wine";"Glass";"12.8";"1.4370888"
"Vinmonopolet";"1170101";"Pomodolce Diletto Derthona Timorasso 2016";"Pomodolce Diletto Derthona Timorasso";"2016";"198";"0.75";"264";"White wine";"Glass";"13.5";"1.9555556"
"Vinmonopolet";"1170501";"St. RÃ©my Authentic Brandy X.O.";"St. RÃ©my Authentic Brandy X.O.";"0";"419.9";"0.7";"599.86";"Grape spirit";"Glass";"40";"1.4996428"
"Vinmonopolet";"1170502";"St. RÃ©my Authentic Brandy X.O.";"St. RÃ©my Authentic Brandy X.O.";"0";"289.9";"0.5";"579.8";"Grape spirit";"Plast";"40";"1.4495"
"Vinmonopolet";"1170602";"Luxardo Limoncello";"Luxardo Limoncello";"0";"235";"0.5";"470";"LikÃ¸r";"Glass";"27";"1.7407408"
"Vinmonopolet";"1170701";"Cascina Luisin Langhe Nebbiolo Maggiur 2017";"Cascina Luisin Langhe Nebbiolo Maggiur";"2017";"266.5";"0.75";"355.33";"RÃ¸dvin";"Glass";"13.5";"2.6320987"
"Vinmonopolet";"1170801";"Cascina Luisin Barbaresco RabajÃ  2014";"Cascina Luisin Barbaresco RabajÃ";"2014";"461.3";"0.75";"615.07";"RÃ¸dvin";"Glass";"13.5";"4.5560493"
"Vinmonopolet";"1171301";"Hatt et SÃ¶ner Le Grand-PÃ©re Prestige Brut 2006";"Hatt et SÃ¶ner Le Grand-PÃ©re Prestige Brut";"2006";"1000.2";"0.75";"1333.6";"Champagne, brut";"Glass";"12";"11.113334"
"Vinmonopolet";"1173701";"Fanny Sabre Pommard 2017";"Fanny Sabre Pommard";"2017";"579.9";"0.75";"773.2";"RÃ¸dvin";"Glass";"13.1";"5.9022903"
"Vinmonopolet";"1174001";"MarquÃ©s de Vitoria Gran Reserva 2009";"MarquÃ©s de Vitoria Gran Reserva";"2009";"239.9";"0.75";"319.87";"RÃ¸dvin";"Glass";"14";"2.284762"
"Vinmonopolet";"1174401";"Dopff & Irion CrÃ©mant d'Alsace Brut 2015";"Dopff & Irion CrÃ©mant d'Alsace Brut";"2015";"199.9";"0.75";"266.53";"Sparkling wine";"Glass";"12";"2.221111"
"Vinmonopolet";"1174701";"Sartori Valpolicella Ripasso 2014";"Sartori Valpolicella Ripasso";"2014";"189.9";"0.75";"253.2";"RÃ¸dvin";"Glass";"13.5";"1.8755555"
"Vinmonopolet";"1174901";"Sartori Amarone della Valpolicella 2013";"Sartori Amarone della Valpolicella";"2013";"299.9";"0.75";"399.87";"RÃ¸dvin";"Glass";"15";"2.6657777"
"Vinmonopolet";"1176401";"RÃ©my Martin 1738 Accord Royal";"RÃ©my Martin  Accord Royal";"0";"639.9";"0.7";"914.14";"Grape spirit";"Glass";"40";"2.2853572"
"Vinmonopolet";"1178001";"Castillo de Molina Cabernet Sauvignon Reserva 2017";"Castillo de Molina Cabernet Sauvignon Reserva";"2017";"154.9";"0.75";"206.53";"RÃ¸dvin";"Glass";"14";"1.4752381"
"Vinmonopolet";"1178201";"De Stefani Plavis 2014";"De Stefani Plavis";"2014";"280";"0.75";"373.33";"RÃ¸dvin";"Glass";"14";"2.6666667"
"Vinmonopolet";"1178301";"Masi Rosa dei Masi 2018";"Masi Rosa dei Masi";"2018";"144.9";"0.75";"193.2";"RosÃ©vin";"Glass";"12.5";"1.5455999"
"Vinmonopolet";"1178606";"Marchesi di Barolo Piemonte Barbera 2018";"Marchesi di Barolo Piemonte Barbera";"2018";"449.9";"3";"149.97";"RÃ¸dvin";"Bag-in-box";"12.5";"1.1997334"
"Vinmonopolet";"1181201";"Bottega Pink Gold";"Bottega Pink Gold";"0";"225";"0.75";"300";"Musserende vin, rosÃ©";"Glass";"11.5";"2.6086957"
"Vinmonopolet";"1181501";"Dom. Montrose Prestige RosÃ© 2018";"Dom. Montrose Prestige RosÃ©";"2018";"179.9";"0.75";"239.87";"RosÃ©vin";"Glass";"13";"1.8451282"
"Vinmonopolet";"1186701";"ViÃ±a Pomal Reserva 2014";"ViÃ±a Pomal Reserva";"2014";"209.9";"0.75";"279.87";"RÃ¸dvin";"Glass";"14";"1.9990475"
"Vinmonopolet";"1187804";"JÃ¤germeister";"JÃ¤germeister";"0";"164.9";"0.2";"824.5";"Bitter	";"Glass";"35";"2.355714"
"Vinmonopolet";"1188201";"Berberana DragÃ³n Tempranillo 2016";"Berberana DragÃ³n Tempranillo";"2016";"109.9";"0.75";"146.53";"RÃ¸dvin";"Glass";"12.5";"1.1722667"
"Vinmonopolet";"1188206";"Berberana DragÃ³n Tempranillo";"Berberana DragÃ³n Tempranillo";"0";"393.9";"3";"131.3";"RÃ¸dvin";"Bag-in-box";"13";"1.01"
"Vinmonopolet";"1192106";"Chapel Hill Riesling Sauvignon Blanc 2019";"Chapel Hill Riesling Sauvignon Blanc";"2019";"399.9";"3";"133.3";"White wine";"Bag-in-box";"11.5";"1.1591305"
"Vinmonopolet";"1194701";"Ariyanas RomÃ© Rosado 2017";"Ariyanas RomÃ© Rosado";"2017";"295";"0.75";"393.33";"RosÃ©vin";"Glass";"13";"3.025641"
"Vinmonopolet";"1195101";"Don Julio Anejo";"Don Julio Anejo";"0";"759.9";"0.7";"1085.57";"Fruit spirit";"Glass";"38";"2.856767"
"Vinmonopolet";"1195201";"Don Julio Reposado";"Don Julio Reposado";"0";"729.9";"0.7";"1042.71";"Fruit spirit";"Glass";"38";"2.7439852"
"Vinmonopolet";"1195401";"Don Julio Blanco";"Don Julio Blanco";"0";"659.9";"0.7";"942.71";"Fruit spirit";"Glass";"38";"2.480827"
"Vinmonopolet";"1195501";"Crochet Sancerre 2018";"Crochet Sancerre";"2018";"239.9";"0.75";"319.87";"White wine";"Glass";"13";"2.4605129"
"Vinmonopolet";"1196801";"Villalta Amarone della Valpolicella Classico 2016";"Villalta Amarone della Valpolicella Classico";"2016";"369.9";"0.75";"493.2";"RÃ¸dvin";"Glass";"15";"3.2879999"
"Vinmonopolet";"1197301";"Villa Cafaggio Chianti Classico 2016";"Villa Cafaggio Chianti Classico";"2016";"200";"0.75";"266.67";"RÃ¸dvin";"Glass";"13.5";"1.9753087"
"Vinmonopolet";"1200401";"Cinzano Bianco";"Cinzano Bianco";"0";"149.9";"0.75";"199.87";"Vermouth";"Glass";"15";"1.3324444"
"Vinmonopolet";"1200501";"Cinzano Rosso";"Cinzano Rosso";"0";"159.9";"0.75";"213.2";"Vermouth";"Glass";"15";"1.4213333"
"Vinmonopolet";"1200901";"Plaimont CÃ´tes de Gascogne 2017";"Plaimont CÃ´tes de Gascogne";"2017";"119.9";"0.75";"159.87";"White wine";"Glass";"10.5";"1.5225397"
"Vinmonopolet";"1200902";"Plaimont CÃ´tes de Gascogne 2018";"Plaimont CÃ´tes de Gascogne";"2018";"71.9";"0.38";"191.73";"White wine";"Glass";"10.5";"1.802005"
"Vinmonopolet";"1201202";"Original Lord Calvert";"Original Lord Calvert";"0";"194.9";"0.35";"556.86";"Whisky";"Glass";"40";"1.3921429"
"Vinmonopolet";"1201401";"Tanqueray London Dry Gin";"Tanqueray London Dry Gin";"0";"400";"0.7";"571.43";"Gin";"Glass";"43.1";"1.3258204"
"Vinmonopolet";"1201402";"Tanqueray London Dry Gin";"Tanqueray London Dry Gin";"0";"209.9";"0.35";"599.71";"Gin";"Glass";"43.1";"1.3914485"
"Vinmonopolet";"1201501";"Heering Cherry Liqueur";"Heering Cherry Liqueur";"0";"349.9";"0.7";"499.86";"LikÃ¸r";"Glass";"24";"2.0827382"
"Vinmonopolet";"1201502";"Heering Cherry Liqueur";"Heering Cherry Liqueur";"0";"209.9";"0.35";"599.71";"LikÃ¸r";"Glass";"24";"2.4988096"
"Vinmonopolet";"1201601";"La Frontera Amontillado Superior";"La Frontera Amontillado Superior";"0";"194.9";"0.75";"259.87";"Sherry";"Glass";"17";"1.5286274"
"Vinmonopolet";"1201702";"Egge gÃ¥rd Lofotakevitt";"Egge gÃ¥rd Lofotakevitt";"2014";"373.4";"0.5";"746.8";"Aquavit";"Glass";"40";"1.867"
"Vinmonopolet";"1202401";"Lolea Sangria No 1";"Lolea Sangria No 1";"0";"139.9";"0.75";"186.53";"Flavoured wine	";"Glass";"7";"2.6647618"
"Vinmonopolet";"1202601";"Foillard Fleurie 2015";"Foillard Fleurie";"2015";"399.9";"0.75";"533.2";"RÃ¸dvin";"Glass";"14";"3.8085713"
"Vinmonopolet";"1202701";"Le Cardinal 2018";"Le Cardinal";"2018";"147";"0.75";"196";"RÃ¸dvin";"Glass";"13.5";"1.4518518"
"Vinmonopolet";"1202801";"Coronas 2017";"Coronas";"2017";"134.9";"0.75";"179.87";"RÃ¸dvin";"Glass";"13";"1.3835896"
"Vinmonopolet";"1202802";"Coronas 2017";"Coronas";"2017";"79.7";"0.38";"212.53";"RÃ¸dvin";"Glass";"13.5";"1.5536062"
"Vinmonopolet";"1202805";"Coronas 2014";"Coronas";"2014";"299.9";"1.5";"199.93";"RÃ¸dvin";"Glass";"13.5";"1.4809877"
"Vinmonopolet";"1202901";"Black Tower Rivaner 2019";"Black Tower Rivaner";"2019";"99.9";"0.75";"133.2";"White wine";"Glass";"8.5";"1.5670588"
"Vinmonopolet";"1202906";"Black Tower Rivaner 2019";"Black Tower Rivaner";"2019";"309.9";"3";"103.3";"White wine";"Bag-in-box";"8.5";"1.2152941"
"Vinmonopolet";"1203301";"Smirnoff No. 21";"Smirnoff No. 21";"0";"309.9";"0.7";"442.71";"Vodka";"Glass";"37.5";"1.1805714"
"Vinmonopolet";"1203302";"Smirnoff No. 21";"Smirnoff No. 21";"0";"169.9";"0.35";"485.43";"Vodka";"Glass";"37.5";"1.2944762"
"Vinmonopolet";"1204202";"Upper Ten";"Upper Ten";"0";"279.9";"0.5";"559.8";"Whisky";"Plast";"40";"1.3995"
"Vinmonopolet";"1204701";"Concorde";"Concorde";"0";"319.9";"0.7";"457";"Grape spirit";"Glass";"36";"1.2694445"
"Vinmonopolet";"1204802";"Concorde";"Concorde";"0";"247.9";"0.5";"495.8";"Grape spirit";"Plast";"36";"1.3772222"
"Vinmonopolet";"1204902";"St. Hallvard-likÃ¸r";"St. Hallvard-likÃ¸r";"0";"306.9";"0.5";"613.8";"LikÃ¸r";"Glass";"40";"1.5345"
"Vinmonopolet";"1204904";"St. Hallvard-likÃ¸r";"St. Hallvard-likÃ¸r";"0";"174.9";"0.2";"874.5";"LikÃ¸r";"Plast";"40";"2.18625"
"Vinmonopolet";"1205401";"La Frontera Amontillado Medium Dry";"La Frontera Amontillado Medium Dry";"0";"179.9";"0.75";"239.87";"Sherry";"Glass";"17.5";"1.3706666"
"Vinmonopolet";"1205608";"Underberg Bitter (3x2cl)";"Underberg Bitter (3x2cl)";"0";"89.9";"0.06";"1498.33";"Bitter	";"Ãvrig";"44";"3.4053032"
"Vinmonopolet";"1205906";"Bihn Liebfraumilch 2019";"Bihn Liebfraumilch";"2019";"319.9";"3";"106.63";"White wine";"Bag-in-box";"8.5";"1.2545098"
"Vinmonopolet";"1206001";"Baileys Original Irish Cream";"Baileys Original Irish Cream";"0";"334.9";"1";"334.9";"LikÃ¸r";"Glass";"17";"1.9699999"
"Vinmonopolet";"1206002";"Baileys Original Irish Cream";"Baileys Original Irish Cream";"0";"197.9";"0.5";"395.8";"LikÃ¸r";"Plast";"17";"2.3282351"
"Vinmonopolet";"1206003";"Baileys Original Irish Cream";"Baileys Original Irish Cream";"0";"29.9";"0.05";"598";"LikÃ¸r";"Plast";"17";"3.517647"
"Vinmonopolet";"1206701";"Lysholm Linie";"Lysholm Linie";"0";"429.9";"0.7";"614.14";"Aquavit";"Glass";"41.5";"1.4798623"
"Vinmonopolet";"1206702";"Lysholm Linie";"Lysholm Linie";"0";"319.9";"0.5";"639.8";"Aquavit";"Glass";"41.5";"1.5416868"
"Vinmonopolet";"1206703";"Lysholm Linie";"Lysholm Linie";"0";"69.9";"0.04";"1747.5";"Aquavit";"Glass";"41.5";"4.2108436"
"Vinmonopolet";"1206707";"Lysholm Linie";"Lysholm Linie";"0";"1724.9";"3";"574.97";"Aquavit";"Glass";"41.5";"1.3854619"
"Vinmonopolet";"1206801";"Smirnoff No. 21";"Smirnoff No. 21";"0";"439.9";"1";"439.9";"Vodka";"Glass";"37.5";"1.1730666"
"Vinmonopolet";"1206802";"Smirnoff No. 21";"Smirnoff No. 21";"0";"229.9";"0.5";"459.8";"Vodka";"Plast";"37.5";"1.2261333"
"Vinmonopolet";"1207201";"Bell's Original";"Bell's Original";"0";"479.9";"1";"479.9";"Whisky";"Glass";"40";"1.19975"
"Vinmonopolet";"1207301";"Gordon's Special London Dry Gin";"Gordon's Special London Dry Gin";"0";"459.9";"1";"459.9";"Gin";"Glass";"37.5";"1.2264"
"Vinmonopolet";"1207302";"Gordon's Special London Dry Gin";"Gordon's Special London Dry Gin";"0";"275.9";"0.5";"551.8";"Gin";"Plast";"37.5";"1.4714667"
"Vinmonopolet";"1207303";"Gordon's Special London Dry Gin";"Gordon's Special London Dry Gin";"0";"44.9";"0.05";"898";"Gin";"Plast";"37.5";"2.3946667"
"Vinmonopolet";"1207601";"Mezzacorona Pinot Grigio 2019";"Mezzacorona Pinot Grigio";"2019";"127.9";"0.75";"170.53";"White wine";"Glass";"12";"1.4211111"
"Vinmonopolet";"1208101";"Casetta Villa Bona Langhe Nebbiolo 2013";"Casetta Villa Bona Langhe Nebbiolo";"2013";"175.8";"0.75";"234.4";"RÃ¸dvin";"Glass";"13";"1.803077"
"Vinmonopolet";"1208201";"Biagi Ipnosi Montepulciano d Abruzzo 2007";"Biagi Ipnosi Montepulciano d Abruzzo";"2007";"241.7";"0.75";"322.27";"RÃ¸dvin";"Glass";"14";"2.3019047"
"Vinmonopolet";"1208501";"Biagi Retro Montepulciano d'Abruzzo 2012";"Biagi Retro Montepulciano d'Abruzzo";"2012";"170.9";"0.75";"227.87";"RÃ¸dvin";"Glass";"13.5";"1.6879011"
"Vinmonopolet";"1208601";"Pietro di Campo Bugia Barbaresco 2016";"Pietro di Campo Bugia Barbaresco";"2016";"219.9";"0.75";"293.2";"RÃ¸dvin";"Glass";"14";"2.0942857"
"Vinmonopolet";"1208701";"Pietro di Campo Silenzio Barbera 2018";"Pietro di Campo Silenzio Barbera";"2018";"134.9";"0.75";"179.87";"RÃ¸dvin";"Glass";"13";"1.3835896"
"Vinmonopolet";"1208801";"Pietro di Campo Scongiuro Barolo 2014";"Pietro di Campo Scongiuro Barolo";"2014";"274.9";"0.75";"366.53";"RÃ¸dvin";"Glass";"13.5";"2.7150617"
"Vinmonopolet";"1208901";"Arcus Malmsey Madeira 5 Years Old";"Arcus Malmsey Madeira 5 Years Old";"0";"229.9";"0.75";"306.53";"Madeira";"Glass";"18.5";"1.6569369"
"Vinmonopolet";"1208902";"Arcus Malmsey Madeira 5 Years Old";"Arcus Malmsey Madeira 5 Years Old";"0";"129.9";"0.38";"346.4";"Madeira";"Glass";"18.5";"1.8477951"
"Vinmonopolet";"1209901";"Campari Bitter";"Campari Bitter";"0";"319.9";"0.7";"457";"Bitter	";"Glass";"25";"1.828"
"Vinmonopolet";"1209902";"Campari Bitter";"Campari Bitter";"0";"239.9";"0.5";"479.8";"Bitter	";"Glass";"25";"1.9192"
"Vinmonopolet";"1210601";"Upper Ten";"Upper Ten";"0";"366.9";"0.7";"524.14";"Whisky";"Glass";"40";"1.3103571"
"Vinmonopolet";"1210602";"Upper Ten";"Upper Ten";"0";"214.9";"0.35";"614";"Whisky";"Glass";"40";"1.535"
"Vinmonopolet";"1212001";"Southern Comfort";"Southern Comfort";"0";"349.9";"0.7";"499.86";"LikÃ¸r";"Glass";"35";"1.4281633"
"Vinmonopolet";"1212002";"Southern Comfort";"Southern Comfort";"0";"199.9";"0.35";"571.14";"LikÃ¸r";"Glass";"35";"1.6318368"
"Vinmonopolet";"1212701";"Dry Sack";"Dry Sack";"0";"192.9";"0.75";"257.2";"Sherry";"Glass";"15";"1.7146666"
"Vinmonopolet";"1212702";"Dry Sack";"Dry Sack";"0";"114.9";"0.38";"306.4";"Sherry";"Glass";"15";"2.0157895"
"Vinmonopolet";"1213406";"Beso Del Sol Sangria";"Beso Del Sol Sangria";"0";"359.9";"3";"119.97";"Flavoured wine	";"Bag-in-box";"8.5";"1.4113725"
"Vinmonopolet";"1213501";"Ch. Ferran Entre-Deux-Mers Haut Benauge 2017";"Ch. Ferran Entre-Deux-Mers Haut Benauge";"2017";"213";"0.75";"284";"White wine";"Glass";"12";"2.3666666"
"Vinmonopolet";"1213601";"Ch. Ferran Entre-deux-Mers Haut Benauge 2018";"Ch. Ferran Entre-deux-Mers Haut Benauge";"2018";"179.9";"0.75";"239.87";"White wine";"Glass";"12";"1.9988889"
"Vinmonopolet";"1213701";"Ch. Ferran Bordeaux 2018";"Ch. Ferran Bordeaux";"2018";"185";"0.75";"246.67";"RÃ¸dvin";"Glass";"12.5";"1.9733334"
"Vinmonopolet";"1214801";"Brocard Grand Cru Les Clos 2016";"Brocard Grand Cru Les Clos";"2016";"659.9";"0.75";"879.87";"White wine";"Glass";"13";"6.768205"
"Vinmonopolet";"1215701";"Tia Maria";"Tia Maria";"0";"289.9";"0.7";"414.14";"LikÃ¸r";"Glass";"20";"2.0707142"
"Vinmonopolet";"1215702";"Tia Maria";"Tia Maria";"0";"164.9";"0.35";"471.14";"LikÃ¸r";"Glass";"20";"2.3557143"
"Vinmonopolet";"1216301";"Kahlua";"Kahlua";"0";"289.9";"0.7";"414.14";"LikÃ¸r";"Glass";"20";"2.0707142"
"Vinmonopolet";"1216302";"Kahlua";"Kahlua";"0";"209.9";"0.5";"419.8";"LikÃ¸r";"Glass";"20";"2.099"
"Vinmonopolet";"1217102";"Brennevin Seksti";"Brennevin Seksti";"0";"349.9";"0.5";"699.8";"Vodka";"Plast";"60";"1.1663333"
"Vinmonopolet";"1217604";"Original Bitter";"Original Bitter";"0";"143.9";"0.2";"719.5";"Bitter	";"Plast";"40";"1.7987499"
"Vinmonopolet";"1218001";"Louis Max Climats Pinot Noir Les Terres Froides";"Louis Max Climats Pinot Noir Les Terres Froides";"2019";"139.9";"0.75";"186.53";"RÃ¸dvin";"Glass";"13";"1.4348717"
"Vinmonopolet";"1218006";"Louis Max Climats Pinot Noir Les Terres Froides";"Louis Max Climats Pinot Noir Les Terres Froides";"2019";"469.9";"3";"156.63";"RÃ¸dvin";"Bag-in-box";"13";"1.2048718"
"Vinmonopolet";"1218601";"Bacardi LimÃ³n";"Bacardi LimÃ³n";"0";"316.9";"0.7";"452.71";"Other spirit";"Glass";"32";"1.4147321"
"Vinmonopolet";"1219301";"Antiche Terre Soave 2018";"Antiche Terre Soave";"2018";"165";"0.75";"220";"White wine";"Glass";"12.5";"1.76"
"Vinmonopolet";"1219401";"Eau de Vie V.S.O.P.";"Eau de Vie V.S.O.P.";"0";"314.9";"0.7";"449.86";"Grape spirit";"Glass";"38";"1.1838346"
"Vinmonopolet";"1219402";"Eau de Vie V.S.O.P.";"Eau de Vie V.S.O.P.";"0";"247.9";"0.5";"495.8";"Grape spirit";"Plast";"38";"1.3047369"
"Vinmonopolet";"1219501";"Antiche Terre Solo Passione 2017";"Antiche Terre Solo Passione";"2017";"185";"0.75";"246.67";"RÃ¸dvin";"Glass";"13.5";"1.8271605"
"Vinmonopolet";"1219902";"Samuel Smith Famous Taddy Porter";"Samuel Smith Famous Taddy Porter";"0";"45.9";"0.35";"129.3";"Porter and stout";"Glass";"5";"2.6228573"
"Vinmonopolet";"1222201";"J.P. Chenet Ice Edition";"J.P. Chenet Ice Edition";"2016";"119.9";"0.75";"159.87";"Sparkling wine";"Glass";"10.5";"1.5225397"
"Vinmonopolet";"1223402";"Cossart Gordon Verdelho 5 Years Old";"Cossart Gordon Verdelho 5 Years Old";"0";"134.9";"0.38";"359.73";"Madeira";"Glass";"19";"1.868421"
"Vinmonopolet";"1223502";"DestillatÃ¸rens Hvit CuraÃ§ao";"DestillatÃ¸rens Hvit CuraÃ§ao";"0";"289.9";"0.5";"579.8";"LikÃ¸r";"Glass";"36.5";"1.5884931"
"Vinmonopolet";"1223701";"LÃ¸itens Sommer Aquavit";"LÃ¸itens Sommer Aquavit";"0";"404.9";"0.7";"578.43";"Aquavit";"Glass";"38";"1.5221804"
"Vinmonopolet";"1223702";"LÃ¸itens Sommer Aquavit";"LÃ¸itens Sommer Aquavit";"0";"299.9";"0.5";"599.8";"Aquavit";"Plast";"38";"1.578421"
"Vinmonopolet";"1223802";"DestillatÃ¸rens SÃ¨ve d'Or";"DestillatÃ¸rens SÃ¨ve d'Or";"0";"329.9";"0.5";"659.8";"LikÃ¸r";"Glass";"40";"1.6495"
"Vinmonopolet";"1224301";"Allesverloren Tinta RosÃ© 2018";"Allesverloren Tinta RosÃ©";"2018";"139.9";"0.75";"186.53";"RosÃ©vin";"Glass";"13.5";"1.3817283"
"Vinmonopolet";"1224802";"Ringnes Extra Gold";"Ringnes Extra Gold";"0";"36.7";"0.33";"105.15";"Light lager";"Emballasje med pant";"6.3";"1.7652717"
"Vinmonopolet";"1226101";"Riffault Sancerre Skeveldra 2013";"Riffault Sancerre Skeveldra";"2013";"389.9";"0.75";"519.87";"White wine";"Glass";"13";"3.9989743"
"Vinmonopolet";"1226201";"Riffault Sancerre Auksinis 2015";"Riffault Sancerre Auksinis";"2015";"389.9";"0.75";"519.87";"White wine";"Glass";"13";"3.9989743"
"Vinmonopolet";"1226301";"Foradori Fontanasanta Manzoni Bianco 2018";"Foradori Fontanasanta Manzoni Bianco";"2018";"289.9";"0.75";"386.53";"White wine";"Glass";"12.5";"3.0922666"
"Vinmonopolet";"1226401";"Lagarde Altas Cumbres Malbec";"Lagarde Altas Cumbres Malbec";"2018";"179.9";"0.75";"239.87";"RÃ¸dvin";"Glass";"13.9";"1.7256595"
"Vinmonopolet";"1226607";"Delorme CrÃ©mant de Bourgogne Brut";"Delorme CrÃ©mant de Bourgogne Brut";"0";"1489.9";"3";"496.63";"Sparkling wine";"Glass";"12";"4.1386113"
"Vinmonopolet";"1226801";"Dom. de Mouscaillo Cremant de Limoux";"Dom. de Mouscaillo Cremant de Limoux";"0";"229";"0.75";"305.33";"Sparkling wine";"Glass";"12.5";"2.4426668"
"Vinmonopolet";"1227401";"Conde Valdemar Tempranillo Blanco 2019";"Conde Valdemar Tempranillo Blanco";"2019";"199.9";"0.75";"266.53";"White wine";"Glass";"13.5";"1.9743209"
"Vinmonopolet";"1229601";"K. Wechsler Westhofen Riesling Trocken 2018";"K. Wechsler Westhofen Riesling Trocken";"2018";"229.9";"0.75";"306.53";"White wine";"Glass";"12.5";"2.4522667"
"Vinmonopolet";"1230101";"Simers Taffel";"Simers Taffel";"0";"369.9";"0.7";"528.43";"Aquavit";"Glass";"41.5";"1.2733219"
"Vinmonopolet";"1230102";"Simers Taffel";"Simers Taffel";"0";"220.9";"0.35";"631.14";"Aquavit";"Glass";"41.5";"1.5208261"
"Vinmonopolet";"1230201";"Gilde Juleaquavit 2019";"Gilde Juleaquavit";"2019";"389.9";"0.7";"557";"Aquavit";"Glass";"40";"1.3925"
"Vinmonopolet";"1230301";"Gammel Opland";"Gammel Opland";"0";"449.9";"0.7";"642.71";"Aquavit";"Glass";"41.5";"1.5487092"
"Vinmonopolet";"1230302";"Gammel Opland";"Gammel Opland";"0";"269.9";"0.35";"771.14";"Aquavit";"Glass";"41.5";"1.8581755"
"Vinmonopolet";"1230303";"Gammel Opland";"Gammel Opland";"0";"64.9";"0.05";"1298";"Aquavit";"Glass";"41.5";"3.1277108"
"Vinmonopolet";"1230307";"Gammel Opland";"Gammel Opland";"0";"1899";"3";"633";"Aquavit";"Glass";"41.5";"1.5253012"
"Vinmonopolet";"1230401";"Gammel Reserve";"Gammel Reserve";"0";"426.9";"0.7";"609.86";"Aquavit";"Glass";"41.5";"1.4695352"
"Vinmonopolet";"1230402";"Gammel Reserve";"Gammel Reserve";"0";"254.9";"0.35";"728.29";"Aquavit";"Glass";"41.5";"1.7549053"
"Vinmonopolet";"1230701";"Fernet Branca";"Fernet Branca";"0";"569.9";"1";"569.9";"Bitter	";"Glass";"39";"1.4612821"
"Vinmonopolet";"1230702";"Fernet Branca";"Fernet Branca";"0";"304.9";"0.5";"609.8";"Bitter	";"Glass";"39";"1.5635897"
"Vinmonopolet";"1230707";"Fernet Branca";"Fernet Branca";"0";"1699.9";"3";"566.63";"Bitter	";"Glass";"39";"1.452906"
"Vinmonopolet";"1231502";"Strongbow Original";"Strongbow Original";"0";"39.9";"0.33";"120.91";"Cider";"Glass";"5";"2.418182"
"Vinmonopolet";"1231601";"Geil Riesling Trocken 2018";"Geil Riesling Trocken";"2018";"169";"0.75";"225.33";"White wine";"Glass";"12";"1.8777778"
"Vinmonopolet";"1231701";"Geil Bechtheimer S Riesling Trocken 2018";"Geil Bechtheimer S Riesling Trocken";"2018";"189";"0.75";"252";"White wine";"Glass";"12.5";"2.016"
"Vinmonopolet";"1231801";"Geil Bechtheimer Geyersberg Riesling Trocken 2018";"Geil Bechtheimer Geyersberg Riesling Trocken";"2018";"279";"0.75";"372";"White wine";"Glass";"13";"2.8615384"
"Vinmonopolet";"1231901";"Geil Bechtheimer Hasensprung Riesling Trocken 2017";"Geil Bechtheimer Hasensprung Riesling Trocken";"2017";"289";"0.75";"385.33";"White wine";"Glass";"12.5";"3.0826666"
"Vinmonopolet";"1232001";"Geil Bechtheimer Riesling SpÃ¤tlese Feinherb 2018";"Geil Bechtheimer Riesling SpÃ¤tlese Feinherb";"2018";"189";"0.75";"252";"White wine";"Glass";"12";"2.1"
"Vinmonopolet";"1241101";"Bassermann-Jordan Sauvignon Blanc Trocken 2019";"Bassermann-Jordan Sauvignon Blanc Trocken";"2019";"209.9";"0.75";"279.87";"White wine";"Glass";"12";"2.3322222"
"Vinmonopolet";"1241201";"Espelt Quinze roures 2016";"Espelt Quinze roures";"2016";"164.9";"0.75";"219.87";"White wine";"Glass";"13";"1.691282"
"Vinmonopolet";"1242001";"MarquÃ©s de CÃ¡ceres Verdejo 2019";"MarquÃ©s de CÃ¡ceres Verdejo";"2019";"135";"0.75";"180";"White wine";"Glass";"13.5";"1.3333334"
"Vinmonopolet";"1242005";"MarquÃ©s de CÃ¡ceres Verdejo 2018";"MarquÃ©s de CÃ¡ceres Verdejo";"2018";"269.9";"1.5";"179.93";"White wine";"Glass";"13.5";"1.3328395"
"Vinmonopolet";"1242601";"Paolo Leo Orfeo Negroamaro 2016";"Paolo Leo Orfeo Negroamaro";"2016";"184.9";"0.75";"246.53";"RÃ¸dvin";"Glass";"14.5";"1.7002299"
"Vinmonopolet";"1243401";"Ch. de Pez 2011";"Ch. de Pez";"2011";"349.9";"0.75";"466.53";"RÃ¸dvin";"Glass";"14";"3.332381"
"Vinmonopolet";"1243501";"Nederburg The Brew Master 2016";"Nederburg The Brew Master";"2016";"219.9";"0.75";"293.2";"RÃ¸dvin";"Glass";"14.5";"2.022069"
"Vinmonopolet";"1243701";"Nederburg The Young Airhawk Sauvignon Blanc 2016";"Nederburg The Young Airhawk Sauvignon Blanc";"2016";"197.9";"0.75";"263.87";"White wine";"Glass";"13";"2.0297434"
"Vinmonopolet";"1248802";"BÃ¥din RensÃ¥sen Mosaic Pale Ale";"BÃ¥din RensÃ¥sen Mosaic Pale Ale";"0";"58.9";"0.33";"178.49";"Pale ale";"Glass";"5.5";"3.245179"
"Vinmonopolet";"1248902";"BÃ¥din Mjelle Wit";"BÃ¥din Mjelle Wit";"0";"58.9";"0.33";"178.49";"HveteÃ¸l";"Glass";"5.2";"3.432401"
"Vinmonopolet";"1249901";"Dom. Marc Morey et Fils Bourgogne 2016";"Dom. Marc Morey et Fils Bourgogne";"2016";"384.9";"0.75";"513.2";"White wine";"Glass";"13";"3.9476922"
"Vinmonopolet";"1250001";"Dom. Marc Morey et Fils Chassagne-Montrachet 1er Cru En Virondot 2017";"Dom. Marc Morey et Fils Chassagne-Montrachet 1er Cru En Virondot";"2017";"914.9";"0.75";"1219.87";"White wine";"Glass";"13.5";"9.03605"
"Vinmonopolet";"1250101";"Dom. Marc Morey et Fils Chassagne-Montrachet 1er Cru Les Chenevottes 2017";"Dom. Marc Morey et Fils Chassagne-Montrachet 1er Cru Les Chenevottes";"2017";"944.9";"0.75";"1259.87";"White wine";"Glass";"13.5";"9.332346"
"Vinmonopolet";"1250201";"Dom. Marc Morey et Fils Chassagne-Montrachet 1er Cru Les Vergers 2017";"Dom. Marc Morey et Fils Chassagne-Montrachet 1er Cru Les Vergers";"2017";"944.9";"0.75";"1259.87";"White wine";"Glass";"13.5";"9.332346"
"Vinmonopolet";"1250301";"Dom. Marc Morey et Fils Puligny-Montrachet 1er Cru Les Pucelles 2017";"Dom. Marc Morey et Fils Puligny-Montrachet 1er Cru Les Pucelles";"2017";"1294.9";"0.75";"1726.53";"White wine";"Glass";"13.5";"12.789136"
"Vinmonopolet";"1250401";"Dom. Marc Morey et Fils Puligny-Montrachet 1er Cru Les Referts 2017";"Dom. Marc Morey et Fils Puligny-Montrachet 1er Cru Les Referts";"2017";"1044.9";"0.75";"1393.2";"White wine";"Glass";"13.5";"10.320001"
"Vinmonopolet";"1250601";"Hudelot-Noellat Clos de Vougeot Grand Cru";"Hudelot-Noellat Clos de Vougeot Grand Cru";"2017";"2219.9";"0.75";"2959.87";"RÃ¸dvin";"Glass";"14";"21.141903"
"Vinmonopolet";"1251101";"Hudelot-Noellat Nuits-St.-Georges 1er Cru Les Murgers 2016";"Hudelot-Noellat Nuits-St.-Georges 1er Cru Les Murgers";"2016";"1119.9";"0.75";"1493.2";"RÃ¸dvin";"Glass";"13.5";"11.060741"
"Vinmonopolet";"1252001";"Gustavshof Kalkstein Riesling Trocken 2018";"Gustavshof Kalkstein Riesling Trocken";"2018";"189.9";"0.75";"253.2";"White wine";"Glass";"11.5";"2.201739"
"Vinmonopolet";"1252501";"LuÃ­s Pato Informal 2014";"LuÃ­s Pato Informal";"2014";"199.9";"0.75";"266.53";"Sparkling wine";"Glass";"12.5";"2.1322665"
"Vinmonopolet";"1252701";"Luis Pato Baga Natural 2018";"Luis Pato Baga Natural";"2018";"219.9";"0.75";"293.2";"RÃ¸dvin";"Glass";"12";"2.4433331"
"Vinmonopolet";"1253201";"Colombo Crozes Hermitage Les FÃ©es Brunes 2017";"Colombo Crozes Hermitage Les FÃ©es Brunes";"2017";"279";"0.75";"372";"RÃ¸dvin";"Glass";"13";"2.8615384"
"Vinmonopolet";"1254201";"Logan Weemala Pinot Gris 2013";"Logan Weemala Pinot Gris";"2013";"219.8";"0.75";"293.07";"White wine";"Glass";"13.5";"2.1708643"
"Vinmonopolet";"1254901";"Anne Gros et Jean-Paul Tollot La 50-50 2018";"Anne Gros et Jean-Paul Tollot La 50-50";"2018";"228";"0.75";"304";"RÃ¸dvin";"Glass";"14.5";"2.0965517"
"Vinmonopolet";"1255101";"Ostertag Muenchberg Grand Cru Riesling 2017";"Ostertag Muenchberg Grand Cru Riesling";"2017";"448";"0.75";"597.33";"White wine";"Glass";"13.5";"4.424691"
"Vinmonopolet";"1257501";"Muzard Santenay Premier Cru Clos des Tavannes 2011";"Muzard Santenay Premier Cru Clos des Tavannes";"2011";"421.9";"0.75";"562.53";"RÃ¸dvin";"Glass";"13.5";"4.1669135"
"Vinmonopolet";"1257601";"Graillot Crozes-Hermitage La Guiraude 2016";"Graillot Crozes-Hermitage La Guiraude";"2016";"429.9";"0.75";"573.2";"RÃ¸dvin";"Glass";"13";"4.4092307"
"Vinmonopolet";"1258701";"Scallywag Speyside Blended Malt";"Scallywag Speyside Blended Malt";"0";"599.9";"0.7";"857";"Whisky";"Glass";"46";"1.8630435"
"Vinmonopolet";"1258703";"Scallywag Speyside Blended Malt";"Scallywag Speyside Blended Malt";"0";"78";"0.05";"1560";"Whisky";"Glass";"46";"3.3913043"
"Vinmonopolet";"1262701";"Rotari RosÃ© Brut 2012";"Rotari RosÃ© Brut";"2012";"179.9";"0.75";"239.87";"Musserende vin, rosÃ©";"Glass";"12.5";"1.9189333"
"Vinmonopolet";"1262801";"Rotari Riserva Brut 2014";"Rotari Riserva Brut";"2014";"179.9";"0.75";"239.87";"Sparkling wine";"Glass";"12.5";"1.9189333"
"Vinmonopolet";"1262805";"Rotari Riserva Brut 2015";"Rotari Riserva Brut";"2015";"399.9";"1.5";"266.6";"Sparkling wine";"Glass";"12.5";"2.1327999"
"Vinmonopolet";"1264401";"Gaia Thalassitis Oak Fermented 2016";"Gaia Thalassitis Oak Fermented";"2016";"299.9";"0.75";"399.87";"White wine";"Glass";"13";"3.0758975"
"Vinmonopolet";"1264601";"Gaia 14-18h Agiorgitiko RosÃ© 2017";"Gaia 14-18h Agiorgitiko RosÃ©";"2017";"179.9";"0.75";"239.87";"RosÃ©vin";"Glass";"13";"1.8451282"
"Vinmonopolet";"1265301";"Giovanni Rosso Langhe Nebbiolo 2015";"Giovanni Rosso Langhe Nebbiolo";"2015";"275";"0.75";"366.67";"RÃ¸dvin";"Glass";"13";"2.8205128"
"Vinmonopolet";"1265901";"Dopff au Moulin Riesling 2017";"Dopff au Moulin Riesling";"2017";"209";"0.75";"278.67";"White wine";"Glass";"12.5";"2.2293334"
"Vinmonopolet";"1266001";"Charles Dufour Bulles de Comptoir";"Charles Dufour Bulles de Comptoir";"0";"429";"0.75";"572";"Champagne extra brut";"Glass";"12";"4.766667"
"Vinmonopolet";"1266101";"Dopff au Moulin Pinot Gris Reserve 2017";"Dopff au Moulin Pinot Gris Reserve";"2017";"229";"0.75";"305.33";"White wine";"Glass";"13.5";"2.2617283"
"Vinmonopolet";"1266601";"Molino Dolcetto d'Alba le Querce 2018";"Molino Dolcetto d'Alba le Querce";"2018";"165.1";"0.75";"220.13";"RÃ¸dvin";"Glass";"13.5";"1.6306174"
"Vinmonopolet";"1266701";"Pasqua Romeo and Juliet s wall Passimento 2017";"Pasqua Romeo and Juliet s wall Passimento";"2017";"159.9";"0.75";"213.2";"RÃ¸dvin";"Glass";"14";"1.5228571"
"Vinmonopolet";"1267101";"Molino Barbera d'Asti Loreto 2017";"Molino Barbera d'Asti Loreto";"2017";"166.4";"0.75";"221.87";"RÃ¸dvin";"Glass";"14.5";"1.5301149"
"Vinmonopolet";"1267301";"Molino Langhe Arneis Sibilla 2016";"Molino Langhe Arneis Sibilla";"2016";"152.3";"0.75";"203.07";"White wine";"Glass";"14";"1.4504762"
"Vinmonopolet";"1268301";"Molino Barbaresco Ausario 2013";"Molino Barbaresco Ausario";"2013";"429.3";"0.75";"572.4";"RÃ¸dvin";"Glass";"14.5";"3.947586"
"Vinmonopolet";"1270601";"Seifried Nelson Riesling";"Seifried Nelson Riesling";"2015";"219.9";"0.75";"293.2";"White wine";"Glass";"13";"2.2553844"
"Vinmonopolet";"1270901";"Fram Chardonnay 2019";"Fram Chardonnay";"2019";"174.9";"0.75";"233.2";"White wine";"Glass";"13";"1.7938461"
"Vinmonopolet";"1271301";"Smak Brut by Eric Legrand";"Smak Brut by Eric Legrand";"0";"299.9";"0.75";"399.87";"Champagne, brut";"Glass";"12";"3.3322222"
"Vinmonopolet";"1271401";"Churchill's Vintage Port 2011";"Churchill's Vintage Port";"2011";"649.9";"0.75";"866.53";"Port wine";"Glass";"20";"4.332667"
"Vinmonopolet";"1272001";"Cono Sur Sparkling Brut";"Cono Sur Sparkling Brut";"0";"179.9";"0.75";"239.87";"Sparkling wine";"Glass";"12.5";"1.9189333"
"Vinmonopolet";"1274606";"Riondo Castelforte Rosato 2019";"Riondo Castelforte Rosato";"2019";"378.8";"3";"126.27";"RosÃ©vin";"Bag-in-box";"12";"1.0522221"
"Vinmonopolet";"1275001";"Noble Vines 242 Sauvignon Blanc 2017";"Noble Vines 242 Sauvignon Blanc";"2017";"179.9";"0.75";"239.87";"White wine";"Glass";"13.5";"1.77679"
"Vinmonopolet";"1276101";"Boschendal Chardonnay Pinot Noir Brut";"Boschendal Chardonnay Pinot Noir Brut";"0";"159.9";"0.75";"213.2";"Sparkling wine";"Glass";"12.5";"1.7055999"
"Vinmonopolet";"1276701";"Dom. Testut Chablis Premier Cru Vaillons 2016";"Dom. Testut Chablis Premier Cru Vaillons";"2016";"299.8";"0.75";"399.73";"White wine";"Glass";"13";"3.0748718"
"Vinmonopolet";"1276901";"Manuel Olivier Bourgogne Pinot Noir 2018";"Manuel Olivier Bourgogne Pinot Noir";"2018";"215";"0.75";"286.67";"RÃ¸dvin";"Glass";"12.5";"2.2933333"
"Vinmonopolet";"1277101";"Teresa Rizzi Prosecco Brut 2013";"Teresa Rizzi Prosecco Brut";"2013";"162.9";"0.75";"217.2";"Sparkling wine";"Glass";"11";"1.9745454"
"Vinmonopolet";"1277104";"Teresa Rizzi Prosecco Brut";"Teresa Rizzi Prosecco Brut";"0";"61.5";"0.2";"307.5";"Sparkling wine";"Glass";"11";"2.7954545"
"Vinmonopolet";"1277201";"Robertson Chenin Blanc 2019";"Robertson Chenin Blanc";"2019";"114.9";"0.75";"153.2";"White wine";"Glass";"13";"1.1784616"
"Vinmonopolet";"1277206";"Robertson Chenin Blanc 2017";"Robertson Chenin Blanc";"2017";"409.9";"3";"136.63";"White wine";"Bag-in-box";"12.5";"1.0930667"
"Vinmonopolet";"1279002";"Riga Black Balsam Currant";"Riga Black Balsam Currant";"0";"274.9";"0.5";"549.8";"LikÃ¸r";"Glass";"30";"1.8326666"
"Vinmonopolet";"1279202";"Lustau Almacenista Fino del Puerto";"Lustau Almacenista Fino del Puerto";"0";"209.9";"0.5";"419.8";"Sherry";"Glass";"15";"2.7986665"
"Vinmonopolet";"1279401";"Castellare di Castellina I Sodi di S. Niccolo 2015";"Castellare di Castellina I Sodi di S. Niccolo";"2015";"648.7";"0.75";"864.93";"RÃ¸dvin";"Glass";"13.5";"6.4069138"
"Vinmonopolet";"1279405";"Castellare di Castellina I Sodi di S. Niccolo 2014";"Castellare di Castellina I Sodi di S. Niccolo";"2014";"1379.5";"1.5";"919.67";"RÃ¸dvin";"Glass";"13.5";"6.8123455"
"Vinmonopolet";"1279801";"Mionetto Treviso Prosecco Brut";"Mionetto Treviso Prosecco Brut";"0";"144.9";"0.75";"193.2";"Sparkling wine";"Glass";"12.5";"1.5455999"
"Vinmonopolet";"1279805";"Mionetto Treviso Prosecco Brut";"Mionetto Treviso Prosecco Brut";"0";"319.9";"1.5";"213.27";"Sparkling wine";"Glass";"11";"1.9387878"
"Vinmonopolet";"1279807";"Mionetto Treviso Prosecco Brut";"Mionetto Treviso Prosecco Brut";"0";"799.9";"3";"266.63";"Sparkling wine";"Glass";"11";"2.4239395"
"Vinmonopolet";"1279901";"Mionetto RosÃ© Extra Dry";"Mionetto RosÃ© Extra Dry";"0";"129.9";"0.75";"173.2";"Musserende vin, rosÃ©";"Glass";"11.5";"1.5060868"
"Vinmonopolet";"1280801";"Nicolis Seccal Valpolicella Classico Superiore Ripasso";"Nicolis Seccal Valpolicella Classico Superiore Ripasso";"0";"269.2";"0.75";"358.93";"RÃ¸dvin";"Glass";"13.5";"2.6587656"
"Vinmonopolet";"1281201";"False Bay Windswept Sauvignon Blanc 2018";"False Bay Windswept Sauvignon Blanc";"2018";"139.9";"0.75";"186.53";"White wine";"Glass";"13.5";"1.3817283"
"Vinmonopolet";"1281401";"False Bay Shiraz 2018";"False Bay Shiraz";"2018";"139.9";"0.75";"186.53";"RÃ¸dvin";"Glass";"14.5";"1.2864367"
"Vinmonopolet";"1281501";"Waterkloof Circle of Life White 2016";"Waterkloof Circle of Life White";"2016";"269.9";"0.75";"359.87";"White wine";"Glass";"13";"2.7682052"
"Vinmonopolet";"1281601";"Waterkloof Circle of Life Red 2010";"Waterkloof Circle of Life Red";"2010";"279.9";"0.75";"373.2";"RÃ¸dvin";"Glass";"14.5";"2.573793"
"Vinmonopolet";"1281701";"Cleto Chiarli Lambrusco Grasparossa di Castelverto Frizzante";"Cleto Chiarli Lambrusco Grasparossa di Castelverto Frizzante";"2017";"139";"0.75";"185.33";"Perlende vin, rÃ¸d";"Glass";"8";"2.3166666"
"Vinmonopolet";"1281801";"Diane de Belgrave 2012";"Diane de Belgrave";"2012";"296";"0.75";"394.67";"RÃ¸dvin";"Glass";"12.5";"3.1573334"
"Vinmonopolet";"1281901";"Dourthe No 1 Sauvignon Blanc 2018";"Dourthe No 1 Sauvignon Blanc";"2018";"179";"0.75";"238.67";"White wine";"Glass";"12.5";"1.9093333"
"Vinmonopolet";"1282001";"Bouchard Bourgogne Chardonnay RÃ©serve 2018";"Bouchard Bourgogne Chardonnay RÃ©serve";"2018";"249.9";"0.75";"333.2";"White wine";"Glass";"12.5";"2.6655998"
"Vinmonopolet";"1282201";"Delorme CrÃ©mant de Bourgogne RosÃ© Brut";"Delorme CrÃ©mant de Bourgogne RosÃ© Brut";"0";"179.9";"0.75";"239.87";"Musserende vin, rosÃ©";"Glass";"12";"1.9988889"
"Vinmonopolet";"1284001";"Duplessis Chablis Premier Cru Vaugiraut 2018";"Duplessis Chablis Premier Cru Vaugiraut";"2018";"409.9";"0.75";"546.53";"White wine";"Glass";"13";"4.2041025"
"Vinmonopolet";"1284105";"Duplessis Chablis Premier Cru MontÃ©e de Tonnerre";"Duplessis Chablis Premier Cru MontÃ©e de Tonnerre";"2017";"880.5";"1.5";"587";"White wine";"Glass";"12.5";"4.696"
"Vinmonopolet";"1284301";"Aberlour 12 YO";"Aberlour 12 YO";"0";"519.9";"0.7";"742.71";"Whisky";"Glass";"40";"1.8567858"
"Vinmonopolet";"1284501";"Ratzenberger Steeger St. Jost Riesling Trocken 2014";"Ratzenberger Steeger St. Jost Riesling Trocken";"2014";"224.9";"0.75";"299.87";"White wine";"Glass";"11.5";"2.607536"
"Vinmonopolet";"1284601";"Dr. Crusius Traiser Riesling Trocken 2017";"Dr. Crusius Traiser Riesling Trocken";"2017";"198";"0.75";"264";"White wine";"Glass";"13";"2.0307693"
"Vinmonopolet";"1284701";"Chavy-Chouet Meursault Clos des CorvÃ©es de Citeau 2018";"Chavy-Chouet Meursault Clos des CorvÃ©es de Citeau";"2018";"475";"0.75";"633.33";"White wine";"Glass";"13";"4.8717947"
"Vinmonopolet";"1284802";"Fuller's Golden Pride";"Fuller's Golden Pride";"0";"70.3";"0.5";"140.6";"Brown ale";"Glass";"8.5";"1.6541177"
"Vinmonopolet";"1284901";"Ron Cubay Carta Blanca";"Ron Cubay Carta Blanca";"0";"360";"0.7";"514.29";"Rum";"Glass";"38";"1.3533835"
"Vinmonopolet";"1285701";"Charles Mignon Brut RosÃ© Premier Cru";"Charles Mignon Brut RosÃ© Premier Cru";"0";"329.9";"0.75";"439.87";"Champagne, rosÃ©";"Glass";"12";"3.6655555"
"Vinmonopolet";"1286802";"Grythyttan Multe 2017";"Grythyttan Multe";"2017";"239.9";"0.5";"479.8";"Fruit wine";"Glass";"12.5";"3.8384"
"Vinmonopolet";"1288001";"Fanny Sabre MonthÃ©lie 2017";"Fanny Sabre MonthÃ©lie";"2017";"459.9";"0.75";"613.2";"RÃ¸dvin";"Glass";"12.5";"4.9056"
"Vinmonopolet";"1288401";"Hudelot-Noellat Bourgogne Pinot Noir 2017";"Hudelot-Noellat Bourgogne Pinot Noir";"2017";"409.9";"0.75";"546.53";"RÃ¸dvin";"Glass";"12";"4.5544443"
"Vinmonopolet";"1288501";"Cavicchioli 1928 Prosecco Extra Dry";"Cavicchioli  Prosecco Extra Dry";"0";"134.9";"0.75";"179.87";"Sparkling wine";"Glass";"11";"1.6351514"
"Vinmonopolet";"1288601";"Roblin Origine Sancerre RosÃ© 2019";"Roblin Origine Sancerre RosÃ©";"2019";"224.9";"0.75";"299.87";"RosÃ©vin";"Glass";"13.5";"2.2212346"
"Vinmonopolet";"1289701";"Mosse Arena SavenniÃ¨res 2018";"Mosse Arena SavenniÃ¨res";"2018";"449.9";"0.75";"599.87";"White wine";"Glass";"13.5";"4.4434566"
"Vinmonopolet";"1289801";"Mosse Le Rouchefer 2017";"Mosse Le Rouchefer";"2017";"409.9";"0.75";"546.53";"White wine";"Glass";"13.5";"4.048395"
"Vinmonopolet";"1290601";"DrÃ¡gora Tinto 2018";"DrÃ¡gora Tinto";"2018";"134.9";"0.75";"179.87";"RÃ¸dvin";"Glass";"12.5";"1.4389333"
"Vinmonopolet";"1290701";"Clos du Jaugeuyron Margaux 2016";"Clos du Jaugeuyron Margaux";"2016";"769.9";"0.75";"1026.53";"RÃ¸dvin";"Glass";"12.5";"8.212267"
"Vinmonopolet";"1291101";"Castelforte Bardolino Chiaretto 2013";"Castelforte Bardolino Chiaretto";"2013";"170.9";"0.75";"227.87";"RosÃ©vin";"Glass";"11.5";"1.9814492"
"Vinmonopolet";"1291202";"Huyghe Delirium Nocturnum";"Huyghe Delirium Nocturnum";"0";"75.9";"0.33";"230";"Red/amber";"Glass";"8.5";"2.7058823"
"Vinmonopolet";"1291302";"Huyghe Delirium Red";"Huyghe Delirium Red";"0";"75.9";"0.33";"230";"Special";"Glass";"8";"2.875"
"Vinmonopolet";"1291501";"Balmenach Caorunn Small Batch Scottish Gin";"Balmenach Caorunn Small Batch Scottish Gin";"0";"609.9";"0.7";"871.29";"Gin";"Glass";"41.8";"2.0844157"
"Vinmonopolet";"1291801";"A. Margaine RosÃ© Brut";"A. Margaine RosÃ© Brut";"0";"480";"0.75";"640";"Champagne, rosÃ©";"Glass";"12";"5.3333335"
"Vinmonopolet";"1292601";"Legras CuvÃ©e Hommage Grand Cru Brut";"Legras CuvÃ©e Hommage Grand Cru Brut";"0";"799.9";"0.75";"1066.53";"Champagne, brut";"Glass";"12";"8.887778"
"Vinmonopolet";"1292801";"Von Buhl Forster KirchenstÃ¼ck Riesling GG 2017";"Von Buhl Forster KirchenstÃ¼ck Riesling GG";"2017";"1199.9";"0.75";"1599.87";"White wine";"Glass";"13";"12.306667"
"Vinmonopolet";"1293701";"Berne Inspiration 2019";"Berne Inspiration";"2019";"199.9";"0.75";"266.53";"RosÃ©vin";"Glass";"12.5";"2.1322665"
"Vinmonopolet";"1293801";"Grythyttan BjÃ¶rk 2014";"Grythyttan BjÃ¶rk";"2014";"293.9";"0.75";"391.87";"Fruit wine";"Glass";"14";"2.7990475"
"Vinmonopolet";"1294701";"Le Vigne Di Eli Etna Rosso Pignatuni 2011";"Le Vigne Di Eli Etna Rosso Pignatuni";"2011";"377.4";"0.75";"503.2";"RÃ¸dvin";"Glass";"14.5";"3.4703448"
"Vinmonopolet";"1295801";"Kalmuck Wachau 2018";"Kalmuck Wachau";"2018";"199.9";"0.75";"266.53";"White wine";"Glass";"12.5";"2.1322665"
"Vinmonopolet";"1295901";"Gritsch Axpoint GrÃ¼ner Veltliner Federspiel 2017";"Gritsch Axpoint GrÃ¼ner Veltliner Federspiel";"2017";"229.9";"0.75";"306.53";"White wine";"Glass";"12.5";"2.4522667"
"Vinmonopolet";"1296001";"Begude Pinot Noir 2017";"Begude Pinot Noir";"2017";"249";"0.75";"332";"RÃ¸dvin";"Glass";"13.5";"2.4592593"
"Vinmonopolet";"1296101";"Begude Le Bel Ange Chardonnay 2016";"Begude Le Bel Ange Chardonnay";"2016";"220";"0.75";"293.33";"White wine";"Glass";"13";"2.2564104"
"Vinmonopolet";"1296301";"Begude L`Etoile Chardonnay 2018";"Begude L`Etoile Chardonnay";"2018";"299";"0.75";"398.67";"White wine";"Glass";"13.5";"2.9530864"
"Vinmonopolet";"1298901";"Gruhier CrÃ©mant de Bourgogne RosÃ© Brut Extra";"Gruhier CrÃ©mant de Bourgogne RosÃ© Brut Extra";"2010";"99.6";"0.75";"132.8";"Musserende vin, rosÃ©";"Glass";"12";"1.1066667"
"Vinmonopolet";"1299601";"Noilly-Prat Original Dry";"Noilly-Prat Original Dry";"0";"254.9";"1";"254.9";"Vermouth";"Glass";"18";"1.4161111"
"Vinmonopolet";"1299701";"Arctic Distilled Gin";"Arctic Distilled Gin";"0";"299.9";"0.7";"428.43";"Gin";"Glass";"37.5";"1.1424762"
"Vinmonopolet";"1299702";"Arctic Distilled Gin";"Arctic Distilled Gin";"0";"219.9";"0.5";"439.8";"Gin";"Plast";"37.5";"1.1728"
"Vinmonopolet";"1300001";"Wagner-Stempel Siefersheimer Weissburgunder Trocken 2015";"Wagner-Stempel Siefersheimer Weissburgunder Trocken";"2015";"252";"0.75";"336";"White wine";"Glass";"13";"2.5846155"
"Vinmonopolet";"1300301";"MarquÃ©s de Vitoria Reserva 2014";"MarquÃ©s de Vitoria Reserva";"2014";"189.9";"0.75";"253.2";"RÃ¸dvin";"Glass";"14";"1.8085713"
"Vinmonopolet";"1303001";"MarquÃ©s de Monistrol Reserva Privada 2015";"MarquÃ©s de Monistrol Reserva Privada";"2015";"124.9";"0.75";"166.53";"RÃ¸dvin";"Glass";"13";"1.2810256"
"Vinmonopolet";"1303101";"Rioja Vega Crianza 2016";"Rioja Vega Crianza";"2016";"137.9";"0.75";"183.87";"RÃ¸dvin";"Glass";"13.5";"1.3619752"
"Vinmonopolet";"1305701";"Plymouth Dry Gin";"Plymouth Dry Gin";"0";"529.9";"0.7";"757";"Gin";"Glass";"41.2";"1.8373787"
"Vinmonopolet";"1312401";"Tsantali Retsina";"Tsantali Retsina";"0";"119.9";"0.75";"159.87";"White wine";"Glass";"11";"1.4533334"
"Vinmonopolet";"1320301";"Simers Oslo Aquavit";"Simers Oslo Aquavit";"0";"539.9";"0.7";"771.29";"Aquavit";"Glass";"41.5";"1.8585199"
"Vinmonopolet";"1322701";"Quinta do Noval Silval Vintage 1997";"Quinta do Noval Silval Vintage";"1997";"389.9";"0.75";"519.87";"Port wine";"Glass";"20";"2.5993333"
"Vinmonopolet";"1323901";"Jean Fillioux Expert Collection Grande Champagne";"Jean Fillioux Expert Collection Grande Champagne";"0";"1050";"0.7";"1500";"Grape spirit";"Glass";"44";"3.409091"
"Vinmonopolet";"1326401";"Grand' Arte Alicante Bouschet 2014";"Grand' Arte Alicante Bouschet";"2014";"139.9";"0.75";"186.53";"RÃ¸dvin";"Glass";"13.5";"1.3817283"
"Vinmonopolet";"1327802";"Samuel Smith Imperial Stout";"Samuel Smith Imperial Stout";"0";"54.9";"0.35";"154.65";"Porter and stout";"Glass";"7";"2.2408164"
"Vinmonopolet";"1328601";"ViÃ±a Mayor Reserva 2015";"ViÃ±a Mayor Reserva";"2015";"179.6";"0.75";"239.47";"RÃ¸dvin";"Glass";"14.5";"1.6514943"
"Vinmonopolet";"1329801";"Clos de Torribas Tempranillo Reserva 2013";"Clos de Torribas Tempranillo Reserva";"2013";"162";"0.75";"216";"RÃ¸dvin";"Glass";"13.5";"1.6"
"Vinmonopolet";"1330801";"Yachting PiÃ±a Colada";"Yachting PiÃ±a Colada";"0";"199";"0.7";"284.29";"Other spirit";"Glass";"17";"1.672269"
"Vinmonopolet";"1334101";"Graham's Vintage Port 2000";"Graham's Vintage Port";"2000";"1099";"0.75";"1465.33";"Port wine";"Glass";"20";"7.326667"
"Vinmonopolet";"1334901";"Dworek Vodka";"Dworek Vodka";"0";"295.9";"0.7";"422.71";"Vodka";"Glass";"37.5";"1.127238"
"Vinmonopolet";"1334902";"Dworek Vodka";"Dworek Vodka";"0";"216.9";"0.5";"433.8";"Vodka";"Plast";"37.5";"1.1567999"
"Vinmonopolet";"1336802";"NÃ¸gne Ã India Pale Ale";"NÃ¸gne Ã India Pale Ale";"0";"69.9";"0.5";"139.8";"India pale ale";"Glass";"7.5";"1.8640001"
"Vinmonopolet";"1336902";"NÃ¸gne Ã Porter";"NÃ¸gne Ã Porter";"0";"62.3";"0.5";"124.6";"Porter and stout";"Glass";"7";"1.78"
"Vinmonopolet";"1337502";"Kalinka Vodka";"Kalinka Vodka";"0";"211.9";"0.5";"423.8";"Vodka";"Plast";"37.5";"1.1301333"
"Vinmonopolet";"1338701";"Allram Hasel Alte Reben GrÃ¼ner Veltliner 2018";"Allram Hasel Alte Reben GrÃ¼ner Veltliner";"2018";"159.9";"0.75";"213.2";"White wine";"Glass";"12.5";"1.7055999"
"Vinmonopolet";"1339701";"Glen Moray Single Malt 8 YO";"Glen Moray Single Malt 8 YO";"0";"409.9";"0.7";"585.57";"Whisky";"Glass";"40";"1.4639286"
"Vinmonopolet";"1340301";"LÃ©once Bocquet CrÃ©mant de Bourgogne Brut RosÃ©";"LÃ©once Bocquet CrÃ©mant de Bourgogne Brut RosÃ©";"0";"154.9";"0.75";"206.53";"Musserende vin, rosÃ©";"Glass";"12";"1.721111"
"Vinmonopolet";"1341001";"Roche de Bellene Puligny-Montrachet Vieilles Vignes 2018";"Roche de Bellene Puligny-Montrachet Vieilles Vignes";"2018";"569.9";"0.75";"759.87";"White wine";"Glass";"13";"5.8451285"
"Vinmonopolet";"1341701";"Battenfeld-Spanier GrÃ¼ner Sylvaner Trocken 2018";"Battenfeld-Spanier GrÃ¼ner Sylvaner Trocken";"2018";"176";"0.75";"234.67";"White wine";"Glass";"12";"1.9555556"
"Vinmonopolet";"1341801";"Battenfeld-Spanier Hohen-SÃ¼lzen Riesling 2019";"Battenfeld-Spanier Hohen-SÃ¼lzen Riesling";"2019";"219.9";"0.75";"293.2";"White wine";"Glass";"12.5";"2.3456"
"Vinmonopolet";"1342001";"KÃ¼hling-Gillot Nackenheim Riesling Trocken 2019";"KÃ¼hling-Gillot Nackenheim Riesling Trocken";"2019";"219.9";"0.75";"293.2";"White wine";"Glass";"12.5";"2.3456"
"Vinmonopolet";"1342101";"KÃ¼hling-Gillot Nierstein Riesling Trocken 2019";"KÃ¼hling-Gillot Nierstein Riesling Trocken";"2019";"229.9";"0.75";"306.53";"White wine";"Glass";"12.5";"2.4522667"
"Vinmonopolet";"1342201";"KÃ¼hling-Gillot Oppenheim Riesling Trocken 2019";"KÃ¼hling-Gillot Oppenheim Riesling Trocken";"2019";"219.9";"0.75";"293.2";"White wine";"Glass";"12.5";"2.3456"
"Vinmonopolet";"1342301";"KÃ¼hling-Gillot Qvinterra Riesling Trocken 2019";"KÃ¼hling-Gillot Qvinterra Riesling Trocken";"2019";"154.9";"0.75";"206.53";"White wine";"Glass";"12";"1.721111"
"Vinmonopolet";"1344701";"Rotaliana ClesurÃ¦ Teroldego Rotaliano 2009";"Rotaliana ClesurÃ¦ Teroldego Rotaliano";"2009";"379";"0.75";"505.33";"RÃ¸dvin";"Glass";"15";"3.3688889"
"Vinmonopolet";"1345602";"NÃ¸gne Ã Pale Ale";"NÃ¸gne Ã Pale Ale";"0";"49.9";"0.5";"99.8";"Pale ale";"Glass";"6";"1.6633334"
"Vinmonopolet";"1349402";"Pellegrino Passito di Pantelleria Liquoroso 2018";"Pellegrino Passito di Pantelleria Liquoroso";"2018";"196.9";"0.5";"393.8";"Fortified wine";"Glass";"15";"2.6253333"
"Vinmonopolet";"1349602";"Donnafugata Ben RyÃ© Passito di Pantelleria 2017";"Donnafugata Ben RyÃ© Passito di Pantelleria";"2017";"349.9";"0.38";"933.07";"White wine";"Glass";"14.5";"6.350272"
"Vinmonopolet";"1351801";"Campo Viejo Gran Reserva 2013";"Campo Viejo Gran Reserva";"2013";"199.9";"0.75";"266.53";"RÃ¸dvin";"Glass";"13.5";"1.9743209"
"Vinmonopolet";"1353901";"La Crema Monterey Pinot Noir 2018";"La Crema Monterey Pinot Noir";"2018";"339";"0.75";"452";"RÃ¸dvin";"Glass";"13.9";"3.2517986"
"Vinmonopolet";"1356201";"Boris Jelzin Vodka";"Boris Jelzin Vodka";"0";"339.9";"0.7";"485.57";"Vodka";"Glass";"37.5";"1.2948571"
"Vinmonopolet";"1356206";"Boris Jelzin Vodka";"Boris Jelzin Vodka";"0";"1269.9";"3";"423.3";"Vodka";"Bag-in-box";"37.5";"1.1288"
"Vinmonopolet";"1358101";"ViÃ±a Salceda Crianza 2015";"ViÃ±a Salceda Crianza";"2015";"169.9";"0.75";"226.53";"RÃ¸dvin";"Glass";"14.5";"1.5622988"
"Vinmonopolet";"1358401";"Cava Tsantalis 2013";"Cava Tsantalis";"2013";"179.9";"0.75";"239.87";"RÃ¸dvin";"Glass";"12.5";"1.9189333"
"Vinmonopolet";"1360201";"Byron Santa Barbara Chardonnay 2012";"Byron Santa Barbara Chardonnay";"2012";"398.8";"0.75";"531.73";"White wine";"Glass";"13.5";"3.9387653"
"Vinmonopolet";"1360601";"Festoso Asti";"Festoso Asti";"2010";"99.9";"0.75";"133.2";"Sparkling wine";"Glass";"7";"1.9028572"
"Vinmonopolet";"1362601";"Clos de Torribas Crianza 2015";"Clos de Torribas Crianza";"2015";"149.9";"0.75";"199.87";"RÃ¸dvin";"Glass";"13";"1.5374359"
"Vinmonopolet";"1363301";"Rosemount Shiraz Cabernet 2019";"Rosemount Shiraz Cabernet";"2019";"110.9";"0.75";"147.87";"RÃ¸dvin";"Glass";"13.5";"1.0953087"
"Vinmonopolet";"1364201";"Braastad V.S.";"Braastad V.S.";"0";"414.9";"0.7";"592.71";"Grape spirit";"Glass";"40";"1.4817858"
"Vinmonopolet";"1364202";"Braastad V.S.";"Braastad V.S.";"0";"314.9";"0.5";"629.8";"Grape spirit";"Plast";"40";"1.5745"
"Vinmonopolet";"1364401";"Drammens Aquavit";"Drammens Aquavit";"0";"469.9";"0.7";"671.29";"Aquavit";"Glass";"40";"1.6782143"
"Vinmonopolet";"1365001";"Don Melchor 2017";"Don Melchor";"2017";"849.9";"0.75";"1133.2";"RÃ¸dvin";"Glass";"14.5";"7.8151727"
"Vinmonopolet";"1365601";"Monte del FrÃ¡ Bianco di Custoza 2019";"Monte del FrÃ¡ Bianco di Custoza";"2019";"139.9";"0.75";"186.53";"White wine";"Glass";"12";"1.5544444"
"Vinmonopolet";"1366701";"DomÃ¬ni Veneti Soave Classico 2018";"DomÃ¬ni Veneti Soave Classico";"2018";"129.9";"0.75";"173.2";"White wine";"Glass";"12.5";"1.3856"
"Vinmonopolet";"1367701";"Kendall-Jackson Vintner's Reserve Chardonnay 2017";"Kendall-Jackson Vintner's Reserve Chardonnay";"2017";"259.9";"0.75";"346.53";"White wine";"Glass";"13.5";"2.5669136"
"Vinmonopolet";"1369201";"Vat 69";"Vat 69";"0";"334.9";"0.7";"478.43";"Whisky";"Glass";"40";"1.1960714"
"Vinmonopolet";"1369501";"Blossom Hill Chardonnay 2018";"Blossom Hill Chardonnay";"2018";"109.9";"0.75";"146.53";"White wine";"Glass";"13";"1.1271795"
"Vinmonopolet";"1372001";"Saint-VÃ©ran Terres SecrÃ¨tes 2017";"Saint-VÃ©ran Terres SecrÃ¨tes";"2017";"249.9";"0.75";"333.2";"White wine";"Glass";"13";"2.563077"
"Vinmonopolet";"1372101";"Bache-Gabrielsen CuvÃ©e Anna No. 99 V.S.";"Bache-Gabrielsen CuvÃ©e Anna No. 99 V.S.";"0";"424.9";"0.7";"607";"Grape spirit";"Glass";"40";"1.5175"
"Vinmonopolet";"1373501";"Jacopo Poli Grappa Moscato di Po'";"Jacopo Poli Grappa Moscato di Po'";"0";"465";"0.7";"664.29";"Grape spirit";"Glass";"40";"1.6607143"
"Vinmonopolet";"1373701";"Vajra Barbera d'Alba 2018";"Vajra Barbera d'Alba";"2018";"224";"0.75";"298.67";"RÃ¸dvin";"Glass";"15";"1.9911112"
"Vinmonopolet";"1375001";"San Felice Vigorello 2013";"San Felice Vigorello";"2013";"525";"0.75";"700";"RÃ¸dvin";"Glass";"14";"5"
"Vinmonopolet";"1375401";"Canaletto Primitivo 2016";"Canaletto Primitivo";"2016";"134.9";"0.75";"179.87";"RÃ¸dvin";"Glass";"13.5";"1.3323456"
"Vinmonopolet";"1377101";"Braastad Pineau des Charentes";"Braastad Pineau des Charentes";"0";"229.9";"0.75";"306.53";"Fortified wine";"Glass";"17.5";"1.751619"
"Vinmonopolet";"1378501";"Banfi Rosso di Montalcino 2018";"Banfi Rosso di Montalcino";"2018";"269.9";"0.75";"359.87";"RÃ¸dvin";"Glass";"14";"2.570476"
"Vinmonopolet";"1379501";"Cavalchina Bianco di Custoza 2019";"Cavalchina Bianco di Custoza";"2019";"139.9";"0.75";"186.53";"White wine";"Glass";"12";"1.5544444"
"Vinmonopolet";"1379701";"Trulli Chardonnay 2018";"Trulli Chardonnay";"2018";"135";"0.75";"180";"White wine";"Glass";"12.5";"1.44"
"Vinmonopolet";"1380601";"Braastad X.O. Fine Champagne";"Braastad X.O. Fine Champagne";"0";"614.9";"0.7";"878.43";"Grape spirit";"Glass";"40";"2.1960716"
"Vinmonopolet";"1381301";"Rosemount Grenache Shiraz 2017";"Rosemount Grenache Shiraz";"2017";"119.9";"0.75";"159.87";"RÃ¸dvin";"Glass";"13.5";"1.1841975"
"Vinmonopolet";"1382901";"Arrow Ruby Cabernet";"Arrow Ruby Cabernet";"0";"119.9";"0.75";"159.87";"RÃ¸dvin";"Glass";"12";"1.3322222"
"Vinmonopolet";"1383501";"Cathedral Cellar Pinotage 2014";"Cathedral Cellar Pinotage";"2014";"220.4";"0.75";"293.87";"RÃ¸dvin";"Glass";"14";"2.0990477"
"Vinmonopolet";"1385002";"Hansa SterkÃ¸l";"Hansa SterkÃ¸l";"0";"49.9";"0.5";"95.8";"Light lager";"Emballasje med pant";"6.5";"1.5353847"
"Vinmonopolet";"1386101";"PrÃ¼m Wehlener Sonnenuhr Riesling Auslese 2014";"PrÃ¼m Wehlener Sonnenuhr Riesling Auslese";"2014";"369.9";"0.75";"493.2";"White wine";"Glass";"7.5";"6.5759997"
"Vinmonopolet";"1387001";"Jon Bertelsen Symphonie XO";"Jon Bertelsen Symphonie XO";"0";"720";"0.7";"1028.57";"Grape spirit";"Glass";"40";"2.5714285"
"Vinmonopolet";"1387002";"Jon Bertelsen Symphonie XO";"Jon Bertelsen Symphonie XO";"0";"430";"0.35";"1228.57";"Grape spirit";"Glass";"40";"3.0714285"
"Vinmonopolet";"1391201";"Quinta de Saes Reserva 2014";"Quinta de Saes Reserva";"2014";"249.9";"0.75";"333.2";"RÃ¸dvin";"Glass";"13";"2.563077"
"Vinmonopolet";"1391501";"Laphroaig Quarter Cask";"Laphroaig Quarter Cask";"0";"596.9";"0.7";"852.71";"Whisky";"Glass";"48";"1.7764882"
"Vinmonopolet";"1392002";"Fonseca Tawny 10 Years Old";"Fonseca Tawny 10 Years Old";"0";"269.9";"0.38";"719.73";"Port wine";"Glass";"20";"3.5513158"
"Vinmonopolet";"1392102";"Niepoort Tawny 10 Years Old";"Niepoort Tawny 10 Years Old";"2019";"199.9";"0.38";"533.07";"Port wine";"Glass";"19.5";"2.6977057"
"Vinmonopolet";"1393301";"Bitouzet-Prieur Volnay Premier Cru Pitures 2015";"Bitouzet-Prieur Volnay Premier Cru Pitures";"2015";"579.9";"0.75";"773.2";"RÃ¸dvin";"Glass";"13.5";"5.7274075"
"Vinmonopolet";"1393801";"Querbach Riesling Classic 2013";"Querbach Riesling Classic";"2013";"136";"0.75";"181.33";"White wine";"Glass";"11.5";"1.5768116"
"Vinmonopolet";"1394701";"Chapel Hill Chardonnay Brut";"Chapel Hill Chardonnay Brut";"0";"124.9";"0.75";"166.53";"Sparkling wine";"Glass";"12.5";"1.3322667"
"Vinmonopolet";"1395301";"Serego Alighieri Vaio Armaron della Valpolicella Classico 2012";"Serego Alighieri Vaio Armaron della Valpolicella Classico";"2012";"699.9";"0.75";"933.2";"RÃ¸dvin";"Glass";"15.5";"6.020645"
"Vinmonopolet";"1396401";"Rocca Sangiovese Rubicone 2019";"Rocca Sangiovese Rubicone";"2019";"99.9";"0.75";"133.2";"RÃ¸dvin";"Glass";"11";"1.2109091"
"Vinmonopolet";"1397002";"Rocca Sveva Recioto di Soave Classico 2016";"Rocca Sveva Recioto di Soave Classico";"2016";"244.9";"0.5";"489.8";"White wine";"Glass";"12.5";"3.9183998"
"Vinmonopolet";"1397201";"John Lee Kentucky Straight Bourbon";"John Lee Kentucky Straight Bourbon";"0";"374.9";"0.7";"535.57";"Whisky";"Glass";"40";"1.3389286"
"Vinmonopolet";"1397501";"Vite Colte Paesi Tuoi Barolo 2012";"Vite Colte Paesi Tuoi Barolo";"2012";"259.9";"0.75";"346.53";"RÃ¸dvin";"Glass";"14";"2.475238"
"Vinmonopolet";"1398301";"Braastad V.S.O.P. RÃ©serve";"Braastad V.S.O.P. RÃ©serve";"0";"464.9";"0.7";"664.14";"Grape spirit";"Glass";"40";"1.6603571"
"Vinmonopolet";"1398302";"Braastad V.S.O.P. RÃ©serve";"Braastad V.S.O.P. RÃ©serve";"0";"329.9";"0.5";"659.8";"Grape spirit";"Plast";"40";"1.6495"
"Vinmonopolet";"1398304";"Braastad V.S.O.P. RÃ©serve";"Braastad V.S.O.P. RÃ©serve";"0";"194.9";"0.2";"974.5";"Grape spirit";"Plast";"40";"2.43625"
"Vinmonopolet";"1398401";"Thor Heyerdahl V.S.";"Thor Heyerdahl V.S.";"0";"409.9";"0.7";"585.57";"Grape spirit";"Glass";"40";"1.4639286"
"Vinmonopolet";"1398402";"Thor Heyerdahl V.S.";"Thor Heyerdahl V.S.";"0";"299.9";"0.5";"599.8";"Grape spirit";"Plast";"40";"1.4994999"
"Vinmonopolet";"1398501";"Santedame Chianti Classico 2017";"Santedame Chianti Classico";"2017";"209.9";"0.75";"279.87";"RÃ¸dvin";"Glass";"14";"1.9990475"
"Vinmonopolet";"1400301";"Casabianca Valdobbiadene Prosecco Superiore Brut";"Casabianca Valdobbiadene Prosecco Superiore Brut";"0";"139.9";"0.75";"186.53";"Sparkling wine";"Glass";"11";"1.6957575"
"Vinmonopolet";"1400302";"Casabianca Valdobbiadene Prosecco Superiore Brut";"Casabianca Valdobbiadene Prosecco Superiore Brut";"0";"83.9";"0.38";"223.73";"Sparkling wine";"Glass";"11";"2.007177"
"Vinmonopolet";"1401401";"Gordon & MacPhail Smith`s Glenlivet 1974";"Gordon & MacPhail Smith`s Glenlivet";"1974";"8670.5";"0.7";"12386.43";"Whisky";"Glass";"43";"28.805649"
"Vinmonopolet";"1404501";"CroisÃ©e de la Mer Sauvignon Blanc 2019";"CroisÃ©e de la Mer Sauvignon Blanc";"2019";"134.9";"0.75";"179.87";"White wine";"Glass";"12";"1.4988889"
"Vinmonopolet";"1405301";"Lenoble Chouilly Blanc de Blancs Grand Cru 2008";"Lenoble Chouilly Blanc de Blancs Grand Cru";"2008";"719.9";"0.75";"959.87";"Champagne extra brut";"Glass";"12.5";"7.6789336"
"Vinmonopolet";"1405601";"Lenoble Brut Nature";"Lenoble Brut Nature";"0";"399.9";"0.75";"533.2";"Champagne extra brut";"Glass";"12.5";"4.2655997"
"Vinmonopolet";"1406701";"El Copero 2018";"El Copero";"2018";"114.9";"0.75";"153.2";"RÃ¸dvin";"Glass";"12";"1.2766666"
"Vinmonopolet";"1406706";"El Copero";"El Copero";"0";"399.9";"3";"133.3";"RÃ¸dvin";"Bag-in-box";"12";"1.1108333"
"Vinmonopolet";"1410601";"Angelino Treviso Prosecco Brut 2019";"Angelino Treviso Prosecco Brut";"2019";"149.9";"0.75";"199.87";"Sparkling wine";"Glass";"11";"1.8169696"
"Vinmonopolet";"1410605";"Angelino Treviso Prosecco Brut 2017";"Angelino Treviso Prosecco Brut";"2017";"319.9";"1.5";"213.27";"Sparkling wine";"Glass";"11";"1.9387878"
"Vinmonopolet";"1411101";"Gozzi Garda Chardonnay 2013";"Gozzi Garda Chardonnay";"2013";"171.9";"0.75";"229.2";"White wine";"Glass";"13";"1.7630769"
"Vinmonopolet";"1411201";"Gozzi Garda Cabernet 2014";"Gozzi Garda Cabernet";"2014";"131.8";"0.75";"175.73";"RÃ¸dvin";"Glass";"13";"1.351795"
"Vinmonopolet";"1411901";"Tosti Pink Moscato";"Tosti Pink Moscato";"0";"124.7";"0.75";"166.27";"Musserende vin, rosÃ©";"Glass";"7";"2.375238"
"Vinmonopolet";"1411905";"Tosti Pink Moscato";"Tosti Pink Moscato";"2013";"250.1";"1.5";"166.73";"Musserende vin, rosÃ©";"Glass";"7";"2.3819048"
"Vinmonopolet";"1412501";"Judeka Vittoria Frappato 2018";"Judeka Vittoria Frappato";"2018";"189.9";"0.75";"253.2";"RÃ¸dvin";"Glass";"13.5";"1.8755555"
"Vinmonopolet";"1412801";"Dom. de la Tour Penet MÃ¢con-PÃ©ronne 2018";"Dom. de la Tour Penet MÃ¢con-PÃ©ronne";"2018";"219.9";"0.75";"293.2";"White wine";"Glass";"13.5";"2.1718519"
"Vinmonopolet";"1412901";"Villa di Vetrice Chianti Rufina 2016";"Villa di Vetrice Chianti Rufina";"2016";"180";"0.75";"240";"RÃ¸dvin";"Glass";"12.5";"1.92"
"Vinmonopolet";"1413601";"Bons-Ventos 2018";"Bons-Ventos";"2018";"119.9";"0.75";"159.87";"RÃ¸dvin";"Glass";"13";"1.2297436"
"Vinmonopolet";"1413701";"Twee Jonge Gezellen Krone RosÃ© Brut 2018";"Twee Jonge Gezellen Krone RosÃ© Brut";"2018";"189.9";"0.75";"253.2";"Musserende vin, rosÃ©";"Glass";"11";"2.3018181"
"Vinmonopolet";"1414901";"L`Herre La Galope RosÃ© 2017";"L`Herre La Galope RosÃ©";"2017";"134.8";"0.75";"179.73";"RosÃ©vin";"Glass";"11.5";"1.5628986"
"Vinmonopolet";"1415501";"Valduga Raizes Cabernet Sauvignon 2014";"Valduga Raizes Cabernet Sauvignon";"2014";"253";"0.75";"337.33";"RÃ¸dvin";"Glass";"12.5";"2.6986666"
"Vinmonopolet";"1415906";"Piccini Sangiovese Rosato 2019";"Piccini Sangiovese Rosato";"2019";"299.9";"2";"149.95";"RosÃ©vin";"Bag-in-box";"13";"1.1534615"
"Vinmonopolet";"1416001";"Anselmann Riesling Kalkstein SpÃ¤tlÃ¤se Tr. 2012";"Anselmann Riesling Kalkstein SpÃ¤tlÃ¤se Tr.";"2012";"229.5";"0.75";"306";"White wine";"Glass";"13";"2.353846"
"Vinmonopolet";"1416101";"Fiskeriets Hvite Sauvignon Blanc 2018";"Fiskeriets Hvite Sauvignon Blanc";"2018";"199.9";"0.75";"266.53";"White wine";"Glass";"12.5";"2.1322665"
"Vinmonopolet";"1416401";"Carl Loewen 1896 Erste Lage 2018";"Carl Loewen  Erste Lage";"2018";"569.9";"0.75";"759.87";"White wine";"Glass";"12";"6.3322225"
"Vinmonopolet";"1416601";"Messmer Pinot Noir Trocken 2017";"Messmer Pinot Noir Trocken";"2017";"155";"0.75";"206.67";"RosÃ©vin";"Glass";"11.5";"1.7971015"
"Vinmonopolet";"1416701";"Bushmills 21 YO";"Bushmills 21 YO";"0";"1812.9";"0.7";"2589.86";"Whisky";"Glass";"40";"6.474643"
"Vinmonopolet";"1417001";"Tanqueray Rangpur";"Tanqueray Rangpur";"0";"449.9";"0.7";"642.71";"Gin";"Glass";"41.3";"1.556209"
"Vinmonopolet";"1418601";"Banrock Station Shiraz Mataro";"Banrock Station Shiraz Mataro";"2019";"109.9";"0.75";"146.53";"RÃ¸dvin";"Glass";"13.5";"1.0854322"
"Vinmonopolet";"1419301";"Louis Max Chablis 2018";"Louis Max Chablis";"2018";"189.9";"0.75";"253.2";"White wine";"Glass";"12.5";"2.0256"
"Vinmonopolet";"1419701";"Gehring SpÃ¤tburgunder Weissherbst 2014";"Gehring SpÃ¤tburgunder Weissherbst";"2014";"165.1";"0.75";"220.13";"RosÃ©vin";"Glass";"12.5";"1.7610667"
"Vinmonopolet";"1422201";"Jean-Paul Picard Sancerre 2018";"Jean-Paul Picard Sancerre";"2018";"267.7";"0.75";"356.93";"White wine";"Glass";"13.5";"2.6439507"
"Vinmonopolet";"1423005";"Daniel Bouju NapolÃ©on";"Daniel Bouju NapolÃ©on";"0";"2266.4";"1.5";"1510.93";"Grape spirit";"Glass";"40";"3.7773333"
"Vinmonopolet";"1423301";"La Crema Monterey Chardonnay 2018";"La Crema Monterey Chardonnay";"2018";"309";"0.75";"412";"White wine";"Glass";"13.8";"2.9855072"
"Vinmonopolet";"1424501";"Colombelle 2017";"Colombelle";"2017";"139.9";"0.75";"186.53";"White wine";"Glass";"10.5";"1.7765079"
"Vinmonopolet";"1425101";"Dom. Daniel Rion Nuits-St-Georges Vieilles Vignes 2017";"Dom. Daniel Rion Nuits-St-Georges Vieilles Vignes";"2017";"529.9";"0.75";"706.53";"RÃ¸dvin";"Glass";"13.5";"5.2335806"
"Vinmonopolet";"1426001";"Bache-Gabrielsen V.S.O.P.";"Bache-Gabrielsen V.S.O.P.";"0";"459";"0.7";"655.71";"Grape spirit";"Glass";"40";"1.6392857"
"Vinmonopolet";"1426002";"Bache-Gabrielsen V.S.O.P.";"Bache-Gabrielsen V.S.O.P.";"0";"329.9";"0.5";"659.8";"Grape spirit";"Plast";"40";"1.6495"
"Vinmonopolet";"1426201";"Santa Carolina Merlot Reservado 2017";"Santa Carolina Merlot Reservado";"2017";"189.5";"0.75";"252.67";"RÃ¸dvin";"Glass";"13.5";"1.8716049"
"Vinmonopolet";"1426301";"Kruger-Rumpf Schiefer Riesling Trocken 2018";"Kruger-Rumpf Schiefer Riesling Trocken";"2018";"174.9";"0.75";"233.2";"White wine";"Glass";"12";"1.9433333"
"Vinmonopolet";"1428101";"SmÃ¥ grÃ¥";"SmÃ¥ grÃ¥";"0";"299.9";"1";"299.9";"LikÃ¸r";"Glass";"16.4";"1.8286586"
"Vinmonopolet";"1428201";"SmÃ¥ grÃ¸nne";"SmÃ¥ grÃ¸nne";"0";"299.9";"1";"299.9";"LikÃ¸r";"Glass";"16.4";"1.8286586"
"Vinmonopolet";"1428601";"Ch. du Val de Mercy Chablis 1.er Cru CÃ´te de Jouan 2018";"Ch. du Val de Mercy Chablis 1.er Cru CÃ´te de Jouan";"2018";"289.9";"0.75";"386.53";"White wine";"Glass";"13.5";"2.8632097"
"Vinmonopolet";"1431301";"Araucano Clos de Lolol 2015";"Araucano Clos de Lolol";"2015";"209.9";"0.75";"279.87";"RÃ¸dvin";"Glass";"14.5";"1.9301149"
"Vinmonopolet";"1433001";"Ch. Panet 2015";"Ch. Panet";"2015";"255";"0.75";"340";"RÃ¸dvin";"Glass";"14.5";"2.3448277"
"Vinmonopolet";"1433901";"Lurton FL No9 Sauvignon Blanc 2018";"Lurton FL No9 Sauvignon Blanc";"2018";"164.9";"0.75";"219.87";"White wine";"Glass";"9";"2.442963"
"Vinmonopolet";"1437201";"Quinta de Porrais Branco 2018";"Quinta de Porrais Branco";"2018";"159.9";"0.75";"213.2";"White wine";"Glass";"13";"1.64"
"Vinmonopolet";"1438101";"Santa Margarita Casa Vital Roble 2016";"Santa Margarita Casa Vital Roble";"2016";"110.8";"0.75";"147.73";"RÃ¸dvin";"Glass";"13.5";"1.094321"
"Vinmonopolet";"1438401";"Drappier Grande SendrÃ©e Brut 2008";"Drappier Grande SendrÃ©e Brut";"2008";"599.9";"0.75";"799.87";"Champagne, brut";"Glass";"12";"6.665556"
"Vinmonopolet";"1438501";"Santa Margarita Casa Vital Barrica 2012";"Santa Margarita Casa Vital Barrica";"2012";"171.9";"0.75";"229.2";"RÃ¸dvin";"Glass";"14";"1.6371428"
"Vinmonopolet";"1439001";"Santa Margarita Casa Vital Garnacha Syrah 2017";"Santa Margarita Casa Vital Garnacha Syrah";"2017";"112.4";"0.75";"149.87";"RosÃ©vin";"Glass";"12";"1.2488889"
"Vinmonopolet";"1439101";"Santa Margarita Casa Vital Chardonnay 2017";"Santa Margarita Casa Vital Chardonnay";"2017";"113.4";"0.75";"151.2";"White wine";"Glass";"11";"1.3745455"
"Vinmonopolet";"1440002";"Vana Tallinn Rum Liqueur";"Vana Tallinn Rum Liqueur";"0";"297.9";"0.5";"595.8";"LikÃ¸r";"Glass";"40";"1.4894999"
"Vinmonopolet";"1442201";"Nuiton-Beaunoy Cave des Hautes-CÃ´tes La DaligniÃ¨re Hautes-CÃ´tes de 2018";"Nuiton-Beaunoy Cave des Hautes-CÃ´tes La DaligniÃ¨re Hautes-CÃ´tes de";"2018";"209.9";"0.75";"279.87";"RÃ¸dvin";"Glass";"13";"2.1528203"
"Vinmonopolet";"1447701";"Chanson MÃ¢con-Villages 2015";"Chanson MÃ¢con-Villages";"2015";"238.6";"0.75";"318.13";"White wine";"Glass";"13";"2.4471796"
"Vinmonopolet";"1447801";"Chanson Pouilly-FuissÃ© 2012";"Chanson Pouilly-FuissÃ©";"2012";"453.1";"0.75";"604.13";"White wine";"Glass";"13.5";"4.475062"
"Vinmonopolet";"1450201";"The King of Scots";"The King of Scots";"0";"469.9";"1";"469.9";"Whisky";"Glass";"40";"1.17475"
"Vinmonopolet";"1450301";"Ch. de la Cour Grand Cru 2016";"Ch. de la Cour Grand Cru";"2016";"299.9";"0.75";"399.87";"RÃ¸dvin";"Glass";"14.5";"2.7577012"
"Vinmonopolet";"1451101";"Ch. Malartic-LagraviÃ¨re La Reserve de Malartic Le Sillage 2009";"Ch. Malartic-LagraviÃ¨re La Reserve de Malartic Le Sillage";"2009";"479";"0.75";"638.67";"White wine";"Glass";"13";"4.9128203"
"Vinmonopolet";"1451701";"Ch. Pontet-Canet 2007";"Ch. Pontet-Canet";"2007";"1339";"0.75";"1785.33";"RÃ¸dvin";"Glass";"13";"13.733334"
"Vinmonopolet";"1453001";"Ch. du Val de Mercy Petit Chablis 2018";"Ch. du Val de Mercy Petit Chablis";"2018";"184.9";"0.75";"246.53";"White wine";"Glass";"12.5";"1.9722666"
"Vinmonopolet";"1453101";"Volpaia Chianti Classico 2017";"Volpaia Chianti Classico";"2017";"269.9";"0.75";"359.87";"RÃ¸dvin";"Glass";"14";"2.570476"
"Vinmonopolet";"1453201";"Volpaia Chianti Classico Riserva 2017";"Volpaia Chianti Classico Riserva";"2017";"339.9";"0.75";"453.2";"RÃ¸dvin";"Glass";"14";"3.2371428"
"Vinmonopolet";"1453205";"Volpaia Chianti Classico Riserva 2013";"Volpaia Chianti Classico Riserva";"2013";"659.9";"1.5";"439.93";"RÃ¸dvin";"Glass";"13.5";"3.2587655"
"Vinmonopolet";"1453301";"Volpaia Balifico 2013";"Volpaia Balifico";"2013";"429.9";"0.75";"573.2";"RÃ¸dvin";"Glass";"14";"4.0942855"
"Vinmonopolet";"1453401";"Volpaia Coltassala Chianti Classico Riserva 2013";"Volpaia Coltassala Chianti Classico Riserva";"2013";"459.9";"0.75";"613.2";"RÃ¸dvin";"Glass";"14";"4.38"
"Vinmonopolet";"1453901";"JoÃ«l Delaunay Le Grand Ballon Sauvignon Blanc 2018";"JoÃ«l Delaunay Le Grand Ballon Sauvignon Blanc";"2018";"149.9";"0.75";"199.87";"White wine";"Glass";"11.5";"1.737971"
"Vinmonopolet";"1454201";"Adam Emotion Cremant d'Alsace Brut";"Adam Emotion Cremant d'Alsace Brut";"0";"199.9";"0.75";"266.53";"Sparkling wine";"Glass";"12";"2.221111"
"Vinmonopolet";"1454901";"Luis Pato Maria Gomes Branco 2017";"Luis Pato Maria Gomes Branco";"2017";"149.9";"0.75";"199.87";"White wine";"Glass";"12.5";"1.5989332"
"Vinmonopolet";"1456201";"Wenneker Amaretto";"Wenneker Amaretto";"0";"264.9";"0.7";"378.43";"LikÃ¸r";"Glass";"20";"1.8921429"
"Vinmonopolet";"1456406";"Husets rÃ¸dvin 2017";"Husets rÃ¸dvin";"2017";"1450";"10";"145";"RÃ¸dvin";"Bag-in-box";"12.5";"1.16"
"Vinmonopolet";"1460701";"Robertson Cabernet Sauvignon 2018";"Robertson Cabernet Sauvignon";"2018";"129.9";"0.75";"173.2";"RÃ¸dvin";"Glass";"13";"1.3323076"
"Vinmonopolet";"1460706";"Robertson Cabernet Sauvignon";"Robertson Cabernet Sauvignon";"2019";"399.9";"3";"133.3";"RÃ¸dvin";"Bag-in-box";"12.5";"1.0663999"
"Vinmonopolet";"1460901";"Dominique Roger Dom. du Carrou Sancerre 2018";"Dominique Roger Dom. du Carrou Sancerre";"2018";"255";"0.75";"340";"White wine";"Glass";"13";"2.6153846"
"Vinmonopolet";"1461501";"Jean Bourdy CÃ´tes du Jura Blanc 2016";"Jean Bourdy CÃ´tes du Jura Blanc";"2016";"269";"0.75";"358.67";"White wine";"Glass";"13";"2.7589743"
"Vinmonopolet";"1462001";"Jean Bourdy CÃ´tes du Jura Rouge 2018";"Jean Bourdy CÃ´tes du Jura Rouge";"2018";"285";"0.75";"380";"RÃ¸dvin";"Glass";"13";"2.9230769"
"Vinmonopolet";"1462801";"Jean Bourdy ChÃ¢teau-Chalon 2008";"Jean Bourdy ChÃ¢teau-Chalon";"2008";"699";"0.62";"1127.42";"White wine";"Glass";"13.7";"8.229339"
"Vinmonopolet";"1463601";"Life from Stone Sauvignon Blanc 2018";"Life from Stone Sauvignon Blanc";"2018";"220";"0.75";"293.33";"White wine";"Glass";"12.5";"2.3466666"
"Vinmonopolet";"1463702";"Maredsous Brown";"Maredsous Brown";"0";"57.9";"0.33";"175.45";"Trappist";"Glass";"8";"2.1931818"
"Vinmonopolet";"1463802";"Duvel Tripel Hop Citra";"Duvel Tripel Hop Citra";"0";"55.9";"0.33";"169.39";"Light ale";"Glass";"9.5";"1.783094"
"Vinmonopolet";"1464101";"Giacometto Bruno Erbaluce di Caluso 2018";"Giacometto Bruno Erbaluce di Caluso";"2018";"230";"0.75";"306.67";"White wine";"Glass";"13";"2.3589745"
"Vinmonopolet";"1464201";"Erpacrife Bianco Metodo Classico 2011";"Erpacrife Bianco Metodo Classico";"2011";"336";"0.75";"448";"Sparkling wine";"Glass";"12.5";"3.584"
"Vinmonopolet";"1464501";"Bottega Fragolino Rosso";"Bottega Fragolino Rosso";"0";"169.9";"0.75";"226.53";"Flavoured wine	";"Glass";"10";"2.2653332"
"Vinmonopolet";"1464801";"Bushmills";"Bushmills";"0";"416.9";"0.7";"595.57";"Whisky";"Glass";"40";"1.4889286"
"Vinmonopolet";"1464906";"Winter Riesling Trocken 2019";"Winter Riesling Trocken";"2019";"469.9";"3";"156.63";"White wine";"Bag-in-box";"12";"1.3052777"
"Vinmonopolet";"1465401";"Ch. Sainte Roseline CuvÃ©e Lampe de MÃ©duse 2013";"Ch. Sainte Roseline CuvÃ©e Lampe de MÃ©duse";"2013";"169.6";"0.75";"226.13";"White wine";"Glass";"13";"1.7394873"
"Vinmonopolet";"1466101";"Louis Max Les Terres Froides Chardonnay 2018";"Louis Max Les Terres Froides Chardonnay";"2018";"139.9";"0.75";"186.53";"White wine";"Glass";"13";"1.4348717"
"Vinmonopolet";"1466106";"Louis Max Les Terres Froides Chardonnay";"Louis Max Les Terres Froides Chardonnay";"2017";"495";"3";"165";"White wine";"Bag-in-box";"13";"1.2692307"
"Vinmonopolet";"1466701";"Alain Geoffroy Chablis Premier Cru Beauroy 2016";"Alain Geoffroy Chablis Premier Cru Beauroy";"2016";"299.9";"0.75";"399.87";"White wine";"Glass";"13";"3.0758975"
"Vinmonopolet";"1467401";"Corte delle Calli RosÃ¨ Extra Dry";"Corte delle Calli RosÃ¨ Extra Dry";"0";"98.5";"0.75";"131.33";"Musserende vin, rosÃ©";"Glass";"11";"1.1939394"
"Vinmonopolet";"1467501";"Corte delle Calli Treviso Prosecco Brut";"Corte delle Calli Treviso Prosecco Brut";"0";"149.3";"0.75";"199.07";"Sparkling wine";"Glass";"11";"1.809697"
"Vinmonopolet";"1468301";"Copain Monument Tree 2013";"Copain Monument Tree";"2013";"599";"0.75";"798.67";"RÃ¸dvin";"Glass";"13.6";"5.872549"
"Vinmonopolet";"1469201";"Cirelli Anfora Montepulciano d'Abruzzo 2016";"Cirelli Anfora Montepulciano d'Abruzzo";"2016";"259";"0.75";"345.33";"RÃ¸dvin";"Glass";"13.5";"2.5580246"
"Vinmonopolet";"1469801";"Allesverloren Tinta Barocca";"Allesverloren Tinta Barocca";"2017";"154.9";"0.75";"206.53";"RÃ¸dvin";"Glass";"14";"1.4752381"
"Vinmonopolet";"1471302";"DisznÃ³kÃ¶ Tokaji Furmint Late Harv 2016";"DisznÃ³kÃ¶ Tokaji Furmint Late Harv";"2016";"179.9";"0.5";"359.8";"White wine";"Glass";"12.5";"2.8783998"
"Vinmonopolet";"1471601";"Giordano Primitivo di Manduria 2017";"Giordano Primitivo di Manduria";"2017";"164.9";"0.75";"219.87";"RÃ¸dvin";"Glass";"14";"1.5704762"
"Vinmonopolet";"1472301";"Danzka Vodka Red";"Danzka Vodka Red";"0";"334.9";"0.7";"478.43";"Vodka";"Metall";"40";"1.1960714"
"Vinmonopolet";"1472602";"Ch. de Myrat 2010";"Ch. de Myrat";"2010";"199.9";"0.38";"533.07";"White wine";"Glass";"13.5";"3.896686"
"Vinmonopolet";"1473201";"Lamberti Amarone della Valpolicella 2016";"Lamberti Amarone della Valpolicella";"2016";"269.9";"0.75";"359.87";"RÃ¸dvin";"Glass";"15.5";"2.3217204"
"Vinmonopolet";"1473501";"Von Winning Riesling 2018";"Von Winning Riesling";"2018";"159.9";"0.75";"213.2";"White wine";"Glass";"11.5";"1.853913"
"Vinmonopolet";"1473701";"Glenglassaugh Evolution";"Glenglassaugh Evolution";"0";"679.9";"0.7";"971.29";"Whisky";"Glass";"50";"1.9425715"
"Vinmonopolet";"1473901";"The King of Scots";"The King of Scots";"0";"339.9";"0.7";"485.57";"Whisky";"Glass";"40";"1.2139286"
"Vinmonopolet";"1474001";"Glenglassaugh 30 YO";"Glenglassaugh 30 YO";"0";"3399.9";"0.7";"4857";"Whisky";"Glass";"42";"11.564285"
"Vinmonopolet";"1474101";"Bruichladdich 25 YO Old Particular 1988";"Bruichladdich 25 YO Old Particular";"1988";"2659.9";"0.7";"3799.86";"Whisky";"Glass";"50.1";"7.584545"
"Vinmonopolet";"1476601";"Valhalla MjÃ¸d";"Valhalla MjÃ¸d";"0";"175.9";"0.7";"251.29";"MjÃ¸d";"Glass";"14.5";"1.7330049"
"Vinmonopolet";"1478101";"Dominique et Janine Crochet Sancerre 2014";"Dominique et Janine Crochet Sancerre";"2014";"249.9";"0.75";"333.2";"RÃ¸dvin";"Glass";"13";"2.563077"
"Vinmonopolet";"1479401";"Nathalie Falmet Le Val Cornet Brut";"Nathalie Falmet Le Val Cornet Brut";"0";"499";"0.75";"665.33";"Champagne, brut";"Glass";"12";"5.5444446"
"Vinmonopolet";"1479701";"Degani Valpolicella Classico 2016";"Degani Valpolicella Classico";"2016";"168.7";"0.75";"224.93";"RÃ¸dvin";"Glass";"12.5";"1.7994666"
"Vinmonopolet";"1479901";"K. Wechsler Riesling Trocken 2018";"K. Wechsler Riesling Trocken";"2018";"186.9";"0.75";"249.2";"White wine";"Glass";"12";"2.0766666"
"Vinmonopolet";"1480202";"Egge GÃ¥rd Sommerakevitt";"Egge GÃ¥rd Sommerakevitt";"2014";"332";"0.5";"664";"Aquavit";"Glass";"37.5";"1.7706667"
"Vinmonopolet";"1481201";"Dom. le Verger Chablis 2018";"Dom. le Verger Chablis";"2018";"209.9";"0.75";"279.87";"White wine";"Glass";"12.5";"2.2389333"
"Vinmonopolet";"1481501";"Lillehammer aquavit";"Lillehammer aquavit";"0";"435";"0.7";"621.43";"Aquavit";"Glass";"40";"1.5535715"
"Vinmonopolet";"1482406";"Zanni Soave 2019";"Zanni Soave";"2019";"425.9";"3";"141.97";"White wine";"Bag-in-box";"12";"1.1830555"
"Vinmonopolet";"1483501";"Ch. de la Huste 2001";"Ch. de la Huste";"2001";"399.6";"0.75";"532.8";"RÃ¸dvin";"Glass";"13";"4.0984616"
"Vinmonopolet";"1483801";"Ulysse Collin Les Maillons Blanc de Noirs Extra Brut";"Ulysse Collin Les Maillons Blanc de Noirs Extra Brut";"0";"829.9";"0.75";"1106.53";"Champagne extra brut";"Glass";"12.5";"8.852267"
"Vinmonopolet";"1483901";"Ulysse Collin Les Roises Blanc de Blancs Extra Brut";"Ulysse Collin Les Roises Blanc de Blancs Extra Brut";"0";"1299.9";"0.75";"1733.2";"Champagne extra brut";"Glass";"12.5";"13.865601"
"Vinmonopolet";"1484201";"Porca de Murca Branco 2018";"Porca de Murca Branco";"2018";"139.9";"0.75";"186.53";"White wine";"Glass";"13";"1.4348717"
"Vinmonopolet";"1484301";"Dom. Vocoret Chablis 1er Cru les Vaillon 2016";"Dom. Vocoret Chablis 1er Cru les Vaillon";"2016";"259.9";"0.75";"346.53";"White wine";"Glass";"13";"2.665641"
"Vinmonopolet";"1484501";"Artadi Artazuri Garnacha 2014";"Artadi Artazuri Garnacha";"2014";"119.9";"0.75";"159.87";"RÃ¸dvin";"Glass";"14.5";"1.1025287"
"Vinmonopolet";"1484601";"Ch. Cambon Beaujolais RosÃ© 2018";"Ch. Cambon Beaujolais RosÃ©";"2018";"199.9";"0.75";"266.53";"RosÃ©vin";"Glass";"12";"2.221111"
"Vinmonopolet";"1484706";"Miss Schmitt Riesling Trocken 2013";"Miss Schmitt Riesling Trocken";"2013";"394.9";"3";"131.63";"White wine";"Bag-in-box";"11";"1.1966666"
"Vinmonopolet";"1485701";"BenoÃ®t Muling CrÃ©mant du Jura Blanc Brut";"BenoÃ®t Muling CrÃ©mant du Jura Blanc Brut";"0";"229.9";"0.75";"306.53";"Sparkling wine";"Glass";"12.5";"2.4522667"
"Vinmonopolet";"1486701";"Due Palme Montecoco Salice Salentino 2016";"Due Palme Montecoco Salice Salentino";"2016";"114.9";"0.75";"153.2";"RÃ¸dvin";"Glass";"12.5";"1.2256"
"Vinmonopolet";"1487901";"Casa Ferreirinha Planalto Reserva 2018";"Casa Ferreirinha Planalto Reserva";"2018";"139.9";"0.75";"186.53";"White wine";"Glass";"12.5";"1.4922667"
"Vinmonopolet";"1488101";"Neef-Emmich Riesling Trocken 2018";"Neef-Emmich Riesling Trocken";"2018";"159.9";"0.75";"213.2";"White wine";"Glass";"12";"1.7766666"
"Vinmonopolet";"1488301";"Neef-Emmich Riesling Feinherb 2018";"Neef-Emmich Riesling Feinherb";"2018";"185";"0.75";"246.67";"White wine";"Glass";"12";"2.0555556"
"Vinmonopolet";"1488401";"Tissot En Barberon Chardonnay 2017";"Tissot En Barberon Chardonnay";"2017";"464.9";"0.75";"619.87";"White wine";"Glass";"14.5";"4.2749424"
"Vinmonopolet";"1488601";"Tissot Les BruyÃ¨res Chardonnay 2017";"Tissot Les BruyÃ¨res Chardonnay";"2017";"444.9";"0.75";"593.2";"White wine";"Glass";"14";"4.2371426"
"Vinmonopolet";"1489101";"Tissot Amphore Savagnin 2018";"Tissot Amphore Savagnin";"2018";"619.9";"0.75";"826.53";"White wine";"Glass";"13";"6.357949"
"Vinmonopolet";"1489401";"Tissot ChÃ¢teau-Chalon 2012";"Tissot ChÃ¢teau-Chalon";"2012";"889.9";"0.62";"1435.32";"White wine";"Glass";"14.5";"9.898777"
"Vinmonopolet";"1489801";"Dom. Weinbach CuvÃ©e ThÃ©o Gewurztraminer 2018";"Dom. Weinbach CuvÃ©e ThÃ©o Gewurztraminer";"2018";"399.9";"0.75";"533.2";"White wine";"Glass";"14.5";"3.6772413"
"Vinmonopolet";"1490901";"Alba Amarone della Valpolicella 2013";"Alba Amarone della Valpolicella";"2013";"363.8";"0.75";"485.07";"RÃ¸dvin";"Glass";"15";"3.2337778"
"Vinmonopolet";"1491401";"Stefano Mancinelli Santa Maria Verdicchio Classico Superiore 2018";"Stefano Mancinelli Santa Maria Verdicchio Classico Superiore";"2018";"226.1";"0.75";"301.47";"White wine";"Glass";"12.5";"2.4117334"
"Vinmonopolet";"1491501";"SeÃ±orio de los Llanos Crianza 2014";"SeÃ±orio de los Llanos Crianza";"2014";"159.9";"0.75";"213.2";"RÃ¸dvin";"Glass";"12.5";"1.7055999"
"Vinmonopolet";"1491802";"Stefano Mancinelli Passito Lacrima di Morro d`Alba 2011";"Stefano Mancinelli Passito Lacrima di Morro d`Alba";"2011";"352.2";"0.5";"704.4";"RÃ¸dvin";"Glass";"14.5";"4.857931"
"Vinmonopolet";"1491901";"Le Velette Orvieto Classico Amabile 2013";"Le Velette Orvieto Classico Amabile";"2013";"210";"0.75";"280";"White wine";"Glass";"12";"2.3333333"
"Vinmonopolet";"1492001";"Le Velette Lunato Orvieto Classico Superiore 2016";"Le Velette Lunato Orvieto Classico Superiore";"2016";"224.6";"0.75";"299.47";"White wine";"Glass";"13";"2.3035898"
"Vinmonopolet";"1492101";"Ch. Le Grand Housteau 2017";"Ch. Le Grand Housteau";"2017";"135";"0.75";"180";"RÃ¸dvin";"Glass";"12.5";"1.44"
"Vinmonopolet";"1492201";"Abbona San Luigi Dogliani 2015";"Abbona San Luigi Dogliani";"2015";"241.1";"0.75";"321.47";"RÃ¸dvin";"Glass";"12.5";"2.5717335"
"Vinmonopolet";"1492301";"Abbona Tistin Roero Arneis 2018";"Abbona Tistin Roero Arneis";"2018";"264.5";"0.75";"352.67";"White wine";"Glass";"13";"2.7128205"
"Vinmonopolet";"1492601";"Abbona Terlo Ravera Barolo 2012";"Abbona Terlo Ravera Barolo";"2012";"516.5";"0.75";"688.67";"RÃ¸dvin";"Glass";"14";"4.919048"
"Vinmonopolet";"1492801";"Montagliari Chianti Classico 2013";"Montagliari Chianti Classico";"2013";"231";"0.75";"308";"RÃ¸dvin";"Glass";"12.5";"2.464"
"Vinmonopolet";"1492901";"Collalto Conegliano Valdobbiadene Prosecco Superiore Extra Dry";"Collalto Conegliano Valdobbiadene Prosecco Superiore Extra Dry";"0";"245.6";"0.75";"327.47";"Sparkling wine";"Glass";"11.5";"2.8475363"
"Vinmonopolet";"1494202";"Ch. Haut-Claverie 2016";"Ch. Haut-Claverie";"2016";"149.9";"0.38";"399.73";"White wine";"Glass";"13.5";"2.922027"
"Vinmonopolet";"1494801";"Arendals Aquavit 2014";"Arendals Aquavit";"2014";"474.9";"0.7";"678.43";"Aquavit";"Glass";"38";"1.7853384"
"Vinmonopolet";"1495601";"Bossi Fedrigotti Conte Federico Trento Brut 2012";"Bossi Fedrigotti Conte Federico Trento Brut";"2012";"309.9";"0.75";"413.2";"Sparkling wine";"Glass";"12.5";"3.3056"
"Vinmonopolet";"1495901";"Dom. Habrard Hermitage Blanc 2011";"Dom. Habrard Hermitage Blanc";"2011";"479.8";"0.75";"639.73";"White wine";"Glass";"14";"4.569524"
"Vinmonopolet";"1496001";"Chioccioli Chianti Classico 2016";"Chioccioli Chianti Classico";"2016";"211";"0.75";"281.33";"RÃ¸dvin";"Glass";"14.5";"1.9402299"
"Vinmonopolet";"1496101";"Chioccioli Chianti Classico Riserva 2015";"Chioccioli Chianti Classico Riserva";"2015";"312.5";"0.75";"416.67";"RÃ¸dvin";"Glass";"14.5";"2.8735633"
"Vinmonopolet";"1496201";"Rippon Mature Vine Pinot Noir 2012";"Rippon Mature Vine Pinot Noir";"2012";"318.9";"0.75";"425.2";"RÃ¸dvin";"Glass";"13.5";"3.1496296"
"Vinmonopolet";"1496401";"Carlo Bocchino Riserva";"Carlo Bocchino Riserva";"0";"1250";"0.7";"1785.71";"Grape spirit";"Glass";"43";"4.152824"
"Vinmonopolet";"1497101";"Cant. Privata Bocchino Riserva 12 Anni";"Cant. Privata Bocchino Riserva 12 Anni";"0";"999.9";"0.7";"1428.43";"Grape spirit";"Glass";"45";"3.174286"
"Vinmonopolet";"1498301";"Penfolds Reserve Bin 18A Chardonnay 2018";"Penfolds Reserve Bin 18A Chardonnay";"2018";"599.9";"0.75";"799.87";"White wine";"Glass";"13";"6.1528206"
"Vinmonopolet";"1498501";"Matua Lands and Legends Marlborough Sauvignon Blanc 2019";"Matua Lands and Legends Marlborough Sauvignon Blanc";"2019";"186.9";"0.75";"249.2";"White wine";"Glass";"13.5";"1.8459258"
"Vinmonopolet";"1502101";"Jean Pabiot Domaine des Fines Caillottes Pouilly FumÃ© 2018";"Jean Pabiot Domaine des Fines Caillottes Pouilly FumÃ©";"2018";"235.9";"0.75";"314.53";"White wine";"Glass";"13";"2.419487"
"Vinmonopolet";"1502201";"Albert Bichot Chablis Grand Cru Les VaudÃ©sirs 2015";"Albert Bichot Chablis Grand Cru Les VaudÃ©sirs";"2015";"529.9";"0.75";"706.53";"White wine";"Glass";"13";"5.434872"
"Vinmonopolet";"1502501";"Albert Bichot Coteaux-Bourguignons 2016";"Albert Bichot Coteaux-Bourguignons";"2016";"184.9";"0.75";"246.53";"RÃ¸dvin";"Glass";"12";"2.0544443"
"Vinmonopolet";"1502801";"False Bay Chenin Blanc 2019";"False Bay Chenin Blanc";"2019";"139.9";"0.75";"186.53";"White wine";"Glass";"13";"1.4348717"
"Vinmonopolet";"1504001";"Sandrone Barbera d'Alba 2014";"Sandrone Barbera d'Alba";"2014";"296";"0.75";"394.67";"RÃ¸dvin";"Glass";"13";"3.0358975"
"Vinmonopolet";"1504101";"Leiner Handwerk Riesling Trocken 2018";"Leiner Handwerk Riesling Trocken";"2018";"229.9";"0.75";"306.53";"White wine";"Glass";"12";"2.5544443"
"Vinmonopolet";"1504201";"Scavino Barbera d'Alba 2017";"Scavino Barbera d'Alba";"2017";"279.9";"0.75";"373.2";"RÃ¸dvin";"Glass";"14.5";"2.573793"
"Vinmonopolet";"1504207";"Scavino Barbera d'Alba 2015";"Scavino Barbera d'Alba";"2015";"1599.9";"3";"533.3";"RÃ¸dvin";"Glass";"13.5";"3.9503703"
"Vinmonopolet";"1504301";"Leiner Kalmit Riesling Trocken 2017";"Leiner Kalmit Riesling Trocken";"2017";"369.9";"0.75";"493.2";"White wine";"Glass";"13";"3.7938461"
"Vinmonopolet";"1504401";"Leiner Katzebosch Grauer Burgunder Trocken 2017";"Leiner Katzebosch Grauer Burgunder Trocken";"2017";"320";"0.75";"426.67";"White wine";"Glass";"13";"3.2820513"
"Vinmonopolet";"1504501";"Fleury Sonate No9 Extra Brut 2011";"Fleury Sonate No9 Extra Brut";"2011";"859.9";"0.75";"1146.53";"Champagne extra brut";"Glass";"12.5";"9.172267"
"Vinmonopolet";"1504601";"Fleury Fleur de l`Europe Brut Nature";"Fleury Fleur de l`Europe Brut Nature";"0";"489.9";"0.75";"653.2";"Champagne extra brut";"Glass";"12";"5.443333"
"Vinmonopolet";"1504701";"Fleury Blanc de Noirs Brut Nature";"Fleury Blanc de Noirs Brut Nature";"0";"469.9";"0.75";"626.53";"Champagne extra brut";"Glass";"12.5";"5.0122666"
"Vinmonopolet";"1505001";"La Baronne Les Lanes 2017";"La Baronne Les Lanes";"2017";"229.9";"0.75";"306.53";"RÃ¸dvin";"Glass";"14";"2.1895237"
"Vinmonopolet";"1506101";"ViÃ±a Pomal Tempranillo Crianza 2016";"ViÃ±a Pomal Tempranillo Crianza";"2016";"169.9";"0.75";"226.53";"RÃ¸dvin";"Glass";"14";"1.6180952"
"Vinmonopolet";"1509201";"Taylor's 20 Years Old Tawny";"Taylor's 20 Years Old Tawny";"0";"550";"0.75";"733.33";"Port wine";"Glass";"20";"3.6666667"
"Vinmonopolet";"1510206";"Moscatel de Cheste";"Moscatel de Cheste";"0";"479.9";"3";"159.97";"Fortified wine";"Bag-in-box";"15";"1.0664444"
"Vinmonopolet";"1512901";"Frescobaldi RÃ¨mole 2016";"Frescobaldi RÃ¨mole";"2016";"124.6";"0.75";"166.13";"RÃ¸dvin";"Glass";"12.5";"1.3290666"
"Vinmonopolet";"1513001";"Lanson Noble CuvÃ©e Blanc de Blancs Brut 2002";"Lanson Noble CuvÃ©e Blanc de Blancs Brut";"2002";"1749.9";"0.75";"2333.2";"Champagne, brut";"Glass";"12.5";"18.6656"
"Vinmonopolet";"1513501";"dA Chardonnay 2018";"dA Chardonnay";"2018";"159.9";"0.75";"213.2";"White wine";"Glass";"12.5";"1.7055999"
"Vinmonopolet";"1514001";"De Martino Gallardia Itata Guahilihue Cinsault 2018";"De Martino Gallardia Itata Guahilihue Cinsault";"2018";"189.9";"0.75";"253.2";"RÃ¸dvin";"Glass";"12.5";"2.0256"
"Vinmonopolet";"1514101";"De Martino Viejas Tinajas Muscat 2018";"De Martino Viejas Tinajas Muscat";"2018";"309.9";"0.75";"413.2";"White wine";"Glass";"12.5";"3.3056"
"Vinmonopolet";"1514901";"Ferrari Giulio Ferrari 2008";"Ferrari Giulio Ferrari";"2008";"899.9";"0.75";"1199.87";"Sparkling wine";"Glass";"12.5";"9.598933"
"Vinmonopolet";"1515101";"Placido Chianti 2018";"Placido Chianti";"2018";"149.9";"0.75";"199.87";"RÃ¸dvin";"Glass";"13";"1.5374359"
"Vinmonopolet";"1515501";"J.Normandin-Mercier Grande Champagne XO";"J.Normandin-Mercier Grande Champagne XO";"0";"1090";"0.7";"1557.14";"Grape spirit";"Glass";"40";"3.8928573"
"Vinmonopolet";"1515801";"Cast. di Poppiano Chianti Colli Fiorentini Riserva 2013";"Cast. di Poppiano Chianti Colli Fiorentini Riserva";"2013";"251";"0.75";"334.67";"RÃ¸dvin";"Glass";"14.5";"2.3080459"
"Vinmonopolet";"1517501";"Nervi Jefferson 1787 Spumante Rosato";"Nervi Jefferson  Spumante Rosato";"0";"369.9";"0.75";"493.2";"Musserende vin, rosÃ©";"Glass";"12.5";"3.9456"
"Vinmonopolet";"1518601";"Antoine Moueix La Grande Chapelle 2016";"Antoine Moueix La Grande Chapelle";"2016";"154.9";"0.75";"206.53";"RÃ¸dvin";"Glass";"13";"1.5887179"
"Vinmonopolet";"1520002";"La Trappe Isid'or Trappist";"La Trappe Isid'or Trappist";"0";"56.9";"0.33";"172.42";"Trappist";"Glass";"7.5";"2.2989898"
"Vinmonopolet";"1520201";"Pazo de Villarei AlbariÃ±o";"Pazo de Villarei AlbariÃ±o";"2018";"157.9";"0.75";"210.53";"White wine";"Glass";"13";"1.6194872"
"Vinmonopolet";"1521002";"La Trappe Witte Trappist";"La Trappe Witte Trappist";"0";"48.9";"0.33";"148.18";"Trappist";"Glass";"5.5";"2.6942148"
"Vinmonopolet";"1521401";"La Trappe Isid'or Trappist";"La Trappe Isid'or Trappist";"0";"132.9";"0.75";"177.2";"Trappist";"Glass";"7.5";"2.3626666"
"Vinmonopolet";"1522001";"Corte Giara Soave 2018";"Corte Giara Soave";"2018";"154.9";"0.75";"206.53";"White wine";"Glass";"12.5";"1.6522666"
"Vinmonopolet";"1522102";"La Trappe Quadrupel Trappist";"La Trappe Quadrupel Trappist";"0";"62.9";"0.33";"190.61";"Trappist";"Glass";"10";"1.9060606"
"Vinmonopolet";"1522402";"La Trappe Tripel Trappist Bier";"La Trappe Tripel Trappist Bier";"0";"60.9";"0.33";"184.55";"Trappist";"Glass";"8";"2.3068182"
"Vinmonopolet";"1522601";"La Trappe Bockbier Trappistenbier";"La Trappe Bockbier Trappistenbier";"0";"129.9";"0.75";"173.2";"Trappist";"Glass";"7";"2.4742856"
"Vinmonopolet";"1523201";"Tropica Sex on the Beach";"Tropica Sex on the Beach";"0";"104.9";"0.75";"139.87";"Flavoured wine	";"Glass";"7";"1.9980953"
"Vinmonopolet";"1523701";"Lorenzon Feudi di Romans Prosecco";"Lorenzon Feudi di Romans Prosecco";"0";"184.9";"0.75";"246.53";"Sparkling wine";"Glass";"11.5";"2.143768"
"Vinmonopolet";"1523801";"Huards Cour-Cheverny Romo 2016";"Huards Cour-Cheverny Romo";"2016";"229";"0.75";"305.33";"White wine";"Glass";"13";"2.348718"
"Vinmonopolet";"1523901";"Huards Cheverny Envol 2016";"Huards Cheverny Envol";"2016";"212.6";"0.75";"283.47";"RÃ¸dvin";"Glass";"12.5";"2.2677333"
"Vinmonopolet";"1524001";"Huards Cour-Cheverny Francois 1er Vieilles Vignes 2011";"Huards Cour-Cheverny Francois 1er Vieilles Vignes";"2011";"269";"0.75";"358.67";"White wine";"Glass";"12.5";"2.8693333"
"Vinmonopolet";"1524201";"Terra Montosa Riesling 2018";"Terra Montosa Riesling";"2018";"327.9";"0.75";"437.2";"White wine";"Glass";"12";"3.6433332"
"Vinmonopolet";"1524205";"Terra Montosa Riesling 2017";"Terra Montosa Riesling";"2017";"704.9";"1.5";"469.93";"White wine";"Glass";"11.5";"4.086377"
"Vinmonopolet";"1524601";"Merlot Mezzacorona 2017";"Merlot Mezzacorona";"2017";"139";"0.75";"185.33";"RÃ¸dvin";"Glass";"13";"1.4256411"
"Vinmonopolet";"1526401";"Dumangin 1er Cru RosÃ© Brut";"Dumangin 1er Cru RosÃ© Brut";"0";"475";"0.75";"633.33";"Champagne, rosÃ©";"Glass";"12";"5.2777777"
"Vinmonopolet";"1527401";"CousiÃ±o-Macul Merlot Reserva 2014";"CousiÃ±o-Macul Merlot Reserva";"2014";"269.9";"0.75";"359.87";"RÃ¸dvin";"Glass";"14";"2.570476"
"Vinmonopolet";"1528401";"Ch. la Tour de By 2015";"Ch. la Tour de By";"2015";"211";"0.75";"281.33";"RÃ¸dvin";"Glass";"13.5";"2.0839505"
"Vinmonopolet";"1529101";"Dominios del DueÃ±o Tempranillo 2018";"Dominios del DueÃ±o Tempranillo";"2018";"155";"0.75";"206.67";"RÃ¸dvin";"Glass";"13";"1.5897436"
"Vinmonopolet";"1532601";"Albino Armani Foja Tonda 2010";"Albino Armani Foja Tonda";"2010";"149.9";"0.75";"199.87";"RÃ¸dvin";"Glass";"13";"1.5374359"
"Vinmonopolet";"1534701";"Effet Papillon CÃ´tes du Roussillon Blanc 2016";"Effet Papillon CÃ´tes du Roussillon Blanc";"2016";"124.9";"0.75";"166.53";"White wine";"Glass";"12.5";"1.3322667"
"Vinmonopolet";"1534901";"Effet Papillon CÃ´tes du Roussillon RosÃ© 2017";"Effet Papillon CÃ´tes du Roussillon RosÃ©";"2017";"124.9";"0.75";"166.53";"RosÃ©vin";"Glass";"12.5";"1.3322667"
"Vinmonopolet";"1537701";"Santa Ana Malbec 2018";"Santa Ana Malbec";"2018";"142.9";"0.75";"190.53";"RÃ¸dvin";"Glass";"13";"1.465641"
"Vinmonopolet";"1537801";"Villa Negra Gran Reserva 2014";"Villa Negra Gran Reserva";"2014";"119.9";"0.75";"159.87";"RÃ¸dvin";"Glass";"14";"1.1419048"
"Vinmonopolet";"1538101";"Clontarf";"Clontarf";"0";"524.9";"1";"524.9";"Whisky";"Glass";"40";"1.31225"
"Vinmonopolet";"1539301";"Camus V.S. Elegance";"Camus V.S. Elegance";"0";"484.9";"0.7";"692.71";"Grape spirit";"Glass";"40";"1.7317858"
"Vinmonopolet";"1540701";"Thor Heyerdahl Pioneer";"Thor Heyerdahl Pioneer";"0";"439.9";"0.7";"628.43";"Grape spirit";"Glass";"40";"1.5710714"
"Vinmonopolet";"1540702";"Thor Heyerdahl Pioneer";"Thor Heyerdahl Pioneer";"0";"319.9";"0.5";"639.8";"Grape spirit";"Plast";"40";"1.5995"
"Vinmonopolet";"1541201";"Beringer Cabernet Sauvignon 2017";"Beringer Cabernet Sauvignon";"2017";"124.9";"0.75";"166.53";"RÃ¸dvin";"Glass";"12.5";"1.3322667"
"Vinmonopolet";"1542301";"Dom. de Joy l'Etoile 2017";"Dom. de Joy l'Etoile";"2017";"125";"0.75";"166.67";"White wine";"Glass";"12";"1.3888888"
"Vinmonopolet";"1542401";"Dom. Saint-Lannes Signature 2019";"Dom. Saint-Lannes Signature";"2019";"114.9";"0.75";"153.2";"White wine";"Glass";"11";"1.3927273"
"Vinmonopolet";"1543207";"Louis Roederer Brut Premier";"Louis Roederer Brut Premier";"0";"2370";"3";"790";"Champagne, brut";"Glass";"12";"6.5833335"
"Vinmonopolet";"1546001";"McPherson Shiraz 2017";"McPherson Shiraz";"2017";"165";"0.75";"220";"RÃ¸dvin";"Glass";"14";"1.5714285"
"Vinmonopolet";"1546906";"Conte Ricci Barbera 2018";"Conte Ricci Barbera";"2018";"434.9";"3";"144.97";"RÃ¸dvin";"Bag-in-box";"13";"1.1151282"
"Vinmonopolet";"1547901";"MonteabellÃ³n 2016";"MonteabellÃ³n";"2016";"212";"0.75";"282.67";"RÃ¸dvin";"Glass";"14";"2.0190477"
"Vinmonopolet";"1548201";"Barat Chablis 2017";"Barat Chablis";"2017";"315.7";"0.75";"420.93";"White wine";"Glass";"13";"3.237949"
"Vinmonopolet";"1549301";"Dom. Tariquet Sauvignon Blanc 2018";"Dom. Tariquet Sauvignon Blanc";"2018";"149.9";"0.75";"199.87";"White wine";"Glass";"11.5";"1.737971"
"Vinmonopolet";"1550802";"Kirow X.O.";"Kirow X.O.";"0";"227.9";"0.5";"455.8";"Grape spirit";"Plast";"36";"1.2661111"
"Vinmonopolet";"1551801";"Charles de FÃ¨re CuvÃ©e Jean-Louis Blanc de Blancs Brut";"Charles de FÃ¨re CuvÃ©e Jean-Louis Blanc de Blancs Brut";"0";"129.9";"0.75";"173.2";"Sparkling wine";"Glass";"11.5";"1.5060868"
"Vinmonopolet";"1553401";"The Fat Trout Single Malt 10 Years Old";"The Fat Trout Single Malt 10 Years Old";"0";"449.9";"0.7";"642.71";"Whisky";"Glass";"40";"1.6067858"
"Vinmonopolet";"1554501";"Bache-Gabrielsen SÃ©rÃ©nitÃ© TrÃ¨s Vieille Grande Champagne";"Bache-Gabrielsen SÃ©rÃ©nitÃ© TrÃ¨s Vieille Grande Champagne";"0";"965";"0.7";"1378.57";"Grape spirit";"Glass";"40";"3.4464285"
"Vinmonopolet";"1555802";"Kirow Lemon";"Kirow Lemon";"0";"226.9";"0.5";"453.8";"Vodka";"Plast";"37.5";"1.2101333"
"Vinmonopolet";"1556501";"M. Chapoutier CÃ´tes du RhÃ´ne 2018";"M. Chapoutier CÃ´tes du RhÃ´ne";"2018";"175";"0.75";"233.33";"RÃ¸dvin";"Glass";"14";"1.6666666"
"Vinmonopolet";"1556601";"Singleton of Dufftown";"Singleton of Dufftown";"0";"449.9";"0.7";"642.71";"Whisky";"Glass";"40";"1.6067858"
"Vinmonopolet";"1556901";"Barone Ricasoli Chianti";"Barone Ricasoli Chianti";"2018";"139.9";"0.75";"186.53";"RÃ¸dvin";"Glass";"13";"1.4348717"
"Vinmonopolet";"1557701";"Brugal AÃ±ejo";"Brugal AÃ±ejo";"0";"389.9";"0.7";"557";"Rum";"Glass";"38";"1.4657894"
"Vinmonopolet";"1558002";"Kirow Tiktak";"Kirow Tiktak";"0";"137.9";"0.5";"275.8";"Brennevin, nÃ¸ytralt < 37,5 %";"Plast";"20";"1.379"
"Vinmonopolet";"1558801";"My World Australia Shiraz Cabernet Sauvignon";"My World Australia Shiraz Cabernet Sauvignon";"0";"119.7";"0.75";"159.6";"RÃ¸dvin";"Glass";"12";"1.3299999"
"Vinmonopolet";"1558806";"My World Australia Shiraz Cabernet Sauvignon";"My World Australia Shiraz Cabernet Sauvignon";"0";"399.9";"3";"133.3";"RÃ¸dvin";"Bag-in-box";"12";"1.1108333"
"Vinmonopolet";"1561001";"Berberana Pink Dragon 2017";"Berberana Pink Dragon";"2017";"139.9";"0.75";"186.53";"RosÃ©vin";"Glass";"12.5";"1.4922667"
"Vinmonopolet";"1561106";"Wild South Sauvignon Blanc Chardonnay 2017";"Wild South Sauvignon Blanc Chardonnay";"2017";"379.9";"3";"126.63";"White wine";"Bag-in-box";"11";"1.1512121"
"Vinmonopolet";"1562202";"KGB Vodka";"KGB Vodka";"0";"211.9";"0.5";"423.8";"Vodka";"Plast";"37.5";"1.1301333"
"Vinmonopolet";"1562401";"Dom. Tariquet Folle Blanche 8 YO Bas Armagnac";"Dom. Tariquet Folle Blanche 8 YO Bas Armagnac";"0";"659.9";"0.7";"942.71";"Grape spirit";"Glass";"50.5";"1.8667611"
"Vinmonopolet";"1562601";"MarquÃ©s de la Concordia Hacienda Abascal Crianza 2016";"MarquÃ©s de la Concordia Hacienda Abascal Crianza";"2016";"155.9";"0.75";"207.87";"RÃ¸dvin";"Glass";"13.5";"1.5397531"
"Vinmonopolet";"1562901";"CafÃ© Culture Pinotage 2019";"CafÃ© Culture Pinotage";"2019";"147.9";"0.75";"197.2";"RÃ¸dvin";"Glass";"14";"1.4085714"
"Vinmonopolet";"1563001";"Vikingfjord Ice Shot Blueberry";"Vikingfjord Ice Shot Blueberry";"0";"219.9";"0.7";"314.14";"Other spirit";"Glass";"20";"1.5707142"
"Vinmonopolet";"1563002";"Vikingfjord Ice Shot Blueberry";"Vikingfjord Ice Shot Blueberry";"0";"184.9";"0.5";"369.8";"Other spirit";"Plast";"20";"1.849"
"Vinmonopolet";"1564606";"La Familia Piemonte Barbera 2018";"La Familia Piemonte Barbera";"2018";"436.9";"3";"145.63";"RÃ¸dvin";"Bag-in-box";"12.5";"1.1650666"
"Vinmonopolet";"1564701";"Castellani Poggio al Casone Chianti Superiore 2016";"Castellani Poggio al Casone Chianti Superiore";"2016";"134.9";"0.75";"179.87";"RÃ¸dvin";"Glass";"12.5";"1.4389333"
"Vinmonopolet";"1565001";"Miopasso Nero d'Avola 2019";"Miopasso Nero d'Avola";"2019";"134.9";"0.75";"179.87";"RÃ¸dvin";"Glass";"13";"1.3835896"
"Vinmonopolet";"1566001";"Casillero del Diablo Merlot 2018";"Casillero del Diablo Merlot";"2018";"114.9";"0.75";"153.2";"RÃ¸dvin";"Glass";"13.5";"1.1348149"
"Vinmonopolet";"1566702";"Kirow Tiktak Lemon & Lime";"Kirow Tiktak Lemon & Lime";"0";"131.9";"0.5";"263.8";"Other spirit";"Plast";"17";"1.5517646"
"Vinmonopolet";"1567301";"Radeberger";"Radeberger";"0";"339.9";"0.7";"485.57";"Bitter	";"Glass";"35";"1.387347"
"Vinmonopolet";"1567601";"Soerlie V.S.";"Soerlie V.S.";"0";"419.9";"0.7";"599.86";"Grape spirit";"Glass";"40";"1.4996428"
"Vinmonopolet";"1567603";"Soerlie V.S.";"Soerlie V.S.";"0";"59.9";"0.05";"1198";"Grape spirit";"Glass";"40";"2.9950001"
"Vinmonopolet";"1567801";"Lindeman's Bin 25 Brut CuvÃ©e";"Lindeman's Bin 25 Brut CuvÃ©e";"0";"99.9";"0.75";"133.2";"Sparkling wine";"Glass";"12";"1.11"
"Vinmonopolet";"1568001";"Gibson's London Dry Gin";"Gibson's London Dry Gin";"0";"445.9";"1";"445.9";"Gin";"Glass";"37.5";"1.1890666"
"Vinmonopolet";"1568002";"Gibson's London Dry Gin";"Gibson's London Dry Gin";"0";"233.9";"0.5";"467.8";"Gin";"Plast";"37.5";"1.2474667"
"Vinmonopolet";"1568203";"Molinari Sambuca Extra";"Molinari Sambuca Extra";"0";"89.9";"0.1";"899";"LikÃ¸r";"Glass";"42";"2.1404762"
"Vinmonopolet";"1569001";"Torres Ibericos Crianza 2016";"Torres Ibericos Crianza";"2016";"139.9";"0.75";"186.53";"RÃ¸dvin";"Glass";"14";"1.3323809"
"Vinmonopolet";"1569806";"Cadis Soave 2019";"Cadis Soave";"2019";"399.9";"3";"133.3";"White wine";"Bag-in-box";"12";"1.1108333"
"Vinmonopolet";"1570801";"Amundsen Arctic Vodka Extra";"Amundsen Arctic Vodka Extra";"0";"426.9";"1";"426.9";"Vodka";"Plast";"38";"1.1234211"
"Vinmonopolet";"1570802";"Amundsen Arctic Vodka Extra";"Amundsen Arctic Vodka Extra";"0";"229.9";"0.5";"459.8";"Vodka";"Plast";"38";"1.2099999"
"Vinmonopolet";"1571001";"Dal Nostro Giardino Barbera d'Asti 2018";"Dal Nostro Giardino Barbera d'Asti";"2018";"144.9";"0.75";"193.2";"RÃ¸dvin";"Glass";"14";"1.38"
"Vinmonopolet";"1571005";"Dal Nostro Barbera d'Asti";"Dal Nostro Barbera d'Asti";"2014";"310";"1.5";"206.67";"RÃ¸dvin";"Glass";"13";"1.5897436"
"Vinmonopolet";"1571101";"Giacosa Fratelli Barbera d'Alba Bussie 2018";"Giacosa Fratelli Barbera d'Alba Bussie";"2018";"169.9";"0.75";"226.53";"RÃ¸dvin";"Glass";"14.5";"1.5622988"
"Vinmonopolet";"1571107";"Giacosa Fratelli Barbera d`Alba Bussie 2018";"Giacosa Fratelli Barbera d`Alba Bussie";"2018";"669.9";"3";"223.3";"RÃ¸dvin";"Glass";"14.5";"1.5400001"
"Vinmonopolet";"1571406";"Collection Valpolicella Riposto";"Collection Valpolicella Riposto";"2018";"529.9";"3";"176.63";"RÃ¸dvin";"Bag-in-box";"12";"1.4719446"
"Vinmonopolet";"1572701";"Amore Passo Rosso 2017";"Amore Passo Rosso";"2017";"134.9";"0.75";"179.87";"RÃ¸dvin";"Glass";"13";"1.3835896"
"Vinmonopolet";"1572706";"Amore Passo Rosso 2019";"Amore Passo Rosso";"2019";"429.9";"3";"143.3";"RÃ¸dvin";"Bag-in-box";"13";"1.1023077"
"Vinmonopolet";"1572901";"Giol Prosecco Spumante Brut 2019";"Giol Prosecco Spumante Brut";"2019";"139.9";"0.75";"186.53";"Sparkling wine";"Glass";"11";"1.6957575"
"Vinmonopolet";"1575401";"Philipp Kuhn Riesling Kirschgarten GG Trocken 2017";"Philipp Kuhn Riesling Kirschgarten GG Trocken";"2017";"339.9";"0.75";"453.2";"White wine";"Glass";"13";"3.4861538"
"Vinmonopolet";"1575902";"Fernando de Castilla Manzanilla";"Fernando de Castilla Manzanilla";"0";"174.8";"0.38";"466.13";"Sherry";"Glass";"15";"3.0666668"
"Vinmonopolet";"1576002";"Fernando de Castilla Fino en Rama";"Fernando de Castilla Fino en Rama";"0";"189.9";"0.38";"506.4";"Sherry";"Glass";"15";"3.331579"
"Vinmonopolet";"1576201";"Erse Etna Bianco 2017";"Erse Etna Bianco";"2017";"259.9";"0.75";"346.53";"White wine";"Glass";"12";"2.8877778"
"Vinmonopolet";"1578302";"Aass Bock";"Aass Bock";"0";"34.9";"0.33";"105.76";"MÃ¸rk lager";"Glass";"6.5";"1.6270397"
"Vinmonopolet";"1578501";"Colin ParallÃ¨le Premier Cru Blanc de Blancs Extra Brut";"Colin ParallÃ¨le Premier Cru Blanc de Blancs Extra Brut";"0";"479.9";"0.75";"639.87";"Champagne extra brut";"Glass";"12";"5.332222"
"Vinmonopolet";"1578601";"Colin Grand Cru Blanc de Blancs Brut 2010";"Colin Grand Cru Blanc de Blancs Brut";"2010";"645";"0.75";"860";"Champagne, brut";"Glass";"12";"7.1666665"
"Vinmonopolet";"1578801";"Guovssahas Nordlyset Akevihtta";"Guovssahas Nordlyset Akevihtta";"0";"389";"0.7";"555.71";"Aquavit";"Glass";"40";"1.3892857"
"Vinmonopolet";"1579506";"Louis Pascal Touraine Sauvignon Blanc 2017";"Louis Pascal Touraine Sauvignon Blanc";"2017";"459.9";"3";"153.3";"White wine";"Bag-in-box";"12";"1.2775"
"Vinmonopolet";"1583701";"Montchovet Cremant de Bourgogne";"Montchovet Cremant de Bourgogne";"2015";"289.9";"0.75";"386.53";"Sparkling wine";"Glass";"12";"3.221111"
"Vinmonopolet";"1585601";"Falchenberg og NÃ¦rlie Riesling 2017";"Falchenberg og NÃ¦rlie Riesling";"2017";"179.9";"0.75";"239.87";"White wine";"Glass";"12";"1.9988889"
"Vinmonopolet";"1587301";"TorellÃ³ Delicatessen Reserva Brut 2010";"TorellÃ³ Delicatessen Reserva Brut";"2010";"198.9";"0.75";"265.2";"Sparkling wine";"Glass";"12";"2.21"
"Vinmonopolet";"1587501";"JosÃ© Pariente Sauvignon Blanc 2019";"JosÃ© Pariente Sauvignon Blanc";"2019";"185.1";"0.75";"246.8";"White wine";"Glass";"13";"1.8984616"
"Vinmonopolet";"1590502";"Brouwerij De Molen Hop & Liefde";"Brouwerij De Molen Hop & Liefde";"0";"49.9";"0.33";"151.21";"Pale ale";"Glass";"4.8";"3.1502523"
"Vinmonopolet";"1590606";"Casillero del Diablo Reserva Chardonnay 2018";"Casillero del Diablo Reserva Chardonnay";"2018";"394.9";"3";"131.63";"White wine";"Bag-in-box";"12.5";"1.0530666"
"Vinmonopolet";"1593501";"FiskefjÃ¦s";"FiskefjÃ¦s";"0";"299.9";"1";"299.9";"Other spirit";"Glass";"16.4";"1.8286586"
"Vinmonopolet";"1593601";"Wemyss The Hive 8 YO";"Wemyss The Hive 8 YO";"0";"599";"0.7";"855.71";"Whisky";"Glass";"40";"2.1392858"
"Vinmonopolet";"1594001";"Zaccagnini Abruzzo Pecorino 2019";"Zaccagnini Abruzzo Pecorino";"2019";"169.9";"0.75";"226.53";"White wine";"Glass";"13";"1.7425641"
"Vinmonopolet";"1594601";"Wemyss Spice King 12 YO";"Wemyss Spice King 12 YO";"0";"749";"0.7";"1070";"Whisky";"Glass";"40";"2.675"
"Vinmonopolet";"1595001";"Darnley's Spiced Gin";"Darnley's Spiced Gin";"0";"625";"0.7";"892.86";"Gin";"Glass";"42.7";"2.0910003"
"Vinmonopolet";"1595101";"Wemyss Spice King 8 YO";"Wemyss Spice King 8 YO";"0";"599";"0.7";"855.71";"Whisky";"Glass";"40";"2.1392858"
"Vinmonopolet";"1595601";"Svenska Eldvatten Sherry Matured 1994";"Svenska Eldvatten Sherry Matured";"1994";"1219";"0.7";"1741.43";"Whisky";"Glass";"54.5";"3.1952817"
"Vinmonopolet";"1595702";"Svenska Eldvatten Glenn Batch 2";"Svenska Eldvatten Glenn Batch 2";"0";"845";"0.5";"1690";"Whisky";"Glass";"50";"3.38"
"Vinmonopolet";"1596002";"SmÃ¶gen Strane";"SmÃ¶gen Strane";"0";"779";"0.5";"1558";"Gin";"Glass";"47.4";"3.2869198"
"Vinmonopolet";"1596402";"St Austell Big Job Double IPA";"St Austell Big Job Double IPA";"0";"69.9";"0.5";"139.8";"India pale ale";"Glass";"7.2";"1.9416667"
"Vinmonopolet";"1597401";"Coral Coast Shiraz 2015";"Coral Coast Shiraz";"2015";"157.1";"0.75";"209.47";"RÃ¸dvin";"Glass";"13.5";"1.551605"
"Vinmonopolet";"1598001";"Lord Elcho";"Lord Elcho";"0";"479";"0.7";"684.29";"Whisky";"Glass";"40";"1.7107143"
"Vinmonopolet";"1598101";"Riondo CuvÃ©e Excelsa Prosecco 2011";"Riondo CuvÃ©e Excelsa Prosecco";"2011";"231.5";"0.75";"308.67";"Sparkling wine";"Glass";"11.5";"2.684058"
"Vinmonopolet";"1602201";"Stefano Legnani Ponte di Toi 2013";"Stefano Legnani Ponte di Toi";"2013";"300";"0.75";"400";"White wine";"Glass";"12.5";"3.2"
"Vinmonopolet";"1604601";"Beeslaar Pinotage 2016";"Beeslaar Pinotage";"2016";"429";"0.75";"572";"RÃ¸dvin";"Glass";"14.5";"3.9448276"
"Vinmonopolet";"1604902";"GrÃ¼nerlÃ¸kka Brygghus LÃ¸kka IPA";"GrÃ¼nerlÃ¸kka Brygghus LÃ¸kka IPA";"0";"70.9";"0.5";"141.8";"India pale ale";"Glass";"7";"2.0257144"
"Vinmonopolet";"1607001";"De Sousa Cuvee des Caudalies Grand Cru Blanc de Blancs";"De Sousa Cuvee des Caudalies Grand Cru Blanc de Blancs";"0";"700.8";"0.75";"934.4";"Champagne, brut";"Glass";"12.5";"7.4751997"
"Vinmonopolet";"1607201";"Mantlerhof Wieland Riesling Reserve 2014";"Mantlerhof Wieland Riesling Reserve";"2014";"219.9";"0.75";"293.2";"White wine";"Glass";"13";"2.2553844"
"Vinmonopolet";"1607301";"HÃ¸vding Aquavit";"HÃ¸vding Aquavit";"0";"389.9";"0.7";"557";"Aquavit";"Glass";"40";"1.3925"
"Vinmonopolet";"1607605";"Alfred Gratien Brut MillesimÃ© 2005";"Alfred Gratien Brut MillesimÃ©";"2005";"1529.9";"1.5";"1019.93";"Champagne, brut";"Glass";"12.5";"8.159467"
"Vinmonopolet";"1607801";"Alfred Gratien CuvÃ©e Paradis Brut 2013";"Alfred Gratien CuvÃ©e Paradis Brut";"2013";"839.9";"0.75";"1119.87";"Champagne, brut";"Glass";"12.5";"8.958934"
"Vinmonopolet";"1607901";"Alfred Gratien Brut 2005";"Alfred Gratien Brut";"2005";"675.5";"0.75";"900.67";"Champagne, brut";"Glass";"12.5";"7.205333"
"Vinmonopolet";"1608001";"Alfred Gratien Blanc de Blancs Brut 2009";"Alfred Gratien Blanc de Blancs Brut";"2009";"550.8";"0.75";"734.4";"Champagne, brut";"Glass";"12.5";"5.8752"
"Vinmonopolet";"1608801";"Uva Mira Sauvignon Blanc 2014";"Uva Mira Sauvignon Blanc";"2014";"219";"0.75";"292";"White wine";"Glass";"13";"2.2461538"
"Vinmonopolet";"1610001";"Kinn Kveldsbris";"Kinn Kveldsbris";"0";"96";"0.75";"128";"Light ale";"Glass";"5.5";"2.3272727"
"Vinmonopolet";"1610101";"Kinn Skoddehav Kvit IndiaÃ¸l";"Kinn Skoddehav Kvit IndiaÃ¸l";"0";"99.9";"0.75";"133.2";"India pale ale";"Glass";"6.5";"2.0492308"
"Vinmonopolet";"1610302";"Haandbryggeriet Humlekanon";"Haandbryggeriet Humlekanon";"0";"85";"0.5";"170";"India pale ale";"Glass";"7.5";"2.2666667"
"Vinmonopolet";"1612901";"Yealands Estate Single Vineyard P.G.R. 2018";"Yealands Estate Single Vineyard P.G.R.";"2018";"209.9";"0.75";"279.87";"White wine";"Glass";"12.5";"2.2389333"
"Vinmonopolet";"1614002";"KrÃ¶nleins Stockholm Fine Festival Beer";"KrÃ¶nleins Stockholm Fine Festival Beer";"0";"36.9";"0.33";"105.76";"Light lager";"Emballasje med pant";"7.2";"1.5530304"
"Vinmonopolet";"1616501";"Paolo Scavino Barolo Monvigliero 2012";"Paolo Scavino Barolo Monvigliero";"2012";"899.9";"0.75";"1199.87";"RÃ¸dvin";"Glass";"14.5";"8.274942"
"Vinmonopolet";"1616601";"Paolo Scavino Barolo Cannubi 2016";"Paolo Scavino Barolo Cannubi";"2016";"999.9";"0.75";"1333.2";"RÃ¸dvin";"Glass";"14.5";"9.194483"
"Vinmonopolet";"1616801";"Graham`s Extra Dry White";"Graham`s Extra Dry White";"0";"279.9";"0.75";"373.2";"Port wine";"Glass";"19";"1.9642105"
"Vinmonopolet";"1616901";"Vocoret Chablis Grand Cru Valmur 2016";"Vocoret Chablis Grand Cru Valmur";"2016";"495";"0.75";"660";"White wine";"Glass";"13";"5.076923"
"Vinmonopolet";"1617301";"Baron Gaston Legrand Bas Armaganc 1985";"Baron Gaston Legrand Bas Armaganc";"1985";"999";"0.7";"1427.14";"Grape spirit";"Glass";"40";"3.5678573"
"Vinmonopolet";"1620301";"Nicolas Rossignol Volnay 1er Cru Cailleret 2017";"Nicolas Rossignol Volnay 1er Cru Cailleret";"2017";"1437.7";"0.75";"1916.93";"RÃ¸dvin";"Glass";"13";"14.745641"
"Vinmonopolet";"1622601";"La Ginestraia Rivera Ligure di Ponente Pigato 2019";"La Ginestraia Rivera Ligure di Ponente Pigato";"2019";"225";"0.75";"300";"White wine";"Glass";"13.5";"2.2222223"
"Vinmonopolet";"1623901";"Claude Cazals Clos de Cazals Blanc de Blancs Extra Brut 2002";"Claude Cazals Clos de Cazals Blanc de Blancs Extra Brut";"2002";"889.9";"0.75";"1186.53";"Champagne extra brut";"Glass";"12.5";"9.492267"
"Vinmonopolet";"1626901";"Olmeca Altos Reposado";"Olmeca Altos Reposado";"0";"619.9";"0.7";"885.57";"Fruit spirit";"Glass";"38";"2.3304513"
"Vinmonopolet";"1627101";"Defaix Chablis 1er Cru Cote de Lechet 2005";"Defaix Chablis 1er Cru Cote de Lechet";"2005";"386";"0.75";"514.67";"White wine";"Glass";"13";"3.9589744"
"Vinmonopolet";"1628201";"Hauts de Pontet-Canet 2006";"Hauts de Pontet-Canet";"2006";"870";"0.75";"1160";"RÃ¸dvin";"Glass";"13";"8.923077"
"Vinmonopolet";"1629001";"Weing. E. Wehrheim Niersteiner Bildstock Riesling Kabinett Trocken 2017";"Weing. E. Wehrheim Niersteiner Bildstock Riesling Kabinett Trocken";"2017";"215";"0.75";"286.67";"White wine";"Glass";"11";"2.6060605"
"Vinmonopolet";"1634101";"Krug Vintage 2006";"Krug Vintage";"2006";"2399.9";"0.75";"3199.87";"Champagne, brut";"Glass";"12";"26.665554"
"Vinmonopolet";"1635901";"Baron de Ley 7 ViÃ±as Reserva 2012";"Baron de Ley 7 ViÃ±as Reserva";"2012";"349.5";"0.75";"466";"RÃ¸dvin";"Glass";"14";"3.3285713"
"Vinmonopolet";"1636201";"Louis Roederer Blanc de Blancs 2011";"Louis Roederer Blanc de Blancs";"2011";"689.9";"0.75";"919.87";"Champagne, brut";"Glass";"12";"7.665556"
"Vinmonopolet";"1636501";"Samuel Billaud Chablis 1er Cru Mont de Milieu 2017";"Samuel Billaud Chablis 1er Cru Mont de Milieu";"2017";"429.9";"0.75";"573.2";"White wine";"Glass";"13";"4.4092307"
"Vinmonopolet";"1636601";"Samuel Billaud Chablis Grand Cru Les Clos 2017";"Samuel Billaud Chablis Grand Cru Les Clos";"2017";"789.9";"0.75";"1053.2";"White wine";"Glass";"13";"8.101539"
"Vinmonopolet";"1638901";"Bruichladdich Islay Barley 2010";"Bruichladdich Islay Barley";"2010";"809.9";"0.7";"1157";"Whisky";"Glass";"50";"2.3140001"
"Vinmonopolet";"1639001";"Bruichladdich The Classic Laddie";"Bruichladdich The Classic Laddie";"0";"719.9";"0.7";"1028.43";"Whisky";"Glass";"50";"2.0568573"
"Vinmonopolet";"1642302";"Kimerud Raspberry Elixir";"Kimerud Raspberry Elixir";"0";"252.9";"0.5";"505.8";"LikÃ¸r";"Glass";"18";"2.81"
"Vinmonopolet";"1642501";"Pierre Gimonnet Oenophile Non Dose 2012";"Pierre Gimonnet Oenophile Non Dose";"2012";"499.8";"0.75";"666.4";"Champagne extra brut";"Glass";"12.5";"5.3311996"
"Vinmonopolet";"1643701";"Le Vigne Di Eli Etna Rosso 2013";"Le Vigne Di Eli Etna Rosso";"2013";"251.4";"0.75";"335.2";"RÃ¸dvin";"Glass";"13";"2.5784614"
"Vinmonopolet";"1644401";"ViÃ±as del Vero ColecciÃ³n Riesling 2013";"ViÃ±as del Vero ColecciÃ³n Riesling";"2013";"108.9";"0.75";"145.2";"White wine";"Glass";"13.5";"1.0755556"
"Vinmonopolet";"1644601";"Blossom Hill White Zinfandel 2015";"Blossom Hill White Zinfandel";"2015";"99.9";"0.75";"133.2";"RosÃ©vin";"Glass";"11.5";"1.158261"
"Vinmonopolet";"1646401";"Bree Pinot Noir RosÃ© 2019";"Bree Pinot Noir RosÃ©";"2019";"129.9";"0.75";"173.2";"RosÃ©vin";"Glass";"10.5";"1.6495237"
"Vinmonopolet";"1646406";"Bree Pinot Noir RosÃ©";"Bree Pinot Noir RosÃ©";"2019";"399.9";"3";"133.3";"RosÃ©vin";"Bag-in-box";"11";"1.2118182"
"Vinmonopolet";"1646501";"Bree White Chardonnay 2018";"Bree White Chardonnay";"2018";"129.9";"0.75";"173.2";"White wine";"Glass";"12";"1.4433333"
"Vinmonopolet";"1646504";"Bree White Chardonnay";"Bree White Chardonnay";"2018";"59.9";"0.25";"239.6";"White wine";"Glass";"12";"1.9966667"
"Vinmonopolet";"1646506";"Bree White Chardonnay";"Bree White Chardonnay";"2019";"399.9";"3";"133.3";"White wine";"Bag-in-box";"12";"1.1108333"
"Vinmonopolet";"1646602";"Peter Mertes Nachtgold Beerenauslese";"Peter Mertes Nachtgold Beerenauslese";"2018";"129.9";"0.38";"346.4";"White wine";"Glass";"9";"3.7982454"
"Vinmonopolet";"1647101";"Dom. Weinbach Mirabelle d'Alsace";"Dom. Weinbach Mirabelle d'Alsace";"0";"899.9";"0.7";"1285.57";"Fruit spirit";"Glass";"45";"2.8568256"
"Vinmonopolet";"1647201";"Dom. Weinbach Sylvaner RÃ©serve 2018";"Dom. Weinbach Sylvaner RÃ©serve";"2018";"259.9";"0.75";"346.53";"White wine";"Glass";"13.5";"2.5669136"
"Vinmonopolet";"1647401";"Dom. Weinbach CuvÃ©e ThÃ©o Riesling 2018";"Dom. Weinbach CuvÃ©e ThÃ©o Riesling";"2018";"359.9";"0.75";"479.87";"White wine";"Glass";"13.5";"3.5545678"
"Vinmonopolet";"1649201";"Cascina Colina Piemonte Chardonnay 2016";"Cascina Colina Piemonte Chardonnay";"2016";"195";"0.75";"260";"White wine";"Glass";"13.5";"1.925926"
"Vinmonopolet";"1649701";"Josef Ehmoser Von den Terrassen GrÃ¼ner Veltliner 2018";"Josef Ehmoser Von den Terrassen GrÃ¼ner Veltliner";"2018";"199.9";"0.75";"266.53";"White wine";"Glass";"12";"2.221111"
"Vinmonopolet";"1650001";"Josef Ehmoser Vom gelben LÃ¶ss Riesling 2018";"Josef Ehmoser Vom gelben LÃ¶ss Riesling";"2018";"199.9";"0.75";"266.53";"White wine";"Glass";"12.5";"2.1322665"
"Vinmonopolet";"1650201";"Dominique Roger Dom. du Carrou Sancerre RosÃ© 2018";"Dominique Roger Dom. du Carrou Sancerre RosÃ©";"2018";"255";"0.75";"340";"RosÃ©vin";"Glass";"12.5";"2.72"
"Vinmonopolet";"1652701";"Castello di Bolgheri Superiore 2011";"Castello di Bolgheri Superiore";"2011";"389";"0.75";"518.67";"RÃ¸dvin";"Glass";"14.5";"3.5770116"
"Vinmonopolet";"1654301";"Ampeleia Alicante 2017";"Ampeleia Alicante";"2017";"274.9";"0.75";"366.53";"RÃ¸dvin";"Glass";"12.5";"2.9322667"
"Vinmonopolet";"1654801";"Ulvik Frukt og Cideri Hakastadsider Gravenstein 2017";"Ulvik Frukt og Cideri Hakastadsider Gravenstein";"2017";"154.9";"0.75";"206.53";"Cider";"Glass";"7.5";"2.7537777"
"Vinmonopolet";"1655301";"Birkedal Hartmann QualitÃ© Rare";"Birkedal Hartmann QualitÃ© Rare";"0";"489";"0.7";"698.57";"Grape spirit";"Glass";"40";"1.7464286"
"Vinmonopolet";"1655401";"Birkedal Hartmann Aristokraten QualitÃ© Rare";"Birkedal Hartmann Aristokraten QualitÃ© Rare";"0";"460";"0.7";"657.14";"Grape spirit";"Glass";"40";"1.6428572"
"Vinmonopolet";"1655601";"Vennevin RÃ¸d";"Vennevin RÃ¸d";"2017";"166";"0.75";"221.33";"RÃ¸dvin";"Glass";"12.5";"1.7706667"
"Vinmonopolet";"1655801";"Fjor`n Musserende";"Fjor`n Musserende";"0";"172";"0.75";"229.33";"Sparkling wine";"Glass";"12";"1.9111111"
"Vinmonopolet";"1657001";"Planeta Frappato 2018";"Planeta Frappato";"2018";"255";"0.75";"340";"RÃ¸dvin";"Glass";"13";"2.6153846"
"Vinmonopolet";"1657201";"Bellavista Franciacorta SatÃ¨n 2014";"Bellavista Franciacorta SatÃ¨n";"2014";"525";"0.75";"700";"Sparkling wine";"Glass";"12.5";"5.6"
"Vinmonopolet";"1657301";"Bellavista Franciacorta Vittorio Moretti 2006";"Bellavista Franciacorta Vittorio Moretti";"2006";"975";"0.75";"1300";"Sparkling wine";"Glass";"12.5";"10.4"
"Vinmonopolet";"1657501";"Cavallotto Langhe Nebbiolo 2017";"Cavallotto Langhe Nebbiolo";"2017";"279.9";"0.75";"373.2";"RÃ¸dvin";"Glass";"14.5";"2.573793"
"Vinmonopolet";"1657801";"La Trappe Witte Trappist";"La Trappe Witte Trappist";"0";"129.9";"0.75";"173.2";"Trappist";"Glass";"5.5";"3.1490908"
"Vinmonopolet";"1659201";"Geil Riesling Kabinett 2015";"Geil Riesling Kabinett";"2015";"179";"0.75";"238.67";"White wine";"Glass";"10";"2.3866668"
"Vinmonopolet";"1659501";"Ca`di Alte Prosecco Extra Dry";"Ca`di Alte Prosecco Extra Dry";"0";"159.9";"0.75";"213.2";"Sparkling wine";"Glass";"11.5";"1.853913"
"Vinmonopolet";"1665701";"Jaume GirÃ³ i GirÃ³ Cava Brut Nature 2012";"Jaume GirÃ³ i GirÃ³ Cava Brut Nature";"2012";"148.9";"0.75";"198.53";"Sparkling wine";"Glass";"11.5";"1.7263768"
"Vinmonopolet";"1665901";"Berta Grappa Tre Soli Tre";"Berta Grappa Tre Soli Tre";"0";"1299.9";"0.7";"1857";"Grape spirit";"Glass";"43";"4.318605"
"Vinmonopolet";"1666001";"Berta Grappa Nibbo";"Berta Grappa Nibbo";"0";"619.9";"0.7";"885.57";"Grape spirit";"Glass";"40";"2.2139287"
"Vinmonopolet";"1666201";"Berta Grappa Roccanivo 2008";"Berta Grappa Roccanivo";"2008";"1303.2";"0.7";"1861.71";"Grape spirit";"Glass";"43";"4.329568"
"Vinmonopolet";"1667601";"Vietti Scarrone Barbera d`Alba 2016";"Vietti Scarrone Barbera d`Alba";"2016";"519.9";"0.75";"693.2";"RÃ¸dvin";"Glass";"14.5";"4.7806897"
"Vinmonopolet";"1667901";"The Macallan Ruby";"The Macallan Ruby";"0";"2800";"0.7";"4000";"Whisky";"Glass";"43";"9.302326"
"Vinmonopolet";"1668202";"Bols Passion Fruit";"Bols Passion Fruit";"0";"209";"0.5";"418";"LikÃ¸r";"Glass";"17";"2.4588234"
"Vinmonopolet";"1669201";"Pala Cannonau di Sardegna Riserva 2016";"Pala Cannonau di Sardegna Riserva";"2016";"235";"0.75";"313.33";"RÃ¸dvin";"Glass";"14";"2.2380953"
"Vinmonopolet";"1669301";"Pala Stellato Vermentino di Sardegna 2018";"Pala Stellato Vermentino di Sardegna";"2018";"239";"0.75";"318.67";"White wine";"Glass";"14.5";"2.1977012"
"Vinmonopolet";"1669401";"Dom. PellÃ© La Croix au Garde Sancerre 2018";"Dom. PellÃ© La Croix au Garde Sancerre";"2018";"249.9";"0.75";"333.2";"White wine";"Glass";"14.5";"2.297931"
"Vinmonopolet";"1669501";"Terre del Barolo Verduno Pelaverga 2018";"Terre del Barolo Verduno Pelaverga";"2018";"235";"0.75";"313.33";"RÃ¸dvin";"Glass";"13.5";"2.3209877"
"Vinmonopolet";"1669701";"AlbariÃ±o de FefiÃ±anes III AÃ±o 2015";"AlbariÃ±o de FefiÃ±anes III AÃ±o";"2015";"449.9";"0.75";"599.87";"White wine";"Glass";"12.5";"4.7989335"
"Vinmonopolet";"1670101";"Antiche Terre Lessini Durello";"Antiche Terre Lessini Durello";"0";"163";"0.75";"217.33";"Sparkling wine";"Glass";"12";"1.8111111"
"Vinmonopolet";"1670301";"Antiche Terre Prosecco Ekstra dry";"Antiche Terre Prosecco Ekstra dry";"0";"165";"0.75";"220";"Sparkling wine";"Glass";"11.5";"1.9130435"
"Vinmonopolet";"1671001";"Sourz Mango";"Sourz Mango";"0";"197.9";"0.7";"282.71";"LikÃ¸r";"Glass";"15";"1.8847619"
"Vinmonopolet";"1671101";"Bulleit Kentucky Straight Bourbon";"Bulleit Kentucky Straight Bourbon";"0";"449.9";"0.7";"642.71";"Whisky";"Glass";"45";"1.428254"
"Vinmonopolet";"1671501";"Martell Chanteloup Perspective";"Martell Chanteloup Perspective";"0";"2195";"0.7";"3135.71";"Grape spirit";"Glass";"40";"7.839286"
"Vinmonopolet";"1677701";"Bortolin Valdobbiadene Prosecco Superiore Extra Dry";"Bortolin Valdobbiadene Prosecco Superiore Extra Dry";"0";"179";"0.75";"238.67";"Sparkling wine";"Glass";"11";"2.169697"
"Vinmonopolet";"1677802";"Dow`s Quinta do Bomfim Vintage 2005";"Dow`s Quinta do Bomfim Vintage";"2005";"249.9";"0.38";"666.4";"Port wine";"Glass";"20";"3.288158"
"Vinmonopolet";"1678001";"Elena Fucci Titolo Aglianico del Vulture 2017";"Elena Fucci Titolo Aglianico del Vulture";"2017";"371.2";"0.75";"494.93";"RÃ¸dvin";"Glass";"14";"3.5352383"
"Vinmonopolet";"1683001";"Dictador Solera Rom 20 YO";"Dictador Solera Rom 20 YO";"0";"674";"0.7";"962.86";"Rum";"Glass";"40";"2.4071429"
"Vinmonopolet";"1685001";"Maxime Trijol Grande Champagne XO";"Maxime Trijol Grande Champagne XO";"0";"1250";"0.7";"1785.71";"Grape spirit";"Glass";"40";"4.464286"
"Vinmonopolet";"1685101";"Maxime Trijol Fins Bois 1970";"Maxime Trijol Fins Bois";"1970";"2200";"0.7";"3142.86";"Grape spirit";"Glass";"40";"7.857143"
"Vinmonopolet";"1687506";"Tommolo 2015";"Tommolo";"2015";"420";"3";"140";"RÃ¸dvin";"Bag-in-box";"13";"1.0769231"
"Vinmonopolet";"1688501";"Amundsen Expedition Lys Fatmodnet Aquavit";"Amundsen Expedition Lys Fatmodnet Aquavit";"0";"313.9";"0.7";"448.43";"Aquavit";"Glass";"38";"1.1800752"
"Vinmonopolet";"1688901";"Tasca Grillo Cavallo delle Fate 2017";"Tasca Grillo Cavallo delle Fate";"2017";"237";"0.75";"316";"White wine";"Glass";"13";"2.4307692"
"Vinmonopolet";"1689001";"Tasca d'Almerita LamÃ¹ri Nero d'Avola 2016";"Tasca d'Almerita LamÃ¹ri Nero d'Avola";"2016";"240";"0.75";"320";"RÃ¸dvin";"Glass";"13.5";"2.3703704"
"Vinmonopolet";"1689401";"Bellingham The Bernard Series Bush Vine Pinotage 2016";"Bellingham The Bernard Series Bush Vine Pinotage";"2016";"319.9";"0.75";"426.53";"RÃ¸dvin";"Glass";"14";"3.0466666"
"Vinmonopolet";"1689701";"Escada Touriga Nacional 2018";"Escada Touriga Nacional";"2018";"114.9";"0.75";"153.2";"RÃ¸dvin";"Glass";"12.5";"1.2256"
"Vinmonopolet";"1689706";"Escada Touriga Nacional";"Escada Touriga Nacional";"2016";"409.9";"3";"136.63";"RÃ¸dvin";"Bag-in-box";"12.5";"1.0930667"
"Vinmonopolet";"1689901";"Virna Borgogno Barolo Cannubi Boschis 2014";"Virna Borgogno Barolo Cannubi Boschis";"2014";"689.9";"0.75";"919.87";"RÃ¸dvin";"Glass";"14.5";"6.3439083"
"Vinmonopolet";"1693001";"Carpano Punt e Mes";"Carpano Punt e Mes";"0";"229.9";"0.75";"306.53";"Vermouth";"Glass";"16";"1.9158332"
"Vinmonopolet";"1693101";"Carpano Antica Formula";"Carpano Antica Formula";"0";"349.9";"1";"349.9";"Vermouth";"Glass";"16.5";"2.120606"
"Vinmonopolet";"1693102";"Carpano Antica Formula";"Carpano Antica Formula";"0";"149.9";"0.38";"399.73";"Vermouth";"Glass";"16.5";"2.3907495"
"Vinmonopolet";"1693201";"Carpano Classico";"Carpano Classico";"0";"249.9";"1";"249.9";"Vermouth";"Glass";"16";"1.561875"
"Vinmonopolet";"1693301";"Carpano Bianco";"Carpano Bianco";"0";"239.9";"1";"239.9";"Vermouth";"Glass";"14.9";"1.6100671"
"Vinmonopolet";"1693901";"Bristol Spirits Reserve Rum of Nicaragua 2002";"Bristol Spirits Reserve Rum of Nicaragua";"2002";"1421.3";"0.7";"2030.43";"Rum";"Glass";"40";"5.0760717"
"Vinmonopolet";"1694301";"Fanny Sabre Bourgogne Rouge 2017";"Fanny Sabre Bourgogne Rouge";"2017";"319.9";"0.75";"426.53";"RÃ¸dvin";"Glass";"12.5";"3.4122665"
"Vinmonopolet";"1694601";"Fanny Sabre Volnay 2017";"Fanny Sabre Volnay";"2017";"579.9";"0.75";"773.2";"RÃ¸dvin";"Glass";"12.5";"6.1856003"
"Vinmonopolet";"1695501";"Dacasto Duilio Camp Riond Barbera d'Asti Superiore 2016";"Dacasto Duilio Camp Riond Barbera d'Asti Superiore";"2016";"263.4";"0.75";"351.2";"RÃ¸dvin";"Glass";"14.5";"2.4220688"
"Vinmonopolet";"1695601";"A.A. Badenhorst Secateurs Vintage Red Wine 2018";"A.A. Badenhorst Secateurs Vintage Red Wine";"2018";"189.9";"0.75";"253.2";"RÃ¸dvin";"Glass";"13.5";"1.8755555"
"Vinmonopolet";"1695701";"A.A. Badenhorst Secateurs Chenin Blanc 2019";"A.A. Badenhorst Secateurs Chenin Blanc";"2019";"179.9";"0.75";"239.87";"White wine";"Glass";"13.5";"1.77679"
"Vinmonopolet";"1695801";"A.A. Badenhorst Red Blend 2017";"A.A. Badenhorst Red Blend";"2017";"329.9";"0.75";"439.87";"RÃ¸dvin";"Glass";"13.5";"3.2582715"
"Vinmonopolet";"1695901";"A.A. Badenhorst White Blend 2016";"A.A. Badenhorst White Blend";"2016";"339.9";"0.75";"453.2";"White wine";"Glass";"13.5";"3.357037"
"Vinmonopolet";"1696201";"Masserie Altemura Sasseo 2015";"Masserie Altemura Sasseo";"2015";"189.9";"0.75";"253.2";"RÃ¸dvin";"Glass";"14.5";"1.7462069"
"Vinmonopolet";"1696301";"Ferrarini Lambrusco Ca` del Lupo 2015";"Ferrarini Lambrusco Ca` del Lupo";"2015";"159";"0.75";"212";"RÃ¸dvin";"Glass";"11.5";"1.8434782"
"Vinmonopolet";"1696901";"Reichsrat von Buhl Deidesheimer Riesling Trocken 2017";"Reichsrat von Buhl Deidesheimer Riesling Trocken";"2017";"199.9";"0.75";"266.53";"White wine";"Glass";"12.5";"2.1322665"
"Vinmonopolet";"1697201";"Berton Vineyards The Black Shiraz 2019";"Berton Vineyards The Black Shiraz";"2019";"139.9";"0.75";"186.53";"RÃ¸dvin";"Glass";"14.5";"1.2864367"
"Vinmonopolet";"1697301";"Entre Vinyes OnÃ­ric Xarel-lo 2019";"Entre Vinyes OnÃ­ric Xarel-lo";"2019";"159.9";"0.75";"213.2";"White wine";"Glass";"12.5";"1.7055999"
"Vinmonopolet";"1697601";"Trediberri Barolo 2016";"Trediberri Barolo";"2016";"369.9";"0.75";"493.2";"RÃ¸dvin";"Glass";"14";"3.5228572"
"Vinmonopolet";"1697701";"Trediberri Langhe Nebbiolo 2018";"Trediberri Langhe Nebbiolo";"2018";"189.9";"0.75";"253.2";"RÃ¸dvin";"Glass";"14";"1.8085713"
"Vinmonopolet";"1698101";"Bod. Fin de Siglo XIII Lunas Rioja 2015";"Bod. Fin de Siglo XIII Lunas Rioja";"2015";"144.7";"0.75";"192.93";"RÃ¸dvin";"Glass";"13.5";"1.4291358"
"Vinmonopolet";"1698201";"Perelada Jardins Negre 2016";"Perelada Jardins Negre";"2016";"134.9";"0.75";"179.87";"RÃ¸dvin";"Glass";"14";"1.2847619"
"Vinmonopolet";"1698501";"Ch. de Montifaud Silver XO";"Ch. de Montifaud Silver XO";"0";"799.9";"0.7";"1142.71";"Grape spirit";"Glass";"40";"2.8567858"
"Vinmonopolet";"1698601";"Anthill Farms Anderson Valley Pinot Noir 2017";"Anthill Farms Anderson Valley Pinot Noir";"2017";"398";"0.75";"530.67";"RÃ¸dvin";"Glass";"13.8";"3.8454106"
"Vinmonopolet";"1699801";"Matassa Rouge 2018";"Matassa Rouge";"2018";"409.9";"0.75";"546.53";"RÃ¸dvin";"Glass";"12";"4.5544443"
"Vinmonopolet";"1703001";"Courvoisier Initiale Extra Cognac";"Courvoisier Initiale Extra Cognac";"0";"4239.9";"0.7";"6057";"Grape spirit";"Glass";"40";"15.1425"
"Vinmonopolet";"1703101";"Rieffel Nature Pinot Noir 2018";"Rieffel Nature Pinot Noir";"2018";"299.5";"0.75";"399.33";"RÃ¸dvin";"Glass";"13";"3.071795"
"Vinmonopolet";"1704101";"Sarnin-Berrux Saint Romain Blanc 2012";"Sarnin-Berrux Saint Romain Blanc";"2012";"219.9";"0.75";"293.2";"White wine";"Glass";"12.5";"2.3456"
"Vinmonopolet";"1704501";"Trediberri Barbera d`Alba 2018";"Trediberri Barbera d`Alba";"2018";"189.9";"0.75";"253.2";"RÃ¸dvin";"Glass";"15";"1.688"
"Vinmonopolet";"1705002";"Franziskaner Hefe Weissbier Dunkel";"Franziskaner Hefe Weissbier Dunkel";"0";"49.9";"0.5";"99.8";"HveteÃ¸l";"Glass";"5";"1.996"
"Vinmonopolet";"1705401";"Domdechant Werner Hochheimer Domdechaney Riesling Trocken Erste LÃ¤ge 2016";"Domdechant Werner Hochheimer Domdechaney Riesling Trocken Erste LÃ¤ge";"2016";"201";"0.75";"268";"White wine";"Glass";"13";"2.0615385"
"Vinmonopolet";"1706201";"Dom. Chanzy Rully En Rosey 2016";"Dom. Chanzy Rully En Rosey";"2016";"290";"0.75";"386.67";"White wine";"Glass";"13";"2.974359"
"Vinmonopolet";"1706301";"Dom. Chanzy Rully En Rosey 2017";"Dom. Chanzy Rully En Rosey";"2017";"290";"0.75";"386.67";"RÃ¸dvin";"Glass";"13";"2.974359"
"Vinmonopolet";"1706401";"Dom. Chanzy Mercurey Les Caraby 2017";"Dom. Chanzy Mercurey Les Caraby";"2017";"299.9";"0.75";"399.87";"RÃ¸dvin";"Glass";"13";"3.0758975"
"Vinmonopolet";"1706501";"Dom. Chanzy Mercurey 1er Cru Clos du Roy 2017";"Dom. Chanzy Mercurey 1er Cru Clos du Roy";"2017";"390";"0.75";"520";"RÃ¸dvin";"Glass";"13";"4"
"Vinmonopolet";"1706601";"Sarnin-Berrux Bourgogne Rouge 2012";"Sarnin-Berrux Bourgogne Rouge";"2012";"199.9";"0.75";"266.53";"RÃ¸dvin";"Glass";"13";"2.0502563"
"Vinmonopolet";"1706901";"Sarnin-Berrux Meursault Blagny 1er Cru 2012";"Sarnin-Berrux Meursault Blagny 1er Cru";"2012";"449.9";"0.75";"599.87";"White wine";"Glass";"13";"4.614359"
"Vinmonopolet";"1707801";"Tommasi Surani Heracles 2017";"Tommasi Surani Heracles";"2017";"215";"0.75";"286.67";"RÃ¸dvin";"Glass";"13.5";"2.1234567"
"Vinmonopolet";"1708101";"Emme Hyperius Cesanese del Piglio 2013";"Emme Hyperius Cesanese del Piglio";"2013";"148.1";"0.75";"197.47";"RÃ¸dvin";"Glass";"13";"1.5189744"
"Vinmonopolet";"1709901";"RamÃ³n Bilbao Gran Reserva 2011";"RamÃ³n Bilbao Gran Reserva";"2011";"224.9";"0.75";"299.87";"RÃ¸dvin";"Glass";"14";"2.1419046"
"Vinmonopolet";"1710302";"Lindemans Oude Gueuze CuvÃ©e RenÃ©";"Lindemans Oude Gueuze CuvÃ©e RenÃ©";"2017";"62.9";"0.38";"167.73";"SurÃ¸l";"Glass";"6";"2.7587721"
"Vinmonopolet";"1710502";"O.P. Anderson Extra";"O.P. Anderson Extra";"0";"249.9";"0.5";"499.8";"Aquavit";"Glass";"40";"1.2494999"
"Vinmonopolet";"1710602";"O.P. Anderson Limited Edition Whisky Cask";"O.P. Anderson Limited Edition Whisky Cask";"0";"299.9";"0.5";"599.8";"Aquavit";"Glass";"40";"1.4994999"
"Vinmonopolet";"1711701";"Yangarra Old Vine Grenache 2012";"Yangarra Old Vine Grenache";"2012";"465.9";"0.75";"621.2";"RÃ¸dvin";"Glass";"14";"4.437143"
"Vinmonopolet";"1712401";"Karl May Pinot Noir 2018";"Karl May Pinot Noir";"2018";"199.9";"0.75";"266.53";"RÃ¸dvin";"Glass";"12.5";"2.1322665"
"Vinmonopolet";"1712601";"Karl May Riesling Goldberg 2018";"Karl May Riesling Goldberg";"2018";"299.9";"0.75";"399.87";"White wine";"Glass";"13";"3.0758975"
"Vinmonopolet";"1712701";"Foncalieu Le Pigeonnier Vieilles Vignes 2017";"Foncalieu Le Pigeonnier Vieilles Vignes";"2017";"159.9";"0.75";"213.2";"RÃ¸dvin";"Glass";"13";"1.64"
"Vinmonopolet";"1714001";"Canlibero Turrumpiso Aglianico 2016";"Canlibero Turrumpiso Aglianico";"2016";"299.9";"0.75";"399.87";"RÃ¸dvin";"Glass";"13";"3.0758975"
"Vinmonopolet";"1714101";"Bonavita Faro Superiore 2016";"Bonavita Faro Superiore";"2016";"379.9";"0.75";"506.53";"RÃ¸dvin";"Glass";"13";"3.8964102"
"Vinmonopolet";"1715101";"Alphonse Mellot La MoussiÃ¨re Sancerre Rouge 2012";"Alphonse Mellot La MoussiÃ¨re Sancerre Rouge";"2012";"349.9";"0.75";"466.53";"RÃ¸dvin";"Glass";"13";"3.588718"
"Vinmonopolet";"1715105";"Alphonse Mellot La MoussiÃ¨re Sancerre Rouge 2012";"Alphonse Mellot La MoussiÃ¨re Sancerre Rouge";"2012";"729.9";"1.5";"486.6";"RÃ¸dvin";"Glass";"13";"3.743077"
"Vinmonopolet";"1718901";"Barefoot Cellars White Zinfandel";"Barefoot Cellars White Zinfandel";"0";"129.9";"0.75";"173.2";"RosÃ©vin";"Glass";"8.5";"2.037647"
"Vinmonopolet";"1719001";"Cynar";"Cynar";"0";"264.9";"0.7";"378.43";"Bitter	";"Glass";"16.5";"2.2935064"
"Vinmonopolet";"1719101";"Balvenie 14 Caribbean Cask";"Balvenie 14 Caribbean Cask";"0";"924.9";"0.7";"1321.29";"Whisky";"Glass";"43";"3.0727577"
"Vinmonopolet";"1719701";"Tezza Maestro Rosso Veronese 2016";"Tezza Maestro Rosso Veronese";"2016";"250";"0.75";"333.33";"RÃ¸dvin";"Glass";"14";"2.3809524"
"Vinmonopolet";"1719801";"Santa Tresa Capoccia Grillo Zibibbo 2015";"Santa Tresa Capoccia Grillo Zibibbo";"2015";"109.1";"0.75";"145.47";"White wine";"Glass";"13.5";"1.0775309"
"Vinmonopolet";"1722601";"Glenglassaugh Torfa Richly Peated Highland Single Malt";"Glenglassaugh Torfa Richly Peated Highland Single Malt";"0";"729.9";"0.7";"1042.71";"Whisky";"Glass";"50";"2.0854287"
"Vinmonopolet";"1723801";"Bunnahabhain 25 YO Directors Cut 1988";"Bunnahabhain 25 YO Directors Cut";"1988";"2700";"0.7";"3857.14";"Whisky";"Glass";"56.9";"6.77881"
"Vinmonopolet";"1724206";"Ruby Zin";"Ruby Zin";"0";"439.9";"3";"146.63";"RÃ¸dvin";"Bag-in-box";"12.5";"1.1730666"
"Vinmonopolet";"1724306";"Barbarello Zinfandel 2018";"Barbarello Zinfandel";"2018";"459.9";"3";"153.3";"RÃ¸dvin";"Bag-in-box";"13";"1.1792308"
"Vinmonopolet";"1724501";"Olek Bondonio Langhe Nebbiolo 2018";"Olek Bondonio Langhe Nebbiolo";"2018";"367";"0.75";"489.33";"RÃ¸dvin";"Glass";"14.5";"3.3747127"
"Vinmonopolet";"1724601";"Olek Bondonio Barbera d Alba 2018";"Olek Bondonio Barbera d Alba";"2018";"300.9";"0.75";"401.2";"RÃ¸dvin";"Glass";"14.5";"2.7668965"
"Vinmonopolet";"1725501";"JeanJean Mas de LunÃ¨s 2015";"JeanJean Mas de LunÃ¨s";"2015";"189.9";"0.75";"253.2";"RÃ¸dvin";"Glass";"13.5";"1.8755555"
"Vinmonopolet";"1725901";"Rolet Arbois Vin Jaune 2011";"Rolet Arbois Vin Jaune";"2011";"475";"0.62";"766.13";"White wine";"Glass";"14";"5.47235"
"Vinmonopolet";"1727201";"Geranium Premium London Dry Gin";"Geranium Premium London Dry Gin";"0";"499";"0.7";"712.86";"Gin";"Glass";"44";"1.62013"
"Vinmonopolet";"1727501";"Battenfeld-Spanier Hohen-SÃ¼lzen KirchenstÃ¼ck Riesling Trocken GG 2018";"Battenfeld-Spanier Hohen-SÃ¼lzen KirchenstÃ¼ck Riesling Trocken GG";"2018";"429.9";"0.75";"573.2";"White wine";"Glass";"12.5";"4.5856"
"Vinmonopolet";"1727601";"Battenfeld-Spanier Nieder-FlÃ¶rsheim Frauenberg Riesling Trocken GG 2018";"Battenfeld-Spanier Nieder-FlÃ¶rsheim Frauenberg Riesling Trocken GG";"2018";"465";"0.75";"620";"White wine";"Glass";"12.5";"4.96"
"Vinmonopolet";"1727701";"KÃ¼hling-Gillot Nierstein Pettenthal Riesling Trocken Grosses GewÃ¤chs 2018";"KÃ¼hling-Gillot Nierstein Pettenthal Riesling Trocken Grosses GewÃ¤chs";"2018";"465";"0.75";"620";"White wine";"Glass";"12.5";"4.96"
"Vinmonopolet";"1727801";"Battenfeld-Spanier Am Schwarzen Herrgott Riesling trocken GG 2018";"Battenfeld-Spanier Am Schwarzen Herrgott Riesling trocken GG";"2018";"465";"0.75";"620";"White wine";"Glass";"12.5";"4.96"
"Vinmonopolet";"1727901";"KÃ¼hling-Gillott Nierstein Ãlberg Riesling Trocken GG 2018";"KÃ¼hling-Gillott Nierstein Ãlberg Riesling Trocken GG";"2018";"429.9";"0.75";"573.2";"White wine";"Glass";"12.5";"4.5856"
"Vinmonopolet";"1728801";"Poggio Argentiera Bellamarsilia Morellino di Scansano 2013";"Poggio Argentiera Bellamarsilia Morellino di Scansano";"2013";"229.9";"0.75";"306.53";"RÃ¸dvin";"Glass";"14";"2.1895237"
"Vinmonopolet";"1729401";"Canti Barbera d'Asti Superiore";"Canti Barbera d'Asti Superiore";"2014";"124.9";"0.75";"166.53";"RÃ¸dvin";"Glass";"13.5";"1.2335802"
"Vinmonopolet";"1729901";"Gordon & MacPhail Clynelish 16 YO Cask Strength 1997";"Gordon & MacPhail Clynelish 16 YO Cask Strength";"1997";"2173.9";"0.7";"3105.57";"Whisky";"Glass";"57.9";"5.363681"
"Vinmonopolet";"1730101";"Gordon & MacPhail Tormore 14 YO Cask Strength 1999";"Gordon & MacPhail Tormore 14 YO Cask Strength";"1999";"1716.8";"0.7";"2452.57";"Whisky";"Glass";"58";"4.2285714"
"Vinmonopolet";"1730201";"Gordon & MacPhail Speymalt from Macallan 1994";"Gordon & MacPhail Speymalt from Macallan";"1994";"2544.4";"0.7";"3634.86";"Whisky";"Glass";"43";"8.4531555"
"Vinmonopolet";"1730501";"Villa Poggio Salvi Chianti Caspagnolo 2016";"Villa Poggio Salvi Chianti Caspagnolo";"2016";"179.9";"0.75";"239.87";"RÃ¸dvin";"Glass";"13.5";"1.77679"
"Vinmonopolet";"1730701";"Bristol Spirits Port Morant Demerara Rum 1999";"Bristol Spirits Port Morant Demerara Rum";"1999";"1089.4";"0.7";"1556.29";"Rum";"Glass";"46";"3.38323"
"Vinmonopolet";"1730901";"Bristol Spirits Fine Barbados Rum 2004";"Bristol Spirits Fine Barbados Rum";"2004";"1055";"0.7";"1507.14";"Rum";"Glass";"43";"3.5049834"
"Vinmonopolet";"1731101";"La Gravette de Certan 2011";"La Gravette de Certan";"2011";"484.8";"0.75";"646.4";"RÃ¸dvin";"Glass";"13.5";"4.788148"
"Vinmonopolet";"1731301";"Ch. Carbonneiux 2014";"Ch. Carbonneiux";"2014";"478.1";"0.75";"637.47";"RÃ¸dvin";"Glass";"13.5";"4.7219753"
"Vinmonopolet";"1731401";"Ch. Saint-Pierre 1996";"Ch. Saint-Pierre";"1996";"919.9";"0.75";"1226.53";"RÃ¸dvin";"Glass";"12.5";"9.812267"
"Vinmonopolet";"1731601";"Ch. Bibian 2014";"Ch. Bibian";"2014";"236";"0.75";"314.67";"RÃ¸dvin";"Glass";"13.5";"2.3308642"
"Vinmonopolet";"1732101";"Ch. Puy-Blanquet 2012";"Ch. Puy-Blanquet";"2012";"199.9";"0.75";"266.53";"RÃ¸dvin";"Glass";"13.5";"1.9743209"
"Vinmonopolet";"1733001";"Ch. Bourgneuf 2012";"Ch. Bourgneuf";"2012";"339.9";"0.75";"453.2";"RÃ¸dvin";"Glass";"14";"3.2371428"
"Vinmonopolet";"1733901";"Highland Park 18 YO 1995";"Highland Park 18 YO";"1995";"1499.9";"0.7";"2142.71";"Whisky";"Glass";"48.4";"4.4270954"
"Vinmonopolet";"1734501";"Ravenswood Besieged 2014";"Ravenswood Besieged";"2014";"219.9";"0.75";"293.2";"RÃ¸dvin";"Glass";"15.5";"1.8916129"
"Vinmonopolet";"1734601";"Enrique Mendoza La Tremenda Monastrell 2016";"Enrique Mendoza La Tremenda Monastrell";"2016";"194.5";"0.75";"259.33";"RÃ¸dvin";"Glass";"14.5";"1.7885058"
"Vinmonopolet";"1734701";"Enrique Mendoza Las Quebradas Monastrell 2016";"Enrique Mendoza Las Quebradas Monastrell";"2016";"325.1";"0.75";"433.47";"RÃ¸dvin";"Glass";"14";"3.0961905"
"Vinmonopolet";"1734901";"A. ClÃ¼sserath Steinreich Riesling Trocken 2016";"A. ClÃ¼sserath Steinreich Riesling Trocken";"2016";"255";"0.75";"340";"White wine";"Glass";"11";"3.090909"
"Vinmonopolet";"1735101";"Leroux Meursault Premier Cru Le Porusot 2013";"Leroux Meursault Premier Cru Le Porusot";"2013";"869.8";"0.75";"1159.73";"White wine";"Glass";"13";"8.921025"
"Vinmonopolet";"1735201";"A. ClÃ¼sserath Trittenheimer Apotheke Riesling Trocken 2018";"A. ClÃ¼sserath Trittenheimer Apotheke Riesling Trocken";"2018";"364.9";"0.75";"486.53";"White wine";"Glass";"12";"4.0544443"
"Vinmonopolet";"1735501";"Ch. Pontet-Canet 2011";"Ch. Pontet-Canet";"2011";"1056.9";"0.75";"1409.2";"RÃ¸dvin";"Glass";"13.5";"10.438519"
"Vinmonopolet";"1735701";"Philip Shaw No. 8 Pinot Noir 2018";"Philip Shaw No. 8 Pinot Noir";"2018";"399.9";"0.75";"533.2";"RÃ¸dvin";"Glass";"13";"4.101538"
"Vinmonopolet";"1736802";"Cognac Brillet 10Ã¨me GÃ©nÃ©ration Collection LimitÃ©e 1990";"Cognac Brillet 10Ã¨me GÃ©nÃ©ration Collection LimitÃ©e";"1990";"989.9";"0.5";"1979.8";"Grape spirit";"Glass";"43";"4.604186"
"Vinmonopolet";"1737601";"Pillot Chassagne-Montrachet Grandes Ruchottes 1er Cru 2016";"Pillot Chassagne-Montrachet Grandes Ruchottes 1er Cru";"2016";"698";"0.75";"930.67";"White wine";"Glass";"13.5";"6.893827"
"Vinmonopolet";"1737701";"Scarpa Vermouth Bianco";"Scarpa Vermouth Bianco";"0";"482.1";"0.75";"642.8";"Vermouth";"Glass";"17";"3.7811766"
"Vinmonopolet";"1737801";"Sperino Lessona 2009";"Sperino Lessona";"2009";"459.8";"0.75";"613.07";"RÃ¸dvin";"Glass";"13";"4.715897"
"Vinmonopolet";"1738001";"Scarpa Vermouth Di Torino";"Scarpa Vermouth Di Torino";"0";"485";"0.75";"646.67";"Vermouth";"Glass";"18";"3.5925925"
"Vinmonopolet";"1739201";"Manuel Olivier CrÃ©mant de Bourgogne, Brut";"Manuel Olivier CrÃ©mant de Bourgogne, Brut";"2017";"229";"0.75";"305.33";"Sparkling wine";"Glass";"12.5";"2.4426668"
"Vinmonopolet";"1739401";"Scacciadiavoli Montefalco Sagrantino 2016";"Scacciadiavoli Montefalco Sagrantino";"2016";"384.9";"0.75";"513.2";"RÃ¸dvin";"Glass";"15.5";"3.3109677"
"Vinmonopolet";"1739701";"Scacciadiavoli Montefalco Rosso 2016";"Scacciadiavoli Montefalco Rosso";"2016";"219.9";"0.75";"293.2";"RÃ¸dvin";"Glass";"14";"2.0942857"
"Vinmonopolet";"1740401";"S de Servans CÃ´tes du RhÃ´ne 2013";"S de Servans CÃ´tes du RhÃ´ne";"2013";"169";"0.75";"225.33";"RÃ¸dvin";"Glass";"13";"1.7333333"
"Vinmonopolet";"1740901";"Azelia Langhe Nebbiolo 2015";"Azelia Langhe Nebbiolo";"2015";"219";"0.75";"292";"RÃ¸dvin";"Glass";"14";"2.0857143"
"Vinmonopolet";"1741101";"Azelia Barolo Bricco Fiasco 2011";"Azelia Barolo Bricco Fiasco";"2011";"789";"0.75";"1052";"RÃ¸dvin";"Glass";"14.5";"7.2551723"
"Vinmonopolet";"1741501";"Some Young Punks Fierce Allure 2011";"Some Young Punks Fierce Allure";"2011";"199.9";"0.75";"266.53";"RÃ¸dvin";"Glass";"13";"2.0502563"
"Vinmonopolet";"1741804";"Bottega Gold Prosecco Brut";"Bottega Gold Prosecco Brut";"0";"59.9";"0.2";"299.5";"Sparkling wine";"Glass";"11";"2.7227273"
"Vinmonopolet";"1741904";"Bottega Pink Gold";"Bottega Pink Gold";"0";"59.9";"0.2";"299.5";"Musserende vin, rosÃ©";"Glass";"11.5";"2.604348"
"Vinmonopolet";"1742601";"Umani Ronchi Vecchie Vigne Verdicchio dei Castelli di Jesi 2016";"Umani Ronchi Vecchie Vigne Verdicchio dei Castelli di Jesi";"2016";"295";"0.75";"393.33";"White wine";"Glass";"14.5";"2.7126436"
"Vinmonopolet";"1742801";"Umani Ronchi Casal di Serra Verdicchio dei Castelli di Jesi 2018";"Umani Ronchi Casal di Serra Verdicchio dei Castelli di Jesi";"2018";"195";"0.75";"260";"White wine";"Glass";"13";"2"
"Vinmonopolet";"1742901";"Umani Ronchi Tajano Rosso Piceno 2018";"Umani Ronchi Tajano Rosso Piceno";"2018";"159.9";"0.75";"213.2";"RÃ¸dvin";"Glass";"13";"1.64"
"Vinmonopolet";"1743301";"Tenuta Ulisse Amaranta Montepulciano d Abruzzo 2017";"Tenuta Ulisse Amaranta Montepulciano d Abruzzo";"2017";"249.9";"0.75";"333.2";"RÃ¸dvin";"Glass";"14";"2.3799999"
"Vinmonopolet";"1744001";"Petra HEBO 2017";"Petra HEBO";"2017";"245";"0.75";"326.67";"RÃ¸dvin";"Glass";"14";"2.3333333"
"Vinmonopolet";"1744301";"Barth Hattenheim Wisselbrunnen Riesling GG 2011";"Barth Hattenheim Wisselbrunnen Riesling GG";"2011";"449";"0.75";"598.67";"White wine";"Glass";"13.5";"4.434568"
"Vinmonopolet";"1744601";"Barth Hattenheim Hassel Riesling GG 2017";"Barth Hattenheim Hassel Riesling GG";"2017";"469";"0.75";"625.33";"White wine";"Glass";"12.5";"5.0026665"
"Vinmonopolet";"1744902";"Caliboro Erasmo Torontel Late Harvest 2010";"Caliboro Erasmo Torontel Late Harvest";"2010";"289.9";"0.38";"773.07";"White wine";"Glass";"12.5";"6.103158"
"Vinmonopolet";"1745101";"Josef Ehmoser St. Laurent 2016";"Josef Ehmoser St. Laurent";"2016";"200.1";"0.75";"266.8";"RÃ¸dvin";"Glass";"13";"2.0523078"
"Vinmonopolet";"1745201";"Pierre Gerbais CuvÃ©e de RÃ©serve";"Pierre Gerbais CuvÃ©e de RÃ©serve";"0";"349.9";"0.75";"466.53";"Champagne, brut";"Glass";"12";"3.8877778"
"Vinmonopolet";"1745602";"Enkefruens Armagnac XO";"Enkefruens Armagnac XO";"0";"599.9";"0.5";"1199.8";"Grape spirit";"Glass";"40.5";"2.9624693"
"Vinmonopolet";"1745703";"Szigeti Brut Sekt";"Szigeti Brut Sekt";"0";"68";"0.12";"544";"Sparkling wine";"Glass";"12";"4.7222223"
"Vinmonopolet";"1745801";"Szigeti GrÃ¼ner Veltliner Brut";"Szigeti GrÃ¼ner Veltliner Brut";"0";"209.9";"0.75";"279.87";"Sparkling wine";"Glass";"13";"2.1528203"
"Vinmonopolet";"1745901";"Cepa Gavilan Crianza 2015";"Cepa Gavilan Crianza";"2015";"212.5";"0.75";"283.33";"RÃ¸dvin";"Glass";"14";"2.0238094"
"Vinmonopolet";"1746001";"Jean-Michel Stephan CÃ´te RÃ´tie 2017";"Jean-Michel Stephan CÃ´te RÃ´tie";"2017";"599.9";"0.75";"799.87";"RÃ¸dvin";"Glass";"13";"6.1528206"
"Vinmonopolet";"1746705";"Calles Riesling SpÃ¤tlese Trocken Mittelheimer Edelmann 2015";"Calles Riesling SpÃ¤tlese Trocken Mittelheimer Edelmann";"2015";"499.9";"1.5";"333.27";"White wine";"Glass";"12";"2.7772222"
"Vinmonopolet";"1746805";"Calles Riesling 2013";"Calles Riesling";"2013";"439.9";"1.5";"293.27";"White wine";"Glass";"11.5";"2.550145"
"Vinmonopolet";"1747001";"Pheasant's Tears Saperavi 2016";"Pheasant's Tears Saperavi";"2016";"329.9";"0.75";"439.87";"RÃ¸dvin";"Glass";"14";"3.1419046"
"Vinmonopolet";"1747501";"Guido Porro Barolo Santa Caterina 2011";"Guido Porro Barolo Santa Caterina";"2011";"437";"0.75";"582.67";"RÃ¸dvin";"Glass";"14.5";"4.0183907"
"Vinmonopolet";"1747601";"Guido Porro Langhe Nebbiolo 2019";"Guido Porro Langhe Nebbiolo";"2019";"280.4";"0.75";"373.87";"RÃ¸dvin";"Glass";"14";"2.6704762"
"Vinmonopolet";"1747904";"PatrÃ³n Anejo Tequila";"PatrÃ³n Anejo Tequila";"0";"259.9";"0.2";"1299.5";"Fruit spirit";"Glass";"40";"3.24875"
"Vinmonopolet";"1749502";"HofbrÃ¤u Oktoberfestbier";"HofbrÃ¤u Oktoberfestbier";"0";"62.3";"0.5";"124.6";"Light lager";"Glass";"6.3";"1.9777777"
"Vinmonopolet";"1749601";"Highland Park Dark Origins";"Highland Park Dark Origins";"0";"899.9";"0.7";"1285.57";"Whisky";"Glass";"46.8";"2.7469478"
"Vinmonopolet";"1749801";"Allesverloren TrÃªs Vermelhos 2016";"Allesverloren TrÃªs Vermelhos";"2016";"214.9";"0.75";"286.53";"RÃ¸dvin";"Glass";"14";"2.0466666"
"Vinmonopolet";"1750106";"Faustino Tempranillo";"Faustino Tempranillo";"0";"449.9";"3";"149.97";"RÃ¸dvin";"Bag-in-box";"13";"1.1535897"
"Vinmonopolet";"1751201";"Bougrier Sancerre 2018";"Bougrier Sancerre";"2018";"239.9";"0.75";"319.87";"White wine";"Glass";"12.5";"2.5589333"
"Vinmonopolet";"1751701";"Cameleon Malbec 2019";"Cameleon Malbec";"2019";"132.9";"0.75";"177.2";"RÃ¸dvin";"Glass";"13";"1.3630768"
"Vinmonopolet";"1751901";"CuvÃ©e De Ranke";"CuvÃ©e De Ranke";"0";"155";"0.75";"206.67";"SurÃ¸l";"Glass";"7";"2.952381"
"Vinmonopolet";"1752101";"Wongraven Morgenstern Riesling 2018";"Wongraven Morgenstern Riesling";"2018";"169.9";"0.75";"226.53";"White wine";"Glass";"11.5";"1.969855"
"Vinmonopolet";"1752105";"Wongraven Morgenstern Riesling 2018";"Wongraven Morgenstern Riesling";"2018";"419.9";"1.5";"279.93";"White wine";"Glass";"11.5";"2.434203"
"Vinmonopolet";"1752106";"Wongraven Morgenstern Riesling 2019";"Wongraven Morgenstern Riesling";"2019";"469.9";"3";"156.63";"White wine";"Bag-in-box";"12";"1.3052777"
"Vinmonopolet";"1752401";"Antonio Alcaraz Tempranillo Reserva 2009";"Antonio Alcaraz Tempranillo Reserva";"2009";"177.3";"0.75";"236.4";"RÃ¸dvin";"Glass";"14";"1.6885715"
"Vinmonopolet";"1752501";"Mazzei Fonterutoli No. 10";"Mazzei Fonterutoli No. 10";"2018";"179.7";"0.75";"239.6";"RÃ¸dvin";"Glass";"13";"1.843077"
"Vinmonopolet";"1752601";"Birkedal Hartmann Finnmark VSOP";"Birkedal Hartmann Finnmark VSOP";"0";"530";"0.7";"757.14";"Grape spirit";"Glass";"40";"1.8928572"
"Vinmonopolet";"1752901";"Birkedal Hartmann TromsÃ¸ VSOP";"Birkedal Hartmann TromsÃ¸ VSOP";"0";"530";"0.7";"757.14";"Grape spirit";"Glass";"40";"1.8928572"
"Vinmonopolet";"1753001";"Birkedal Hartmann MÃ¥lselv VSOP";"Birkedal Hartmann MÃ¥lselv VSOP";"0";"530";"0.7";"757.14";"Grape spirit";"Glass";"40";"1.8928572"
"Vinmonopolet";"1753201";"I Custodi Ante Etna Bianco 2016";"I Custodi Ante Etna Bianco";"2016";"299";"0.75";"398.67";"White wine";"Glass";"12.5";"3.1893334"
"Vinmonopolet";"1753801";"I Custodi Pistus Etna Rosso 2013";"I Custodi Pistus Etna Rosso";"2013";"249.9";"0.75";"333.2";"RÃ¸dvin";"Glass";"12.5";"2.6655998"
"Vinmonopolet";"1753901";"I Custodi Ãtneus Etna Rosso 2012";"I Custodi Ãtneus Etna Rosso";"2012";"305";"0.75";"406.67";"RÃ¸dvin";"Glass";"13.5";"3.0123458"
"Vinmonopolet";"1754805";"Henri Bourgeois Sancerre Grande RÃ©serve 2019";"Henri Bourgeois Sancerre Grande RÃ©serve";"2019";"399.9";"1.5";"266.6";"White wine";"Glass";"13";"2.050769"
"Vinmonopolet";"1755006";"Terre del Barolo Langhe Rosso 2017";"Terre del Barolo Langhe Rosso";"2017";"579";"3";"193";"RÃ¸dvin";"Bag-in-box";"13.5";"1.4296297"
"Vinmonopolet";"1755801";"Karl Schaefer Herrenberg Riesling GG 2012";"Karl Schaefer Herrenberg Riesling GG";"2012";"379.9";"0.75";"506.53";"White wine";"Glass";"12.5";"4.0522666"
"Vinmonopolet";"1755901";"Tuscolana Rosso";"Tuscolana Rosso";"0";"125";"0.75";"166.67";"RÃ¸dvin";"Glass";"12.5";"1.3333334"
"Vinmonopolet";"1757501";"Pink Pirate Raspberry Rum";"Pink Pirate Raspberry Rum";"0";"325";"0.7";"464.29";"Other spirit";"Glass";"30";"1.5476191"
"Vinmonopolet";"1757901";"Principiano Dosset 2019";"Principiano Dosset";"2019";"179.9";"0.75";"239.87";"RÃ¸dvin";"Glass";"11";"2.180606"
"Vinmonopolet";"1758202";"Masi Angelorum Recioto della Valpolicella Classico 2015";"Masi Angelorum Recioto della Valpolicella Classico";"2015";"309.9";"0.38";"826.4";"RÃ¸dvin";"Glass";"14";"5.825188"
"Vinmonopolet";"1758301";"Ch. de Lamarque 2015";"Ch. de Lamarque";"2015";"349.9";"0.75";"466.53";"RÃ¸dvin";"Glass";"14";"3.332381"
"Vinmonopolet";"1758501";"ThiÃ©not Brut";"ThiÃ©not Brut";"0";"343.1";"0.75";"457.47";"Champagne, brut";"Glass";"12.5";"3.6597333"
"Vinmonopolet";"1759201";"Huber-Verdereau CrÃ©mant de Bourgogne Blanc de Noir";"Huber-Verdereau CrÃ©mant de Bourgogne Blanc de Noir";"2015";"259";"0.75";"345.33";"Sparkling wine";"Glass";"12";"2.8777778"
"Vinmonopolet";"1760001";"Frigo Campeto 2019";"Frigo Campeto";"2019";"172.9";"0.75";"230.53";"White wine";"Glass";"12.5";"1.8442667"
"Vinmonopolet";"1760201";"Zenato Lugana Metodo Classico Brut 2014";"Zenato Lugana Metodo Classico Brut";"2014";"279.9";"0.75";"373.2";"Sparkling wine";"Glass";"12.5";"2.9856"
"Vinmonopolet";"1760301";"Coppo Camp du Rouss Barbera d'Asti 2016";"Coppo Camp du Rouss Barbera d'Asti";"2016";"279.9";"0.75";"373.2";"RÃ¸dvin";"Glass";"14.5";"2.573793"
"Vinmonopolet";"1760401";"Vietti Barolo Castiglione 2016";"Vietti Barolo Castiglione";"2016";"639.9";"0.75";"853.2";"RÃ¸dvin";"Glass";"14";"6.094286"
"Vinmonopolet";"1760601";"Portal Colheita Douro 2016";"Portal Colheita Douro";"2016";"199.9";"0.75";"266.53";"RÃ¸dvin";"Glass";"14";"1.9038094"
"Vinmonopolet";"1761801";"Gloria de Antonio Alcaraz 2014";"Gloria de Antonio Alcaraz";"2014";"309.8";"0.75";"413.07";"RÃ¸dvin";"Glass";"14";"2.9504762"
"Vinmonopolet";"1761901";"Antonio Alcaraz Altea Crianza 2010";"Antonio Alcaraz Altea Crianza";"2010";"172.1";"0.75";"229.47";"RÃ¸dvin";"Glass";"13.5";"1.6997532"
"Vinmonopolet";"1762001";"Antonio Alcaraz Men to Men 2010";"Antonio Alcaraz Men to Men";"2010";"283.7";"0.75";"378.27";"RÃ¸dvin";"Glass";"14";"2.7019048"
"Vinmonopolet";"1762101";"Antonio Alcaraz Crianza 2010";"Antonio Alcaraz Crianza";"2010";"201";"0.75";"268";"RÃ¸dvin";"Glass";"14";"1.9142857"
"Vinmonopolet";"1770601";"Kloof Street Swartland Syrah 2017";"Kloof Street Swartland Syrah";"2017";"197";"0.75";"262.67";"RÃ¸dvin";"Glass";"14";"1.8761904"
"Vinmonopolet";"1771701";"Mas Doix Les Crestes 2014";"Mas Doix Les Crestes";"2014";"260.6";"0.75";"347.47";"RÃ¸dvin";"Glass";"14.5";"2.396322"
"Vinmonopolet";"1774101";"Casa Valduga Leopoldina Chardonnay 2016";"Casa Valduga Leopoldina Chardonnay";"2016";"292";"0.75";"389.33";"White wine";"Glass";"13";"2.9948719"
"Vinmonopolet";"1774301";"Le Vigne Di Eli Etna Rosso Moganazzi Volta Sciara 2012";"Le Vigne Di Eli Etna Rosso Moganazzi Volta Sciara";"2012";"269";"0.75";"358.67";"RÃ¸dvin";"Glass";"14.5";"2.4735632"
"Vinmonopolet";"1775201";"Schneider TapX Mein Aventinus Barrique";"Schneider TapX Mein Aventinus Barrique";"0";"158.9";"0.75";"211.87";"HveteÃ¸l";"Glass";"9.5";"2.2301753"
"Vinmonopolet";"1776506";"Blossa VinglÃ¶gg";"Blossa VinglÃ¶gg";"0";"204.9";"2";"102.45";"Flavoured wine	";"Bag-in-box";"10";"1.0245"
"Vinmonopolet";"1777001";"Scherrer Old and Mature Vines Zinfandel 2016";"Scherrer Old and Mature Vines Zinfandel";"2016";"398";"0.75";"530.67";"RÃ¸dvin";"Glass";"14.5";"3.65977"
"Vinmonopolet";"1777401";"Mediterra Assyrtiko 2014";"Mediterra Assyrtiko";"2014";"105";"0.75";"140";"White wine";"Glass";"12.5";"1.12"
"Vinmonopolet";"1777501";"Villa Jolanda Christmas Sparkling";"Villa Jolanda Christmas Sparkling";"0";"149";"0.75";"198.67";"Sparkling wine";"Glass";"11.5";"1.7275362"
"Vinmonopolet";"1777802";"De Ranke Saison De Dottignies";"De Ranke Saison De Dottignies";"0";"39.9";"0.33";"120.91";"Saison farmhouse ale";"Glass";"5.5";"2.198347"
"Vinmonopolet";"1778201";"Ochota Barrels Weird berries in the woods Gewurztraminer 2019";"Ochota Barrels Weird berries in the woods Gewurztraminer";"2019";"379.7";"0.75";"506.27";"White wine";"Glass";"12.4";"4.082796"
"Vinmonopolet";"1778405";"Argiano Solengo 2013";"Argiano Solengo";"2013";"1153.3";"1.5";"768.87";"RÃ¸dvin";"Glass";"14";"5.491905"
"Vinmonopolet";"1778801";"Danzka Vodka Grapefruit";"Danzka Vodka Grapefruit";"0";"339.9";"0.7";"485.57";"Vodka";"Metall";"40";"1.2139286"
"Vinmonopolet";"1778901";"Danzka Vodka Currant";"Danzka Vodka Currant";"0";"339.9";"0.7";"485.57";"Vodka";"Metall";"40";"1.2139286"
"Vinmonopolet";"1779001";"Danzka Vodka Citrus";"Danzka Vodka Citrus";"0";"339.9";"0.7";"485.57";"Vodka";"Metall";"40";"1.2139286"
"Vinmonopolet";"1779501";"Chamisal Stainless Chardonnay 2014";"Chamisal Stainless Chardonnay";"2014";"299.9";"0.75";"399.87";"White wine";"Glass";"14";"2.8561904"
"Vinmonopolet";"1780102";"Farina Recioto della Valpolicella Classico 2017";"Farina Recioto della Valpolicella Classico";"2017";"309.4";"0.5";"618.8";"RÃ¸dvin";"Glass";"14";"4.42"
"Vinmonopolet";"1781007";"Albino Armani Prosecco";"Albino Armani Prosecco";"0";"899.9";"3";"299.97";"Sparkling wine";"Glass";"11";"2.7269697"
"Vinmonopolet";"1781301";"Santa Helena Siglo de Oro Reserva Cabernet Sauvignon 2016";"Santa Helena Siglo de Oro Reserva Cabernet Sauvignon";"2016";"119.9";"0.75";"159.87";"RÃ¸dvin";"Glass";"13";"1.2297436"
"Vinmonopolet";"1781801";"Anthill Farms Sonoma Coast Syrah 2017";"Anthill Farms Sonoma Coast Syrah";"2017";"359";"0.75";"478.67";"RÃ¸dvin";"Glass";"13.6";"3.5196078"
"Vinmonopolet";"1782301";"County Line Pinot Noir 2016";"County Line Pinot Noir";"2016";"349";"0.75";"465.33";"RÃ¸dvin";"Glass";"13.6";"3.4215686"
"Vinmonopolet";"1782801";"Kutch Falstaff Pinot Noir 2018";"Kutch Falstaff Pinot Noir";"2018";"598";"0.75";"797.33";"RÃ¸dvin";"Glass";"12.5";"6.378667"
"Vinmonopolet";"1783001";"Anthill Farms Sonoma Coast Pinot Noir 2017";"Anthill Farms Sonoma Coast Pinot Noir";"2017";"398";"0.75";"530.67";"RÃ¸dvin";"Glass";"13.5";"3.930864"
"Vinmonopolet";"1783401";"Anthill Farms Peters Vineyard Pinot Noir 2017";"Anthill Farms Peters Vineyard Pinot Noir";"2017";"498";"0.75";"664";"RÃ¸dvin";"Glass";"13.6";"4.882353"
"Vinmonopolet";"1788401";"Carpineto Dogajolo Rosso 2018";"Carpineto Dogajolo Rosso";"2018";"139.9";"0.75";"186.53";"RÃ¸dvin";"Glass";"13";"1.4348717"
"Vinmonopolet";"1788405";"Carpineto Dogajolo Rosso 2017";"Carpineto Dogajolo Rosso";"2017";"379.9";"1.5";"253.27";"RÃ¸dvin";"Glass";"13";"1.9482051"
"Vinmonopolet";"1788407";"Carpineto Dogajolo Rosso 2018";"Carpineto Dogajolo Rosso";"2018";"729.9";"3";"243.3";"RÃ¸dvin";"Glass";"13.5";"1.8022223"
"Vinmonopolet";"1793001";"Cono Sur Silencio Cabernet Sauvignon 2011";"Cono Sur Silencio Cabernet Sauvignon";"2011";"1299.9";"0.75";"1733.2";"RÃ¸dvin";"Glass";"13.5";"12.838519"
"Vinmonopolet";"1793401";"A. H. Riise XO Reserve Rum";"A. H. Riise XO Reserve Rum";"0";"729.9";"0.7";"1042.71";"Rum";"Glass";"40";"2.6067858"
"Vinmonopolet";"1793501";"A. H. Riise XO Christmas Rum Limited Edition";"A. H. Riise XO Christmas Rum Limited Edition";"0";"789.9";"0.7";"1128.43";"Rum";"Glass";"40";"2.8210716"
"Vinmonopolet";"1793601";"A. H. Riise Non Plus Ultra Rum";"A. H. Riise Non Plus Ultra Rum";"0";"1199.9";"0.7";"1714.14";"Rum";"Glass";"42";"4.0812926"
"Vinmonopolet";"1793702";"Kronenbourg 1664 Blanc";"Kronenbourg  Blanc";"0";"42.9";"0.33";"130";"HveteÃ¸l";"Glass";"5";"2.6"
"Vinmonopolet";"1794701";"Anthonij Rupert Optima 2014";"Anthonij Rupert Optima";"2014";"289";"0.75";"385.33";"RÃ¸dvin";"Glass";"14";"2.7523808"
"Vinmonopolet";"1795501";"Ten. san Guido San Guido Le Difese 2015";"Ten. san Guido San Guido Le Difese";"2015";"279.8";"0.75";"373.07";"RÃ¸dvin";"Glass";"13";"2.8697433"
"Vinmonopolet";"1796501";"TitoÂ´s Handmade Vodka";"TitoÂ´s Handmade Vodka";"0";"485";"0.7";"692.86";"Vodka";"Glass";"40";"1.7321429"
"Vinmonopolet";"1797202";"Gilde Aquavit Bacalao";"Gilde Aquavit Bacalao";"0";"324.9";"0.5";"649.8";"Aquavit";"Glass";"41.5";"1.5657831"
"Vinmonopolet";"1799201";"MarquÃ©s de CÃ¡ceres excellens RosÃ© 2018";"MarquÃ©s de CÃ¡ceres excellens RosÃ©";"2018";"155";"0.75";"206.67";"RosÃ©vin";"Glass";"14";"1.4761904"
"Vinmonopolet";"1799205";"MarquÃ©s de CÃ¡ceres excellens RosÃ© 2018";"MarquÃ©s de CÃ¡ceres excellens RosÃ©";"2018";"339.9";"1.5";"226.6";"RosÃ©vin";"Glass";"14";"1.6185714"
"Vinmonopolet";"1801702";"Mikkeller Spontan Cherry Fredriksdal 2019";"Mikkeller Spontan Cherry Fredriksdal";"2019";"179";"0.38";"477.33";"SurÃ¸l";"Glass";"7.2";"6.542398"
"Vinmonopolet";"1802701";"Mikkeller Santa's Little Helper";"Mikkeller Santa's Little Helper";"0";"184.9";"0.75";"246.53";"Special";"Glass";"10.9";"2.2617736"
"Vinmonopolet";"1802702";"Mikkeller Santa's Little Helper";"Mikkeller Santa's Little Helper";"0";"78.9";"0.33";"239.09";"Special";"Glass";"10.9";"2.1934946"
"Vinmonopolet";"1804202";"Verzet Oud Bruin 2014";"Verzet Oud Bruin";"2014";"79.9";"0.38";"213.07";"SurÃ¸l";"Glass";"6";"3.5043862"
"Vinmonopolet";"1806601";"Produttori dei Colli Barolo 2016";"Produttori dei Colli Barolo";"2016";"249.9";"0.75";"333.2";"RÃ¸dvin";"Glass";"14";"2.3799999"
"Vinmonopolet";"1807406";"Meinklang Burgenland Red 2018";"Meinklang Burgenland Red";"2018";"499.9";"3";"166.63";"RÃ¸dvin";"Bag-in-box";"12";"1.3886111"
"Vinmonopolet";"1807501";"Ch. Vrai Caillou 2019";"Ch. Vrai Caillou";"2019";"148.8";"0.75";"198.4";"RÃ¸dvin";"Glass";"12";"1.6533334"
"Vinmonopolet";"1807601";"Mionetto Rive di Santo Stefano Valdobbiadene Prosecco Superiore 2017";"Mionetto Rive di Santo Stefano Valdobbiadene Prosecco Superiore";"2017";"164.9";"0.75";"219.87";"Sparkling wine";"Glass";"11";"1.9987878"
"Vinmonopolet";"1809401";"Markus Molitor Brauneberger Klostergarten** Pinot Noir 2013";"Markus Molitor Brauneberger Klostergarten** Pinot Noir";"2013";"350.4";"0.75";"467.2";"RÃ¸dvin";"Glass";"14";"3.3371427"
"Vinmonopolet";"1809901";"Markus Molitor Haus Klosterberg Riesling Sekt Brut";"Markus Molitor Haus Klosterberg Riesling Sekt Brut";"0";"220.2";"0.75";"293.6";"Sparkling wine";"Glass";"11.5";"2.5530434"
"Vinmonopolet";"1810101";"Markus Molitor Haus Klosterberg CuvÃ©e Sekt Brut";"Markus Molitor Haus Klosterberg CuvÃ©e Sekt Brut";"0";"159.6";"0.75";"212.8";"Sparkling wine";"Glass";"11.5";"1.8504349"
"Vinmonopolet";"1810401";"Lornano Toscano Rosso 2016";"Lornano Toscano Rosso";"2016";"174.9";"0.75";"233.2";"RÃ¸dvin";"Glass";"13";"1.7938461"
"Vinmonopolet";"1810501";"Colombo Hermitage Le Rouet Rouge 2017";"Colombo Hermitage Le Rouet Rouge";"2017";"575";"0.75";"766.67";"RÃ¸dvin";"Glass";"13.5";"5.6790123"
"Vinmonopolet";"1810601";"Ch. Malartic LagraviÃ¨re 2013";"Ch. Malartic LagraviÃ¨re";"2013";"449";"0.75";"598.67";"RÃ¸dvin";"Glass";"13.5";"4.434568"
"Vinmonopolet";"1813101";"Ganevat De Toute BeautÃ© Nature";"Ganevat De Toute BeautÃ© Nature";"2018";"399.9";"0.75";"533.2";"RÃ¸dvin";"Glass";"12";"4.443333"
"Vinmonopolet";"1813201";"Ganevat CuvÃ©e Madelon Nature";"Ganevat CuvÃ©e Madelon Nature";"2018";"359.9";"0.75";"479.87";"RÃ¸dvin";"Glass";"11.5";"4.1727533"
"Vinmonopolet";"1813901";"Geyerhof Rosensteig GrÃ¼ner Veltliner 2018";"Geyerhof Rosensteig GrÃ¼ner Veltliner";"2018";"209.9";"0.75";"279.87";"White wine";"Glass";"12";"2.3322222"
"Vinmonopolet";"1814302";"Tezza Recioto della Valpolicella 2009";"Tezza Recioto della Valpolicella";"2009";"274.9";"0.5";"549.8";"RÃ¸dvin";"Glass";"13.5";"4.0725927"
"Vinmonopolet";"1814401";"Tezza Amarone della Valpolicella 2015";"Tezza Amarone della Valpolicella";"2015";"300";"0.75";"400";"RÃ¸dvin";"Glass";"15";"2.6666667"
"Vinmonopolet";"1814405";"Tezza Amarone della Valpolicella 2015";"Tezza Amarone della Valpolicella";"2015";"599";"1.5";"399.33";"RÃ¸dvin";"Glass";"15";"2.6622221"
"Vinmonopolet";"1814501";"Tosti Prosecco";"Tosti Prosecco";"0";"189.6";"0.75";"252.8";"Sparkling wine";"Glass";"11";"2.298182"
"Vinmonopolet";"1814701";"Monte Faustino Amarone della Valpolicella Classico 2014";"Monte Faustino Amarone della Valpolicella Classico";"2014";"569.9";"0.75";"759.87";"RÃ¸dvin";"Glass";"17";"4.4698043"
"Vinmonopolet";"1814801";"Monte Faustino Valpolicella Ripasso Classico Superiore 2016";"Monte Faustino Valpolicella Ripasso Classico Superiore";"2016";"299.9";"0.75";"399.87";"RÃ¸dvin";"Glass";"15";"2.6657777"
"Vinmonopolet";"1814901";"Monte Faustino Amarone Valpolicella Classico Riserva 2012";"Monte Faustino Amarone Valpolicella Classico Riserva";"2012";"1399.9";"0.75";"1866.53";"RÃ¸dvin";"Glass";"17";"10.979608"
"Vinmonopolet";"1815105";"Dom. de Chevalier 2000";"Dom. de Chevalier";"2000";"2650";"1.5";"1766.67";"RÃ¸dvin";"Glass";"12.5";"14.133333"
"Vinmonopolet";"1815205";"Dom. de Chevalier Grand Cru ClassÃ© de Graves Blanc 2012";"Dom. de Chevalier Grand Cru ClassÃ© de Graves Blanc";"2012";"1999.9";"1.5";"1333.27";"White wine";"Glass";"14";"9.523334"
"Vinmonopolet";"1815301";"L'Esprit de Chevalier Blanc 2014";"L'Esprit de Chevalier Blanc";"2014";"299.8";"0.75";"399.73";"White wine";"Glass";"13.5";"2.9609876"
"Vinmonopolet";"1815401";"L'Esprit de Chevalier 2014";"L'Esprit de Chevalier";"2014";"299.8";"0.75";"399.73";"RÃ¸dvin";"Glass";"13.5";"2.9609876"
"Vinmonopolet";"1815405";"L'Esprit de Chevalier 2012";"L'Esprit de Chevalier";"2012";"599.7";"1.5";"399.8";"RÃ¸dvin";"Glass";"13";"3.0753846"
"Vinmonopolet";"1815601";"Haldenkanalen Cognac XO Limited Edition 2018";"Haldenkanalen Cognac XO Limited Edition";"0";"965";"0.7";"1378.57";"Grape spirit";"Glass";"40";"3.4464285"
"Vinmonopolet";"1816101";"Bod. Hispano Suizas Bobos 2013";"Bod. Hispano Suizas Bobos";"2013";"354.9";"0.75";"473.2";"RÃ¸dvin";"Glass";"13.5";"3.5051851"
"Vinmonopolet";"1816301";"JosÃ© Maria da Fonseca Ripanco Private Selection 2018";"JosÃ© Maria da Fonseca Ripanco Private Selection";"2018";"154.9";"0.75";"206.53";"RÃ¸dvin";"Glass";"14";"1.4752381"
"Vinmonopolet";"1816501";"Montecillo Gran Reserva SelecciÃ³n Especial 2001";"Montecillo Gran Reserva SelecciÃ³n Especial";"2001";"999.9";"0.75";"1333.2";"RÃ¸dvin";"Glass";"13.5";"9.875556"
"Vinmonopolet";"1816505";"Montecillo Gran Reserva SelecciÃ³n Especial 2001";"Montecillo Gran Reserva SelecciÃ³n Especial";"2001";"1799.9";"1.5";"1199.93";"RÃ¸dvin";"Glass";"13.5";"8.888395"
"Vinmonopolet";"1817601";"Graziano Mendocino Zinfandel 2015";"Graziano Mendocino Zinfandel";"2015";"259";"0.75";"345.33";"RÃ¸dvin";"Glass";"15";"2.3022223"
"Vinmonopolet";"1817801";"Dogarina Prosecco Valdobbiadene Superiore";"Dogarina Prosecco Valdobbiadene Superiore";"0";"197";"0.75";"262.67";"Sparkling wine";"Glass";"11";"2.387879"
"Vinmonopolet";"1818201";"Togouchi Premium";"Togouchi Premium";"0";"775";"0.7";"1107.14";"Whisky";"Glass";"40";"2.767857"
"Vinmonopolet";"1818302";"Akashi Blended";"Akashi Blended";"0";"575";"0.5";"1150";"Whisky";"Glass";"40";"2.875"
"Vinmonopolet";"1818402";"Akashi Single Malt";"Akashi Single Malt";"0";"1029";"0.5";"2058";"Whisky";"Glass";"46";"4.473913"
"Vinmonopolet";"1819001";"Ryoma 7 YO";"Ryoma 7 YO";"0";"890";"0.7";"1271.43";"Rum";"Glass";"40";"3.1785715"
"Vinmonopolet";"1820501";"Don Luciano Moscato 2013";"Don Luciano Moscato";"2013";"94.9";"0.75";"126.53";"Sparkling wine";"Glass";"7";"1.8076191"
"Vinmonopolet";"1821601";"Col d'Orcia Nearco Sant'Antimo 2015";"Col d'Orcia Nearco Sant'Antimo";"2015";"299.9";"0.75";"399.87";"RÃ¸dvin";"Glass";"14.5";"2.7577012"
"Vinmonopolet";"1821801";"Col d'Orcia Olmaia Sant'Antimo Cabernet 2014";"Col d'Orcia Olmaia Sant'Antimo Cabernet";"2014";"399.9";"0.75";"533.2";"RÃ¸dvin";"Glass";"14.5";"3.6772413"
"Vinmonopolet";"1822001";"GÃ©las Bas-Armagnac 18 Ans Folle Blanche";"GÃ©las Bas-Armagnac 18 Ans Folle Blanche";"0";"1055";"0.7";"1507.14";"Grape spirit";"Glass";"44.8";"3.3641584"
"Vinmonopolet";"1822401";"GÃ©las Cordialor Liqueur";"GÃ©las Cordialor Liqueur";"0";"485.1";"0.7";"693";"LikÃ¸r";"Glass";"35";"1.98"
"Vinmonopolet";"1823202";"Sagene Sterk Jul (flaske)";"Sagene Sterk Jul (flaske)";"2018";"51.9";"0.33";"157.27";"MÃ¸rk lager";"Glass";"6.5";"2.4195805"
"Vinmonopolet";"1823302";"Sagene Sterk Jul (boks)";"Sagene Sterk Jul (boks)";"2017";"66";"0.5";"128";"MÃ¸rk lager";"Emballasje med pant";"6.5";"2.0307693"
"Vinmonopolet";"1823601";"Cocito Dario Elisa 2012";"Cocito Dario Elisa";"2012";"157";"0.75";"209.33";"RosÃ©vin";"Glass";"12.5";"1.6746666"
"Vinmonopolet";"1823701";"Cocito Dario Violanda Barbera d`Asti 2011";"Cocito Dario Violanda Barbera d`Asti";"2011";"204.9";"0.75";"273.2";"RÃ¸dvin";"Glass";"14.5";"1.8841379"
"Vinmonopolet";"1823901";"The Hedonist Cabernet Sauvignon 2014";"The Hedonist Cabernet Sauvignon";"2014";"219.8";"0.75";"293.07";"RÃ¸dvin";"Glass";"14";"2.0933332"
"Vinmonopolet";"1824002";"Aass JuleÃ¸l Premium";"Aass JuleÃ¸l Premium";"0";"39.9";"0.33";"120.91";"MÃ¸rk lager";"Glass";"6.5";"1.8601398"
"Vinmonopolet";"1824102";"Aass JuleÃ¸l Vellagret";"Aass JuleÃ¸l Vellagret";"0";"49.9";"0.33";"151.21";"MÃ¸rk lager";"Glass";"9";"1.6801347"
"Vinmonopolet";"1824601";"Balthasar Ress Von Unserm Pinot Noir 2018";"Balthasar Ress Von Unserm Pinot Noir";"2018";"269.9";"0.75";"359.87";"RÃ¸dvin";"Glass";"12.5";"2.8789332"
"Vinmonopolet";"1824701";"OMA Langhe Nebbiolo 2018";"OMA Langhe Nebbiolo";"2018";"189.9";"0.75";"253.2";"RÃ¸dvin";"Glass";"13.5";"1.8755555"
"Vinmonopolet";"1824802";"Blandy's 10 Years Old Bual";"Blandy's 10 Years Old Bual";"0";"339.9";"0.5";"679.8";"Madeira";"Glass";"19";"3.5778947"
"Vinmonopolet";"1824902";"Blandy's 10 Years Old Sercial";"Blandy's 10 Years Old Sercial";"0";"339.9";"0.5";"679.8";"Madeira";"Glass";"19";"3.5778947"
"Vinmonopolet";"1825407";"Borgogno Barbera d'Alba 2018";"Borgogno Barbera d'Alba";"2018";"1100";"3";"366.67";"RÃ¸dvin";"Glass";"15";"2.4444444"
"Vinmonopolet";"1825901";"De Bartoli Rosso di Marco 2016";"De Bartoli Rosso di Marco";"2016";"275";"0.75";"366.67";"RÃ¸dvin";"Glass";"13";"2.8205128"
"Vinmonopolet";"1826501";"Anchor Junipero Gin";"Anchor Junipero Gin";"0";"519.9";"0.7";"742.71";"Gin";"Glass";"49.3";"1.5065199"
"Vinmonopolet";"1829302";"7 Fjell 7 Sorter Christmas Ale";"7 Fjell 7 Sorter Christmas Ale";"0";"54.9";"0.33";"166.36";"Brown ale";"Glass";"6.5";"2.5594406"
"Vinmonopolet";"1829901";"Stolpman Estate Grown Syrah 2017";"Stolpman Estate Grown Syrah";"2017";"399.9";"0.75";"533.2";"RÃ¸dvin";"Glass";"14.1";"3.7815602"
"Vinmonopolet";"1830302";"Berentsens Stelliger Divum JuleÃ¸l";"Berentsens Stelliger Divum JuleÃ¸l";"2019";"138.8";"0.33";"420.61";"Special";"Glass";"19";"2.213716"
"Vinmonopolet";"1831801";"Rodenbach Caractere Rouge Sour";"Rodenbach Caractere Rouge Sour";"0";"174.9";"0.75";"233.2";"SurÃ¸l";"Glass";"7";"3.3314285"
"Vinmonopolet";"1831901";"Palm Rodenbach Vintage 2016";"Palm Rodenbach Vintage";"2016";"174.9";"0.75";"233.2";"SurÃ¸l";"Glass";"7";"3.3314285"
"Vinmonopolet";"1832002";"Boon Mariage Parfait Geuze 2016";"Boon Mariage Parfait Geuze";"2016";"67.5";"0.38";"180";"SurÃ¸l";"Glass";"8";"2.2203948"
"Vinmonopolet";"1832302";"Slogen SunnmÃ¸rsjul";"Slogen SunnmÃ¸rsjul";"2019";"70.2";"0.5";"140.4";"Red/amber";"Glass";"6";"2.34"
"Vinmonopolet";"1833601";"Revello Barbera d'Alba 2018";"Revello Barbera d'Alba";"2018";"227";"0.75";"302.67";"RÃ¸dvin";"Glass";"14.5";"2.0873563"
"Vinmonopolet";"1833701";"Revello Barolo 2013";"Revello Barolo";"2013";"379";"0.75";"505.33";"RÃ¸dvin";"Glass";"14.5";"3.4850574"
"Vinmonopolet";"1835201";"Niepoort Tawny 30 Years Old";"Niepoort Tawny 30 Years Old";"0";"1299.9";"0.75";"1733.2";"Port wine";"Glass";"20.5";"8.454635"
"Vinmonopolet";"1836302";"St. Bernardus Prior 8";"St. Bernardus Prior 8";"0";"52.9";"0.33";"160.3";"Trappist";"Glass";"8";"2.0037878"
"Vinmonopolet";"1836401";"St. Bernardus Christmas Ale";"St. Bernardus Christmas Ale";"0";"139";"0.75";"185.33";"Trappist";"Glass";"10";"1.8533334"
"Vinmonopolet";"1836502";"St. Bernardus Tripel";"St. Bernardus Tripel";"0";"52.9";"0.33";"160.3";"Trappist";"Glass";"8";"2.0037878"
"Vinmonopolet";"1843601";"Aurelio Settimo Langhe Nebbiolo 2015";"Aurelio Settimo Langhe Nebbiolo";"2015";"239.9";"0.75";"319.87";"RÃ¸dvin";"Glass";"13.5";"2.3693826"
"Vinmonopolet";"1843801";"Blaugies Saison d'Epeautre";"Blaugies Saison d'Epeautre";"0";"119.8";"0.75";"159.73";"Saison farmhouse ale";"Glass";"6";"2.6622224"
"Vinmonopolet";"1844602";"Nesodden Premium Aquavit";"Nesodden Premium Aquavit";"0";"365";"0.5";"730";"Aquavit";"Glass";"40";"1.825"
"Vinmonopolet";"1846101";"F. Villard l'Appel des Sereines Syrah 2016";"F. Villard l'Appel des Sereines Syrah";"2016";"219.9";"0.75";"293.2";"RÃ¸dvin";"Glass";"12.5";"2.3456"
"Vinmonopolet";"1846206";"Ch. Dudon 2018";"Ch. Dudon";"2018";"500";"3";"166.67";"RÃ¸dvin";"Bag-in-box";"13.5";"1.2345679"
"Vinmonopolet";"1846301";"Flick Siefersheimer Silvaner Trocken 2016";"Flick Siefersheimer Silvaner Trocken";"2016";"184.9";"0.75";"246.53";"White wine";"Glass";"12.5";"1.9722666"
"Vinmonopolet";"1846401";"Isole e Olena Cepparello Toscana 2016";"Isole e Olena Cepparello Toscana";"2016";"728";"0.75";"970.67";"RÃ¸dvin";"Glass";"15";"6.4711113"
"Vinmonopolet";"1846501";"Serpaia di Endrizzi Serpaiolo 2012";"Serpaia di Endrizzi Serpaiolo";"2012";"198";"0.75";"264";"RÃ¸dvin";"Glass";"13.5";"1.9555556"
"Vinmonopolet";"1846601";"Serpaia di Endrizzi Meria 2009";"Serpaia di Endrizzi Meria";"2009";"249";"0.75";"332";"RÃ¸dvin";"Glass";"13.5";"2.4592593"
"Vinmonopolet";"1846701";"Azelia Dolcetto d'Alba Bricco dell'Oriolo 2013";"Azelia Dolcetto d'Alba Bricco dell'Oriolo";"2013";"179";"0.75";"238.67";"RÃ¸dvin";"Glass";"13";"1.8358974"
"Vinmonopolet";"1847001";"Casanova di Neri Brunello di Montalcino Tenuta Nuova 2013";"Casanova di Neri Brunello di Montalcino Tenuta Nuova";"2013";"995";"0.75";"1326.67";"RÃ¸dvin";"Glass";"14.5";"9.1494255"
"Vinmonopolet";"1847201";"Mascaro Cuvee A.M. Gran Reserva Brut Nature";"Mascaro Cuvee A.M. Gran Reserva Brut Nature";"0";"149";"0.75";"198.67";"Sparkling wine";"Glass";"12";"1.6555556"
"Vinmonopolet";"1847301";"Ch. Malartic-LagraviÃ¨re Blanc 2012";"Ch. Malartic-LagraviÃ¨re Blanc";"2012";"490";"0.75";"653.33";"White wine";"Glass";"13.5";"4.839506"
"Vinmonopolet";"1847701";"Marrone Barbera Sofia 2019";"Marrone Barbera Sofia";"2019";"154.9";"0.75";"206.53";"RÃ¸dvin";"Glass";"13";"1.5887179"
"Vinmonopolet";"1848001";"Tronnes VSOP";"Tronnes VSOP";"0";"314.9";"0.7";"449.86";"Grape spirit";"Glass";"36";"1.2496032"
"Vinmonopolet";"1848002";"Tronnes VSOP";"Tronnes VSOP";"0";"229.9";"0.5";"459.8";"Grape spirit";"Plast";"36";"1.2772222"
"Vinmonopolet";"1848401";"Kubler Riesling K 2013";"Kubler Riesling K";"2013";"189.7";"0.75";"252.93";"White wine";"Glass";"12.6";"2.0074074"
"Vinmonopolet";"1848701";"Vikingfjord";"Vikingfjord";"0";"314.9";"0.7";"449.86";"Vodka";"Glass";"37.5";"1.199619"
"Vinmonopolet";"1849201";"Ulysse Collin Les Maillons RosÃ© Extra Brut";"Ulysse Collin Les Maillons RosÃ© Extra Brut";"0";"949.9";"0.75";"1266.53";"Champagne, rosÃ©";"Glass";"12.5";"10.132267"
"Vinmonopolet";"1849301";"Fanny Sabre Bourgogne Blanc 2018";"Fanny Sabre Bourgogne Blanc";"2018";"339.9";"0.75";"453.2";"White wine";"Glass";"12.5";"3.6255999"
"Vinmonopolet";"1853901";"Ch. de Puligny-Montrachet Monthelie 1er Cru Les Duresse 2016";"Ch. de Puligny-Montrachet Monthelie 1er Cru Les Duresse";"2016";"569.9";"0.75";"759.87";"White wine";"Glass";"12.5";"6.0789337"
"Vinmonopolet";"1854302";"D Argentum Dill Aquavit";"D Argentum Dill Aquavit";"0";"399.9";"0.5";"799.8";"Aquavit";"Glass";"40";"1.9994999"
"Vinmonopolet";"1854601";"Dom. Grand Romane CÃ´tes du RhÃ´ne Blanc 2017";"Dom. Grand Romane CÃ´tes du RhÃ´ne Blanc";"2017";"229";"0.75";"305.33";"White wine";"Glass";"13";"2.348718"
"Vinmonopolet";"1854802";"Lofotpils Pilsner";"Lofotpils Pilsner";"0";"52.8";"0.33";"160";"Light lager";"Glass";"5.2";"3.0769231"
"Vinmonopolet";"1855401";"Francis Ford Coppola Director's Cut Cabernet Sauvignon 2016";"Francis Ford Coppola Director's Cut Cabernet Sauvignon";"2016";"349.9";"0.75";"466.53";"RÃ¸dvin";"Glass";"14.5";"3.2174711"
"Vinmonopolet";"1855501";"Val d`Oca Rive di San Pietro di Barbozza Valdobbiadene Prosecco Superiore Extra";"Val d`Oca Rive di San Pietro di Barbozza Valdobbiadene Prosecco Superiore Extra";"0";"174.9";"0.75";"233.2";"Sparkling wine";"Glass";"11.5";"2.027826"
"Vinmonopolet";"1856801";"Glenfarclas Single Malt 10 YO";"Glenfarclas Single Malt 10 YO";"0";"625";"0.7";"892.86";"Whisky";"Glass";"40";"2.232143"
"Vinmonopolet";"1858001";"Port Ellen 35YO Directors Cut 1979";"Port Ellen 35YO Directors Cut";"1979";"14500";"0.7";"20714.29";"Whisky";"Glass";"51.1";"40.536766"
"Vinmonopolet";"1859001";"Hazelburn 10 YO";"Hazelburn 10 YO";"0";"799.1";"0.7";"1141.57";"Whisky";"Glass";"46";"2.481677"
"Vinmonopolet";"1859101";"The King of Scots 25 YO";"The King of Scots 25 YO";"0";"899.9";"0.7";"1285.57";"Whisky";"Glass";"40";"3.2139287"
"Vinmonopolet";"1860501";"MarquÃ©s de CÃ¡ceres excellens CuvÃ©e Especial 2011";"MarquÃ©s de CÃ¡ceres excellens CuvÃ©e Especial";"2011";"189.9";"0.75";"253.2";"RÃ¸dvin";"Glass";"13.5";"1.8755555"
"Vinmonopolet";"1860801";"A. Jaume CÃ´tes du RhÃ´ne RÃ©serve Grand Veneur RosÃ© 2018";"A. Jaume CÃ´tes du RhÃ´ne RÃ©serve Grand Veneur RosÃ©";"2018";"194.9";"0.75";"259.87";"RosÃ©vin";"Glass";"13";"1.9989743"
"Vinmonopolet";"1861001";"A. Jaume CÃ´tes du RhÃ´ne RÃ©serve Grand Veneur Rouge 2018";"A. Jaume CÃ´tes du RhÃ´ne RÃ©serve Grand Veneur Rouge";"2018";"159.9";"0.75";"213.2";"RÃ¸dvin";"Glass";"14";"1.5228571"
"Vinmonopolet";"1861201";"A. Jaume CÃ´tes du RhÃ´ne RÃ©serve Grand Veneur Blanc 2017";"A. Jaume CÃ´tes du RhÃ´ne RÃ©serve Grand Veneur Blanc";"2017";"194.9";"0.75";"259.87";"White wine";"Glass";"13";"1.9989743"
"Vinmonopolet";"1862601";"Dupont Calvados Pays d'Auge Hors d'Age";"Dupont Calvados Pays d'Auge Hors d'Age";"0";"696";"0.7";"994.29";"Fruit spirit";"Glass";"42";"2.367347"
"Vinmonopolet";"1862701";"Dupont Calvados Pays d'Auge 1969";"Dupont Calvados Pays d'Auge";"1969";"2295";"0.7";"3278.57";"Fruit spirit";"Glass";"41";"7.9965158"
"Vinmonopolet";"1863001";"Dupont Calvados Pays d'Auge 15 Ans";"Dupont Calvados Pays d'Auge 15 Ans";"0";"950";"0.7";"1357.14";"Fruit spirit";"Glass";"42";"3.2312925"
"Vinmonopolet";"1863201";"Legras et Haas Grand Cru Blanc de Blancs Brut 2011";"Legras et Haas Grand Cru Blanc de Blancs Brut";"2011";"499";"0.75";"665.33";"Champagne, brut";"Glass";"12.5";"5.3226666"
"Vinmonopolet";"1864001";"Rion Nuits-Saint-Georges 1er Cru Clos des ArgilliÃ¨res 2012";"Rion Nuits-Saint-Georges 1er Cru Clos des ArgilliÃ¨res";"2012";"638.1";"0.75";"850.8";"RÃ¸dvin";"Glass";"13.5";"6.302222"
"Vinmonopolet";"1864901";"Moric Burgenland Reserve BlaufrÃ¤nkisch 2015";"Moric Burgenland Reserve BlaufrÃ¤nkisch";"2015";"369";"0.75";"492";"RÃ¸dvin";"Glass";"14";"3.5142858"
"Vinmonopolet";"1865001";"Moric Burgenland BlaufrÃ¤nkisch 2017";"Moric Burgenland BlaufrÃ¤nkisch";"2017";"239";"0.75";"318.67";"RÃ¸dvin";"Glass";"13";"2.451282"
"Vinmonopolet";"1865601";"Bienbebido JamÃ³n 2012";"Bienbebido JamÃ³n";"2012";"139.9";"0.75";"186.53";"RÃ¸dvin";"Glass";"13.5";"1.3817283"
"Vinmonopolet";"1866101";"Fiin Gammel Portviin Late Bottled Vintage 2008";"Fiin Gammel Portviin Late Bottled Vintage";"2008";"269.9";"0.75";"359.87";"Port wine";"Glass";"19.5";"1.8454701"
"Vinmonopolet";"1866201";"Ragnaud-Sabourin No.4 Grande Champagne VS";"Ragnaud-Sabourin No.4 Grande Champagne VS";"0";"645";"0.7";"921.43";"Grape spirit";"Glass";"41";"2.2473867"
"Vinmonopolet";"1866501";"Alois Lageder Porer Pinot Grigio 2018";"Alois Lageder Porer Pinot Grigio";"2018";"249.9";"0.75";"333.2";"White wine";"Glass";"12.5";"2.6655998"
"Vinmonopolet";"1866902";"Redhook Long Hammer IPA";"Redhook Long Hammer IPA";"0";"39.9";"0.35";"112.39";"India pale ale";"Glass";"6.2";"1.8387098"
"Vinmonopolet";"1870001";"Joseph Perrier CuvÃ©e Royale Br";"Joseph Perrier CuvÃ©e Royale Br";"0";"520";"0.75";"693.33";"Champagne, brut";"Glass";"12";"5.7777777"
"Vinmonopolet";"1870201";"Joseph Perrier CuvÃ©e Royal BdB Brut";"Joseph Perrier CuvÃ©e Royal BdB Brut";"0";"575";"0.75";"766.67";"Champagne, brut";"Glass";"12";"6.388889"
"Vinmonopolet";"1871501";"Eileen Hardy Pinot Noir 2015";"Eileen Hardy Pinot Noir";"2015";"690";"0.75";"920";"RÃ¸dvin";"Glass";"13";"7.076923"
"Vinmonopolet";"1871701";"Vikingfjord";"Vikingfjord";"0";"439.9";"1";"439.9";"Vodka";"Glass";"37.5";"1.1730666"
"Vinmonopolet";"1871702";"Vikingfjord";"Vikingfjord";"0";"227.9";"0.5";"455.8";"Vodka";"Plast";"37.5";"1.2154666"
"Vinmonopolet";"1872001";"Dom. de la MoriniÃ¨re Chardonnay 2019";"Dom. de la MoriniÃ¨re Chardonnay";"2019";"144.8";"0.75";"193.07";"White wine";"Glass";"12.5";"1.5445334"
"Vinmonopolet";"1872101";"Roland Champion SpÃ©cial Club Blanc de Blancs Brut 2012";"Roland Champion SpÃ©cial Club Blanc de Blancs Brut";"2012";"499.9";"0.75";"666.53";"Champagne, brut";"Glass";"12.5";"5.332267"
"Vinmonopolet";"1872201";"Dom. la Colombette Pinot Noir 2017";"Dom. la Colombette Pinot Noir";"2017";"219.9";"0.75";"293.2";"RÃ¸dvin";"Glass";"12.5";"2.3456"
"Vinmonopolet";"1872501";"Zanatta Prosecco Treviso";"Zanatta Prosecco Treviso";"0";"144.9";"0.75";"193.2";"Sparkling wine";"Glass";"10.5";"1.8399999"
"Vinmonopolet";"1872601";"Dom. La MeuliÃ©re Chablis Premier Cru Mont de Milieu 2017";"Dom. La MeuliÃ©re Chablis Premier Cru Mont de Milieu";"2017";"379.9";"0.75";"506.53";"White wine";"Glass";"13";"3.8964102"
"Vinmonopolet";"1872801";"Castello di Meleto Chianti Classico Vigna Casi Riserva 2013";"Castello di Meleto Chianti Classico Vigna Casi Riserva";"2013";"299.9";"0.75";"399.87";"RÃ¸dvin";"Glass";"13.5";"2.9619753"
"Vinmonopolet";"1872901";"Castello di Meleto Chianti Classico 2017";"Castello di Meleto Chianti Classico";"2017";"209.9";"0.75";"279.87";"RÃ¸dvin";"Glass";"13.5";"2.0730863"
"Vinmonopolet";"1873201";"Dom. La MeuliÃ©re Chablis 2018";"Dom. La MeuliÃ©re Chablis";"2018";"219.9";"0.75";"293.2";"White wine";"Glass";"12.5";"2.3456"
"Vinmonopolet";"1873502";"Witkap-Pater Stimulo Blonde Ale";"Witkap-Pater Stimulo Blonde Ale";"0";"49";"0.33";"148.49";"Trappist";"Glass";"6";"2.4747474"
"Vinmonopolet";"1873602";"Kona Fire Rock Hawaiian Pale Ale";"Kona Fire Rock Hawaiian Pale Ale";"0";"39.9";"0.35";"112.39";"Pale ale";"Glass";"5.8";"1.9655173"
"Vinmonopolet";"1873905";"St. Bernardus Abt 12 Edition 2018";"St. Bernardus Abt 12 Edition";"2018";"309";"1.5";"206";"Trappist";"Glass";"10";"2.06"
"Vinmonopolet";"1875302";"Giacometto Bruno Caluso Passito 2008";"Giacometto Bruno Caluso Passito";"2008";"272";"0.38";"725.33";"White wine";"Glass";"14";"5.112782"
"Vinmonopolet";"1875401";"Olek Bondonio Langhe Rosso Giulietta 2018";"Olek Bondonio Langhe Rosso Giulietta";"2018";"367";"0.75";"489.33";"RÃ¸dvin";"Glass";"14.5";"3.3747127"
"Vinmonopolet";"1875601";"Doyard-MahÃ© Empreinte";"Doyard-MahÃ© Empreinte";"0";"249.9";"0.75";"333.2";"Champagne, brut";"Glass";"12";"2.7766666"
"Vinmonopolet";"1876802";"Fuller`s Old Winter Ale";"Fuller`s Old Winter Ale";"0";"62.3";"0.5";"124.6";"Brown ale";"Glass";"5.3";"2.3509433"
"Vinmonopolet";"1877102";"Fullers Vintage Ale 2019";"Fullers Vintage Ale";"2019";"109.6";"0.5";"219.2";"Brown ale";"Glass";"8.5";"2.5788236"
"Vinmonopolet";"1878401";"Valpanera Refosco Dal Peduncolo Rosso 2014";"Valpanera Refosco Dal Peduncolo Rosso";"2014";"150.2";"0.75";"200.27";"RÃ¸dvin";"Glass";"13";"1.5405128"
"Vinmonopolet";"1878601";"Olav Sarpsborg 1016-2016";"Olav Sarpsborg -";"2016";"129";"0.75";"172";"RÃ¸dvin";"Glass";"13";"1.323077"
"Vinmonopolet";"1879701";"FerrÃ© CatasÃºs Yo 1940 Crianza 2014";"FerrÃ© CatasÃºs Yo  Crianza";"2014";"182.4";"0.75";"243.2";"RÃ¸dvin";"Glass";"13.5";"1.8014814"
"Vinmonopolet";"1880001";"Il Castiglione Nebbiolo d'Alba 2012";"Il Castiglione Nebbiolo d'Alba";"2012";"169.9";"0.75";"226.53";"RÃ¸dvin";"Glass";"14";"1.6180952"
"Vinmonopolet";"1880301";"Quinta de Sant'Ana Pinot Noir 2016";"Quinta de Sant'Ana Pinot Noir";"2016";"259";"0.75";"345.33";"RÃ¸dvin";"Glass";"13.5";"2.5580246"
"Vinmonopolet";"1880501";"Quinta de Sant'Ana Riesling 2015";"Quinta de Sant'Ana Riesling";"2015";"249";"0.75";"332";"White wine";"Glass";"12.5";"2.656"
"Vinmonopolet";"1880601";"Cuilleron CÃ´te-RÃ´tie MadiniÃ¨re 2015";"Cuilleron CÃ´te-RÃ´tie MadiniÃ¨re";"2015";"468.9";"0.75";"625.2";"RÃ¸dvin";"Glass";"12.5";"5.0016"
"Vinmonopolet";"1880701";"Cuilleron Cornas Le Village 2014";"Cuilleron Cornas Le Village";"2014";"449";"0.75";"598.67";"RÃ¸dvin";"Glass";"12.5";"4.7893333"
"Vinmonopolet";"1880801";"Cuilleron Les Vignes d'Ã  CÃ´tes Syrah 2015";"Cuilleron Les Vignes d'Ã  CÃ´tes Syrah";"2015";"199.4";"0.75";"265.87";"RÃ¸dvin";"Glass";"12.5";"2.1269333"
"Vinmonopolet";"1882501";"Villalta Prosecco Extra Dry";"Villalta Prosecco Extra Dry";"0";"144.9";"0.75";"193.2";"Sparkling wine";"Glass";"11";"1.7563635"
"Vinmonopolet";"1882901";"Masi Campolongo di Torbe Amarone della Valpolicella Classico 2011";"Masi Campolongo di Torbe Amarone della Valpolicella Classico";"2011";"1049.9";"0.75";"1399.87";"RÃ¸dvin";"Glass";"16";"8.7491665"
"Vinmonopolet";"1883101";"Principiano Laura Barbera d'Alba 2018";"Principiano Laura Barbera d'Alba";"2018";"224.9";"0.75";"299.87";"RÃ¸dvin";"Glass";"13.5";"2.2212346"
"Vinmonopolet";"1884002";"Scacciadiavoli Montefalco Sagrantino Passito 2015";"Scacciadiavoli Montefalco Sagrantino Passito";"2015";"369.9";"0.38";"986.4";"RÃ¸dvin";"Glass";"14";"6.9530077"
"Vinmonopolet";"1884801";"PflÃ¼ger Fronhof R Pinot Noir 2017";"PflÃ¼ger Fronhof R Pinot Noir";"2017";"329.9";"0.75";"439.87";"RÃ¸dvin";"Glass";"13.5";"3.2582715"
"Vinmonopolet";"1885601";"Thomas Lehner No. 23 Kranerwitzl Zweigelt 2012";"Thomas Lehner No. 23 Kranerwitzl Zweigelt";"2012";"299.9";"0.75";"399.87";"RÃ¸dvin";"Glass";"12.5";"3.1989334"
"Vinmonopolet";"1885801";"Lavradores de Feitora Meruge Tinto 2017";"Lavradores de Feitora Meruge Tinto";"2017";"299.9";"0.75";"399.87";"RÃ¸dvin";"Glass";"14";"2.8561904"
"Vinmonopolet";"1887201";"Ch. Chasse-Spleen 2009";"Ch. Chasse-Spleen";"2009";"899";"0.75";"1198.67";"RÃ¸dvin";"Glass";"14";"8.561905"
"Vinmonopolet";"1887301";"Ch. d Armailhac 2011";"Ch. d Armailhac";"2011";"1149";"0.75";"1532";"RÃ¸dvin";"Glass";"13.5";"11.348148"
"Vinmonopolet";"1887701";"Ch. Canon la Gaffeliere 2011";"Ch. Canon la Gaffeliere";"2011";"1159";"0.75";"1545.33";"RÃ¸dvin";"Glass";"13.5";"11.446914"
"Vinmonopolet";"1887801";"Ch. LÃ©oville PoyferrÃ© 2011";"Ch. LÃ©oville PoyferrÃ©";"2011";"1299";"0.75";"1732";"RÃ¸dvin";"Glass";"13.5";"12.82963"
"Vinmonopolet";"1889901";"Castello di Gabbiano Chianti Classico Riserva 2015";"Castello di Gabbiano Chianti Classico Riserva";"2015";"176.9";"0.75";"235.87";"RÃ¸dvin";"Glass";"13.5";"1.7471604"
"Vinmonopolet";"1890201";"Penfolds Bin 128 Coonawarra Shiraz 2016";"Penfolds Bin 128 Coonawarra Shiraz";"2016";"319.9";"0.75";"426.53";"RÃ¸dvin";"Glass";"14.5";"2.9416091"
"Vinmonopolet";"1891801";"KÃ¼nstler Tradition Pinot Noir 2016";"KÃ¼nstler Tradition Pinot Noir";"2016";"224.9";"0.75";"299.87";"RÃ¸dvin";"Glass";"13.5";"2.2212346"
"Vinmonopolet";"1892001";"KÃ¼nstler Hochheim Stein Pinot Noir Grosses GewÃ¤chs 2016";"KÃ¼nstler Hochheim Stein Pinot Noir Grosses GewÃ¤chs";"2016";"350";"0.75";"466.67";"RÃ¸dvin";"Glass";"14";"3.3333333"
"Vinmonopolet";"1892101";"Monte Delma Franciacorta RosÃ©";"Monte Delma Franciacorta RosÃ©";"0";"299.6";"0.75";"399.47";"Sparkling wine";"Glass";"12.5";"3.1957333"
"Vinmonopolet";"1892201";"Monte Delma Franciacorta Brut";"Monte Delma Franciacorta Brut";"0";"270.2";"0.75";"360.27";"Sparkling wine";"Glass";"12.5";"2.8821335"
"Vinmonopolet";"1892301";"Ruge L'essenziale Colfondo Prosecco";"Ruge L'essenziale Colfondo Prosecco";"0";"179.9";"0.75";"239.87";"Sparkling white wine";"Glass";"11";"2.180606"
"Vinmonopolet";"1892902";"Svenska Eldvatten GÃ¶teborg Gin";"Svenska Eldvatten GÃ¶teborg Gin";"0";"450";"0.5";"900";"Gin";"Glass";"45";"2"
"Vinmonopolet";"1894101";"Torres Santa Digna Estelado RosÃ© Brut";"Torres Santa Digna Estelado RosÃ© Brut";"2016";"139.9";"0.75";"186.53";"Musserende vin, rosÃ©";"Glass";"12";"1.5544444"
"Vinmonopolet";"1894301";"Sadie 'T Voetpad 2018";"Sadie 'T Voetpad";"2018";"459";"0.75";"612";"White wine";"Glass";"13.5";"4.5333333"
"Vinmonopolet";"1894401";"Sadie Skerpioen 2018";"Sadie Skerpioen";"2018";"409";"0.75";"545.33";"White wine";"Glass";"12.5";"4.3626666"
"Vinmonopolet";"1894601";"Sadie Treinspoor 2018";"Sadie Treinspoor";"2018";"459";"0.75";"612";"RÃ¸dvin";"Glass";"13";"4.707692"
"Vinmonopolet";"1894701";"Sadie Pofadder 2018";"Sadie Pofadder";"2018";"409";"0.75";"545.33";"RÃ¸dvin";"Glass";"13";"4.194872"
"Vinmonopolet";"1894801";"Sadie Soldaat 2018";"Sadie Soldaat";"2018";"459";"0.75";"612";"RÃ¸dvin";"Glass";"13";"4.707692"
"Vinmonopolet";"1894901";"Sadie Skurfberg 2018";"Sadie Skurfberg";"2018";"409";"0.75";"545.33";"White wine";"Glass";"13.5";"4.039506"
"Vinmonopolet";"1895801";"Talisker Port Ruighe";"Talisker Port Ruighe";"0";"579.9";"0.7";"828.43";"Whisky";"Glass";"45.8";"1.8087962"
"Vinmonopolet";"1897101";"Glenfiddich 26 YO";"Glenfiddich 26 YO";"0";"4790";"0.7";"6842.86";"Whisky";"Glass";"43";"15.913622"
"Vinmonopolet";"1897201";"Girvan Patent Still 25 YO";"Girvan Patent Still 25 YO";"0";"2890";"0.7";"4128.57";"Whisky";"Glass";"42";"9.829932"
"Vinmonopolet";"1897402";"Kininvie 23 YO";"Kininvie 23 YO";"0";"1250";"0.35";"3571.43";"Whisky";"Glass";"42.6";"8.3836355"
"Vinmonopolet";"1897501";"Balvenie 30 YO";"Balvenie 30 YO";"0";"8250";"0.7";"11785.71";"Whisky";"Glass";"47.3";"24.916945"
"Vinmonopolet";"1897602";"Ferdinand`s Saar Dry Gin";"Ferdinand`s Saar Dry Gin";"0";"630";"0.5";"1260";"Gin";"Glass";"44";"2.8636363"
"Vinmonopolet";"1897701";"HellstrÃ¸m GlÃ¸gg";"HellstrÃ¸m GlÃ¸gg";"0";"168.9";"0.75";"225.2";"Flavoured wine	";"Glass";"15";"1.5013332"
"Vinmonopolet";"1899401";"Guido Porro Barbera d'Alba Vigna S. Caterina 2019";"Guido Porro Barbera d'Alba Vigna S. Caterina";"2019";"246.7";"0.75";"328.93";"RÃ¸dvin";"Glass";"14";"2.3495238"
"Vinmonopolet";"1899501";"Guido Porro Dolcetto d'Alba Vigna l'Pari 2019";"Guido Porro Dolcetto d'Alba Vigna l'Pari";"2019";"226.7";"0.75";"302.27";"RÃ¸dvin";"Glass";"15";"2.015111"
"Vinmonopolet";"1899801";"JÃ¦gersborg Aquavit";"JÃ¦gersborg Aquavit";"0";"484.9";"0.7";"692.71";"Aquavit";"Glass";"41.5";"1.669191"
"Vinmonopolet";"1899902";"Austmann Stille Natt";"Austmann Stille Natt";"0";"54.8";"0.33";"166.06";"Porter and stout";"Glass";"9";"1.8451177"
"Vinmonopolet";"1900102";"Mack BokÃ¸l";"Mack BokÃ¸l";"0";"39.9";"0.33";"120.91";"MÃ¸rk lager";"Glass";"6.5";"1.8601398"
"Vinmonopolet";"1900401";"Ch. Ollieux Romanis CuvÃ©e Classique 2018";"Ch. Ollieux Romanis CuvÃ©e Classique";"2018";"194.9";"0.75";"259.87";"RÃ¸dvin";"Glass";"14.5";"1.7921839"
"Vinmonopolet";"1900801";"Roger Champault Sancerre Blanc Les Pierris";"Roger Champault Sancerre Blanc Les Pierris";"0";"258.8";"0.75";"345.07";"White wine";"Glass";"12.5";"2.760533"
"Vinmonopolet";"1901001";"Bod. CerrÃ³n Rabia 2016";"Bod. CerrÃ³n Rabia";"2016";"284.9";"0.75";"379.87";"RÃ¸dvin";"Glass";"15";"2.5324445"
"Vinmonopolet";"1901305";"Antica Cascina dei Conti di Roero Roero Arneis";"Antica Cascina dei Conti di Roero Roero Arneis";"0";"426.6";"1.5";"284.4";"White wine";"Glass";"13";"2.1876924"
"Vinmonopolet";"1901401";"Bod. CerrÃ³n Todo Sobre Mi Chardonnay 2018";"Bod. CerrÃ³n Todo Sobre Mi Chardonnay";"2018";"164.9";"0.75";"219.87";"White wine";"Glass";"12";"1.8322221"
"Vinmonopolet";"1901501";"Antica Cascina dei Conti di Roero Langhe Nebbiolo";"Antica Cascina dei Conti di Roero Langhe Nebbiolo";"2016";"199.2";"0.75";"265.6";"RÃ¸dvin";"Glass";"13.5";"1.9674073"
"Vinmonopolet";"1901601";"Bod. CerrÃ³n El Sentido de la Vida 2015";"Bod. CerrÃ³n El Sentido de la Vida";"2015";"249.9";"0.75";"333.2";"RÃ¸dvin";"Glass";"14.5";"2.297931"
"Vinmonopolet";"1901701";"ViÃ±a CerrÃ³n Remordimiento Tinto";"ViÃ±a CerrÃ³n Remordimiento Tinto";"2014";"179.9";"0.75";"239.87";"RÃ¸dvin";"Glass";"14.5";"1.6542528"
"Vinmonopolet";"1902101";"Paul Thomas Chavignol Sancerre Blanc 2018";"Paul Thomas Chavignol Sancerre Blanc";"2018";"239.9";"0.75";"319.87";"White wine";"Glass";"13.5";"2.3693826"
"Vinmonopolet";"1902601";"Gammel Dansk Chili og Lakrids Shot";"Gammel Dansk Chili og Lakrids Shot";"0";"412.9";"0.7";"589.86";"Bitter	";"Glass";"32";"1.8433036"
"Vinmonopolet";"1903302";"Sierra Nevada Celebration Ale";"Sierra Nevada Celebration Ale";"0";"53.9";"0.35";"151.83";"India pale ale";"Glass";"6.8";"2.264706"
"Vinmonopolet";"1903502";"Sierra Nevada Narwhal Imperial Stout";"Sierra Nevada Narwhal Imperial Stout";"0";"69.9";"0.35";"196.9";"Porter and stout";"Glass";"10.2";"1.9579833"
"Vinmonopolet";"1903701";"Pertinace Barolo 2013";"Pertinace Barolo";"2013";"379.9";"0.75";"506.53";"RÃ¸dvin";"Glass";"14";"3.6180952"
"Vinmonopolet";"1903801";"Cant. Vignaioli Pertinace Barbera d'Alba 2018";"Cant. Vignaioli Pertinace Barbera d'Alba";"2018";"199.9";"0.75";"266.53";"RÃ¸dvin";"Glass";"14";"1.9038094"
"Vinmonopolet";"1904301";"Peay Vineyards Pomarium Pinot Noir 2016";"Peay Vineyards Pomarium Pinot Noir";"2016";"644";"0.75";"858.67";"RÃ¸dvin";"Glass";"13.5";"6.3604937"
"Vinmonopolet";"1904401";"Peay Vineyards Sonoma Coast Pinot Noir 2017";"Peay Vineyards Sonoma Coast Pinot Noir";"2017";"534";"0.75";"712";"RÃ¸dvin";"Glass";"13.6";"5.235294"
"Vinmonopolet";"1904501";"Forman Napa Valley Cabernet Sauvignon 2015";"Forman Napa Valley Cabernet Sauvignon";"2015";"959";"0.75";"1278.67";"RÃ¸dvin";"Glass";"14.9";"8.5816555"
"Vinmonopolet";"1905901";"Carpano Dry";"Carpano Dry";"0";"265.9";"1";"265.9";"Vermouth";"Glass";"18";"1.4772222"
"Vinmonopolet";"1906301";"Cape Rock Amnesty 2017";"Cape Rock Amnesty";"2017";"219.9";"0.75";"293.2";"RÃ¸dvin";"Glass";"13.5";"2.1718519"
"Vinmonopolet";"1906401";"Cape Rock Asylum 2019";"Cape Rock Asylum";"2019";"209.9";"0.75";"279.87";"White wine";"Glass";"12.5";"2.2389333"
"Vinmonopolet";"1907001";"Vietti La Crena Barbera d'Asti 2015";"Vietti La Crena Barbera d'Asti";"2015";"519.9";"0.75";"693.2";"RÃ¸dvin";"Glass";"14.5";"4.7806897"
"Vinmonopolet";"1908401";"Monte Zovo Soave 2018";"Monte Zovo Soave";"2018";"169.9";"0.75";"226.53";"White wine";"Glass";"12.5";"1.8122666"
"Vinmonopolet";"1908801";"Pierre Ferrand Dry Curacao";"Pierre Ferrand Dry Curacao";"0";"434.9";"0.7";"621.29";"LikÃ¸r";"Glass";"40";"1.5532143"
"Vinmonopolet";"1913101";"Glenmorangie TÃ¹sail";"Glenmorangie TÃ¹sail";"0";"959.9";"0.7";"1371.29";"Whisky";"Glass";"46";"2.981056"
"Vinmonopolet";"1913201";"Macho Man Monastrell 2017";"Macho Man Monastrell";"2017";"309.9";"0.75";"413.2";"RÃ¸dvin";"Glass";"14.5";"2.8496552"
"Vinmonopolet";"1913301";"La Marimorena 2018";"La Marimorena";"2018";"255.4";"0.75";"340.53";"White wine";"Glass";"13";"2.619487"
"Vinmonopolet";"1914702";"Sierra Nevada Pale Ale";"Sierra Nevada Pale Ale";"0";"46.9";"0.35";"132.11";"Pale ale";"Metall";"5";"2.68"
"Vinmonopolet";"1915201";"The Invisible Man 2016";"The Invisible Man";"2016";"288.9";"0.75";"385.2";"RÃ¸dvin";"Glass";"14.5";"2.6565516"
"Vinmonopolet";"1915306";"Matto di Bacco Barbera 2017";"Matto di Bacco Barbera";"2017";"489";"3";"163";"RÃ¸dvin";"Bag-in-box";"13";"1.2538462"
"Vinmonopolet";"1917901";"Lopez de Heredia ViÃ±a Bosconia 2008";"Lopez de Heredia ViÃ±a Bosconia";"2008";"349.9";"0.75";"466.53";"RÃ¸dvin";"Glass";"13.5";"3.4558024"
"Vinmonopolet";"1918001";"Plantation Rum Grande Reserve Barbados";"Plantation Rum Grande Reserve Barbados";"0";"399.9";"0.7";"571.29";"Rum";"Glass";"40";"1.4282143"
"Vinmonopolet";"1919501";"Reibel Pinot Blanc 2014";"Reibel Pinot Blanc";"2014";"109.9";"0.75";"146.53";"White wine";"Glass";"12.5";"1.1722667"
"Vinmonopolet";"1919702";"Mack IPA";"Mack IPA";"0";"39.9";"0.33";"120.91";"India pale ale";"Glass";"6.5";"1.8601398"
"Vinmonopolet";"1920306";"RÃ¸d Hyggevin Arne og Carlos";"RÃ¸d Hyggevin Arne og Carlos";"0";"405.9";"3";"135.3";"RÃ¸dvin";"Bag-in-box";"12";"1.1274999"
"Vinmonopolet";"1920501";"Muralia Babone 2017";"Muralia Babone";"2017";"249.9";"0.75";"333.2";"RÃ¸dvin";"Glass";"14.5";"2.297931"
"Vinmonopolet";"1924401";"Four Roses Single Barrel Kentucky Straight Bourbon";"Four Roses Single Barrel Kentucky Straight Bourbon";"0";"589.9";"0.7";"842.71";"Whisky";"Glass";"50";"1.6854286"
"Vinmonopolet";"1925101";"L. Michel Chablis Premier Cru Butteaux V.V. 2017";"L. Michel Chablis Premier Cru Butteaux V.V.";"2017";"369.9";"0.75";"493.2";"White wine";"Glass";"13";"3.7938461"
"Vinmonopolet";"1926802";"De Dochter van de Korenaar Crime Passionnel";"De Dochter van de Korenaar Crime Passionnel";"0";"49.9";"0.33";"151.21";"India pale ale";"Glass";"7.5";"2.0161617"
"Vinmonopolet";"1927401";"Le Rive Aronne 2018";"Le Rive Aronne";"2018";"215.3";"0.75";"287.07";"RÃ¸dvin";"Glass";"14";"2.0504763"
"Vinmonopolet";"1928401";"Oddero Langhe Nebbiolo 2017";"Oddero Langhe Nebbiolo";"2017";"299.9";"0.75";"399.87";"RÃ¸dvin";"Glass";"14.5";"2.7577012"
"Vinmonopolet";"1928601";"Dom. des Treilles SÃ¸tt+Salt CÃ´tes du RhÃ´ne 2014";"Dom. des Treilles SÃ¸tt+Salt CÃ´tes du RhÃ´ne";"2014";"189.9";"0.75";"253.2";"RÃ¸dvin";"Glass";"14";"1.8085713"
"Vinmonopolet";"1929001";"Dom. Roger Perrin CÃ´tes du RhÃ´ne Vieilles Vignes 2016";"Dom. Roger Perrin CÃ´tes du RhÃ´ne Vieilles Vignes";"2016";"198";"0.75";"264";"RÃ¸dvin";"Glass";"14";"1.8857143"
"Vinmonopolet";"1929101";"Dom. Roger Perrin ChÃ¢teauneuf-du-Pape Rouge 2015";"Dom. Roger Perrin ChÃ¢teauneuf-du-Pape Rouge";"2015";"329.9";"0.75";"439.87";"RÃ¸dvin";"Glass";"14.5";"3.0335631"
"Vinmonopolet";"1929301";"Mauler CuvÃ©e Blue Label Brut";"Mauler CuvÃ©e Blue Label Brut";"0";"273.5";"0.75";"364.67";"Sparkling wine";"Glass";"12.5";"2.9173334"
"Vinmonopolet";"1929401";"Jose Cuervo Reserva de la Familia Platino";"Jose Cuervo Reserva de la Familia Platino";"0";"764.9";"0.7";"1092.71";"Fruit spirit";"Glass";"40";"2.7317858"
"Vinmonopolet";"1929501";"Jose Cuervo Tradicional Reposado";"Jose Cuervo Tradicional Reposado";"0";"537.9";"0.7";"768.43";"Fruit spirit";"Glass";"38";"2.0221806"
"Vinmonopolet";"1932302";"Mikkeller I Wish IPA";"Mikkeller I Wish IPA";"0";"65";"0.33";"196.97";"India pale ale";"Glass";"5.5";"3.581267"
"Vinmonopolet";"1932406";"Maison Vialade Vin Rouge 2018";"Maison Vialade Vin Rouge";"2018";"374.9";"2.25";"166.62";"RÃ¸dvin";"Bag-in-box";"12.5";"1.3329778"
"Vinmonopolet";"1939601";"Casa Santos Lima Lab Reserva 2017";"Casa Santos Lima Lab Reserva";"2017";"139.9";"0.75";"186.53";"RÃ¸dvin";"Glass";"14";"1.3323809"
"Vinmonopolet";"1939606";"Casa Santos Lima Lab Reserva 2019";"Casa Santos Lima Lab Reserva";"2019";"439.9";"3";"146.63";"RÃ¸dvin";"Bag-in-box";"14";"1.0473809"
"Vinmonopolet";"1939906";"Fenocchio Langhe Rosso";"Fenocchio Langhe Rosso";"0";"479.9";"3";"159.97";"RÃ¸dvin";"Bag-in-box";"12.5";"1.2797333"
"Vinmonopolet";"1941201";"Peique Bierzo MencÃ­a 2015";"Peique Bierzo MencÃ­a";"2015";"166.3";"0.75";"221.73";"RÃ¸dvin";"Glass";"13.5";"1.6424692"
"Vinmonopolet";"1942301";"Lykkebobler Brut RosÃ©";"Lykkebobler Brut RosÃ©";"2018";"159.9";"0.75";"213.2";"Musserende vin, rosÃ©";"Glass";"11.5";"1.853913"
"Vinmonopolet";"1942401";"CormÃ²ns Schioppettino 2013";"CormÃ²ns Schioppettino";"2013";"160.3";"0.75";"213.73";"RÃ¸dvin";"Glass";"13";"1.6441026"
"Vinmonopolet";"1942501";"CormÃ²ns Prosecco Frizzante 2013";"CormÃ²ns Prosecco Frizzante";"2013";"141.3";"0.75";"188.4";"Sparkling white wine";"Glass";"11";"1.7127273"
"Vinmonopolet";"1943501";"Four Roses Small Batch";"Four Roses Small Batch";"0";"519.9";"0.7";"742.71";"Whisky";"Glass";"45";"1.6504763"
"Vinmonopolet";"1944701";"Tullibardine 500 Sherry Finish";"Tullibardine 500 Sherry Finish";"0";"588.5";"0.7";"840.71";"Whisky";"Glass";"43";"1.9551495"
"Vinmonopolet";"1944801";"Tullibardine 228 Burgundy Finish";"Tullibardine 228 Burgundy Finish";"0";"599.9";"0.7";"857";"Whisky";"Glass";"43";"1.9930234"
"Vinmonopolet";"1944901";"Tullibardine 225 Sauternes Finish";"Tullibardine 225 Sauternes Finish";"0";"599.9";"0.7";"857";"Whisky";"Glass";"43";"1.9930234"
"Vinmonopolet";"1945001";"Tullibardine Sovereign";"Tullibardine Sovereign";"0";"549.9";"0.7";"785.57";"Whisky";"Glass";"43";"1.8269104"
"Vinmonopolet";"1946001";"La Chablisienne Chablis 1er Cru Montmains 2016";"La Chablisienne Chablis 1er Cru Montmains";"2016";"299.9";"0.75";"399.87";"White wine";"Glass";"13";"3.0758975"
"Vinmonopolet";"1946301";"Comte Georges de VogÃ¼Ã© Musigny Grand Cru Blanc 2016";"Comte Georges de VogÃ¼Ã© Musigny Grand Cru Blanc";"2016";"4999.9";"0.75";"6666.53";"White wine";"Glass";"14";"47.618095"
"Vinmonopolet";"1947605";"Ch. Talbot 2012";"Ch. Talbot";"2012";"2079";"1.5";"1386";"RÃ¸dvin";"Glass";"13";"10.661538"
"Vinmonopolet";"1947701";"Ch. SÃ©nÃ©jac 2012";"Ch. SÃ©nÃ©jac";"2012";"355";"0.75";"473.33";"RÃ¸dvin";"Glass";"13";"3.6410255"
"Vinmonopolet";"1948101";"Ch. Chasse-Spleen 2012";"Ch. Chasse-Spleen";"2012";"635";"0.75";"846.67";"RÃ¸dvin";"Glass";"13";"6.5128207"
"Vinmonopolet";"1948201";"Ch. Nenin 2012";"Ch. Nenin";"2012";"829";"0.75";"1105.33";"RÃ¸dvin";"Glass";"14.5";"7.6229887"
"Vinmonopolet";"1948701";"Ch. Clinet 2012";"Ch. Clinet";"2012";"1129";"0.75";"1505.33";"RÃ¸dvin";"Glass";"13";"11.579487"
"Vinmonopolet";"1950201";"Weing. E. Wehrheim Niersteiner Paterberg Gewurztraminer SpÃ¤tlese 2015";"Weing. E. Wehrheim Niersteiner Paterberg Gewurztraminer SpÃ¤tlese";"2015";"225";"0.75";"300";"White wine";"Glass";"10";"3"
"Vinmonopolet";"1950501";"Weing. E. Wehrheim Niersteiner Spiegelberg Riesling Trocken";"Weing. E. Wehrheim Niersteiner Spiegelberg Riesling Trocken";"0";"295";"0.75";"393.33";"Sparkling wine";"Glass";"12";"3.2777777"
"Vinmonopolet";"1950605";"Casa Belfi ColfÃ²ndo Anfora 2015";"Casa Belfi ColfÃ²ndo Anfora";"2015";"459.9";"1.5";"306.6";"Sparkling white wine";"Glass";"10.5";"2.92"
"Vinmonopolet";"1952201";"Squealing Pig Central Otago Pinot Gris 2017";"Squealing Pig Central Otago Pinot Gris";"2017";"139.9";"0.75";"186.53";"White wine";"Glass";"13.5";"1.3817283"
"Vinmonopolet";"1954501";"Bennati Soave Classico 2019";"Bennati Soave Classico";"2019";"138";"0.75";"184";"White wine";"Glass";"12.5";"1.472"
"Vinmonopolet";"1954601";"Louis Michel Chablis Premier Cru Sechets 2017";"Louis Michel Chablis Premier Cru Sechets";"2017";"344.9";"0.75";"459.87";"White wine";"Glass";"13";"3.5374358"
"Vinmonopolet";"1954801";"Cascina Ebreo Torbido! 2005";"Cascina Ebreo Torbido!";"2005";"510";"0.75";"680";"RÃ¸dvin";"Glass";"14";"4.857143"
"Vinmonopolet";"1955001";"Cascina Ebreo SinchÃ¨... 2006";"Cascina Ebreo SinchÃ¨...";"2006";"385.6";"0.75";"514.13";"White wine";"Glass";"15";"3.4275556"
"Vinmonopolet";"1955901";"Massolino Langhe Nebbiolo 2017";"Massolino Langhe Nebbiolo";"2017";"265.9";"0.75";"354.53";"RÃ¸dvin";"Glass";"14.5";"2.4450574"
"Vinmonopolet";"1956501";"Leroux Saint Romain Sous le ChÃ¢teau 2018";"Leroux Saint Romain Sous le ChÃ¢teau";"2018";"379.9";"0.75";"506.53";"White wine";"Glass";"12.5";"4.0522666"
"Vinmonopolet";"1957701";"Ch. MossÃ© Rivesaltes 1949";"Ch. MossÃ© Rivesaltes";"1949";"1999";"0.75";"2665.33";"Fortified wine";"Glass";"17.5";"15.230476"
"Vinmonopolet";"1958001";"Birkedal Hartmann Lofoten VSOP";"Birkedal Hartmann Lofoten VSOP";"0";"560";"0.7";"800";"Grape spirit";"Glass";"40";"2"
"Vinmonopolet";"1958101";"ViÃ±a Pomal Gran Reserva 2011";"ViÃ±a Pomal Gran Reserva";"2011";"349.9";"0.75";"466.53";"RÃ¸dvin";"Glass";"13.5";"3.4558024"
"Vinmonopolet";"1958201";"ViÃ±a Pomal Bianco 2016";"ViÃ±a Pomal Bianco";"2016";"164.9";"0.75";"219.87";"White wine";"Glass";"12.5";"1.7589333"
"Vinmonopolet";"1958301";"Lupi Reali Appassimento 2018";"Lupi Reali Appassimento";"2018";"174.9";"0.75";"233.2";"RÃ¸dvin";"Glass";"14.5";"1.6082758"
"Vinmonopolet";"1958501";"Intellego Chenin Blanc";"Intellego Chenin Blanc";"2018";"299.9";"0.75";"399.87";"White wine";"Glass";"11.5";"3.4771013"
"Vinmonopolet";"1958801";"Intellego Elementis 2019";"Intellego Elementis";"2019";"349.9";"0.75";"466.53";"White wine";"Glass";"11";"4.241212"
"Vinmonopolet";"1959101";"Testalonga El Bandito Cortez 2019";"Testalonga El Bandito Cortez";"2019";"359.9";"0.75";"479.87";"White wine";"Glass";"11";"4.3624244"
"Vinmonopolet";"1959201";"Testalonga El Bandito Skin 2019";"Testalonga El Bandito Skin";"2019";"359.9";"0.75";"479.87";"White wine";"Glass";"10.5";"4.5701585"
"Vinmonopolet";"1959501";"Alheit Cartology 2017";"Alheit Cartology";"2017";"369.9";"0.75";"493.2";"White wine";"Glass";"13";"3.7938461"
"Vinmonopolet";"1959802";"7 Fjell FlÃ¸ien IPA";"7 Fjell FlÃ¸ien IPA";"0";"49.9";"0.33";"151.21";"India pale ale";"Glass";"6.9";"2.19148"
"Vinmonopolet";"1960401";"Montecariano Valpolicella Classico Superiore Ripasso 2014";"Montecariano Valpolicella Classico Superiore Ripasso";"2014";"292.3";"0.75";"389.73";"RÃ¸dvin";"Glass";"14";"2.7838094"
"Vinmonopolet";"1960701";"Ch. Lafleur 2012";"Ch. Lafleur";"2012";"4199";"0.75";"5598.67";"RÃ¸dvin";"Glass";"14.5";"38.611496"
"Vinmonopolet";"1961201";"Backlund Cognac 2008";"Backlund Cognac";"2008";"1230.9";"0.7";"1758.43";"Grape spirit";"Glass";"40";"4.3960714"
"Vinmonopolet";"1962305";"Brancaia Chianti Classico Riserva 2011";"Brancaia Chianti Classico Riserva";"2011";"919.8";"1.5";"613.2";"RÃ¸dvin";"Glass";"14.5";"4.2289653"
"Vinmonopolet";"1963406";"Geil Riesling Trocken 2019";"Geil Riesling Trocken";"2019";"449.9";"3";"149.97";"White wine";"Bag-in-box";"11.5";"1.304058"
"Vinmonopolet";"1963501";"Bacardi Carta Negra";"Bacardi Carta Negra";"0";"369.9";"0.7";"528.43";"Rum";"Glass";"40";"1.3210714"
"Vinmonopolet";"1964001";"Zigno Prosecco Extra Dry 2017";"Zigno Prosecco Extra Dry";"2017";"119.9";"0.75";"159.87";"Sparkling wine";"Glass";"10.5";"1.5225397"
"Vinmonopolet";"1964101";"Pardon my French Cotes de Gascogne 2019";"Pardon my French Cotes de Gascogne";"2019";"117.9";"0.75";"157.2";"White wine";"Plast";"10.5";"1.4971429"
"Vinmonopolet";"1964901";"Roses de Jeanne CÃ´te de BÃ©chalin Blanc de Noirs Brut";"Roses de Jeanne CÃ´te de BÃ©chalin Blanc de Noirs Brut";"0";"749.8";"0.75";"999.73";"Champagne, brut";"Glass";"12.5";"7.9978666"
"Vinmonopolet";"1965806";"Niepoort DÃ£o RÃ³tulo 2017";"Niepoort DÃ£o RÃ³tulo";"2017";"454.9";"3";"151.63";"RÃ¸dvin";"Bag-in-box";"13";"1.1664102"
"Vinmonopolet";"1966201";"Dom. de Bellene Saint-Romain Vieilles Vignes 2018";"Dom. de Bellene Saint-Romain Vieilles Vignes";"2018";"339.9";"0.75";"453.2";"White wine";"Glass";"14";"3.2371428"
"Vinmonopolet";"1966501";"Dom. du Nozay Sancerre 2017";"Dom. du Nozay Sancerre";"2017";"279.9";"0.75";"373.2";"White wine";"Glass";"12.5";"2.9856"
"Vinmonopolet";"1967401";"Glenmorangie The Lasanta 12 YO";"Glenmorangie The Lasanta 12 YO";"0";"619.9";"0.7";"885.57";"Whisky";"Glass";"43";"2.0594685"
"Vinmonopolet";"1969201";"Maschio Gaiarine Grappa Chianti";"Maschio Gaiarine Grappa Chianti";"0";"293.8";"0.7";"419.71";"Grape spirit";"Glass";"40";"1.0492857"
"Vinmonopolet";"1969301";"Maschio Gaiarine Grappa Prosecco";"Maschio Gaiarine Grappa Prosecco";"0";"293.8";"0.7";"419.71";"Grape spirit";"Glass";"40";"1.0492857"
"Vinmonopolet";"1969501";"The Queen Grappa di Moscato";"The Queen Grappa di Moscato";"0";"288.9";"0.7";"412.71";"Grape spirit";"Glass";"38";"1.0860902"
"Vinmonopolet";"1969601";"CormÃ²ns Isonzo Friulano 2015";"CormÃ²ns Isonzo Friulano";"2015";"134.8";"0.75";"179.73";"White wine";"Glass";"12.5";"1.4378667"
"Vinmonopolet";"1969701";"Pascal Clement Bourgogne Pinot Noir 2018";"Pascal Clement Bourgogne Pinot Noir";"2018";"269.9";"0.75";"359.87";"RÃ¸dvin";"Glass";"12.5";"2.8789332"
"Vinmonopolet";"1969705";"Pascal Clement Bourgogne Pinot Noir 2018";"Pascal Clement Bourgogne Pinot Noir";"2018";"549.9";"1.5";"366.6";"RÃ¸dvin";"Glass";"12.5";"2.9328"
"Vinmonopolet";"1969801";"Pascal Clement Rully 1er Cru RabourcÃ© 2017";"Pascal Clement Rully 1er Cru RabourcÃ©";"2017";"369.9";"0.75";"493.2";"White wine";"Glass";"13";"3.7938461"
"Vinmonopolet";"1969805";"Pascal Clement Rully 1er Cru RabourcÃ© 2016";"Pascal Clement Rully 1er Cru RabourcÃ©";"2016";"699.9";"1.5";"466.6";"White wine";"Glass";"13";"3.5892308"
"Vinmonopolet";"1971101";"Filipa Pato TerritÃ³rio Vivo 2017";"Filipa Pato TerritÃ³rio Vivo";"2017";"249";"0.75";"332";"RÃ¸dvin";"Glass";"12.5";"2.656"
"Vinmonopolet";"1971201";"Filipa Pato Nossa CalcÃ¡rio 2018";"Filipa Pato Nossa CalcÃ¡rio";"2018";"279";"0.75";"372";"White wine";"Glass";"12";"3.1"
"Vinmonopolet";"1971302";"Filipa Pato Post Querqus 2017";"Filipa Pato Post Querqus";"2017";"199.9";"0.5";"399.8";"RÃ¸dvin";"Glass";"12";"3.3316665"
"Vinmonopolet";"1971401";"Filipa Pato 3B RosÃ©";"Filipa Pato 3B RosÃ©";"0";"179.9";"0.75";"239.87";"Musserende vin, rosÃ©";"Glass";"11";"2.180606"
"Vinmonopolet";"1971501";"Filipa Pato D.n.m.c. Baga 2018";"Filipa Pato D.n.m.c. Baga";"2018";"189.9";"0.75";"253.2";"RÃ¸dvin";"Glass";"12.5";"2.0256"
"Vinmonopolet";"1971601";"Schiavenza Barolo Serralunga 2017";"Schiavenza Barolo Serralunga";"2017";"379";"0.75";"505.33";"RÃ¸dvin";"Glass";"14";"3.6095238"
"Vinmonopolet";"1971701";"Schiavenza Barolo PrapÃ³ 2014";"Schiavenza Barolo PrapÃ³";"2014";"539";"0.75";"718.67";"RÃ¸dvin";"Glass";"14";"5.133333"
"Vinmonopolet";"1972001";"Schiefer Burgenland BlaufrÃ¤nkisch";"Schiefer Burgenland BlaufrÃ¤nkisch";"2016";"219";"0.75";"292";"RÃ¸dvin";"Glass";"13.5";"2.162963"
"Vinmonopolet";"1972401";"Lafou El Sender 2016";"Lafou El Sender";"2016";"226.7";"0.75";"302.27";"RÃ¸dvin";"Glass";"14";"2.1590476"
"Vinmonopolet";"1972901";"Quinta da Romaneira 10 YO Tawny";"Quinta da Romaneira 10 YO Tawny";"0";"294.9";"0.75";"393.2";"Port wine";"Glass";"19.5";"2.01641"
"Vinmonopolet";"1973202";"Ghost Brewery / Ugly Duck Brewing West Coast IPA";"Ghost Brewery / Ugly Duck Brewing West Coast IPA";"0";"52.3";"0.33";"158.49";"India pale ale";"Glass";"6.5";"2.4382284"
"Vinmonopolet";"1973301";"Grossot Chablis 2016";"Grossot Chablis";"2016";"269.9";"0.75";"359.87";"White wine";"Glass";"12.5";"2.8789332"
"Vinmonopolet";"1973401";"Calle Fegth Mittelheimer Edelmann SpÃ¤tlese Trocken 2015";"Calle Fegth Mittelheimer Edelmann SpÃ¤tlese Trocken";"2015";"239.9";"0.75";"319.87";"White wine";"Glass";"12";"2.6655555"
"Vinmonopolet";"1973901";"Roland Champion CuvÃ©e dÂ´Aramis Brut";"Roland Champion CuvÃ©e dÂ´Aramis Brut";"2016";"289.9";"0.75";"386.53";"Champagne, brut";"Glass";"12.5";"3.0922666"
"Vinmonopolet";"1975701";"Nikka Coffey Grain";"Nikka Coffey Grain";"0";"694.9";"0.7";"992.71";"Whisky";"Glass";"45";"2.2060318"
"Vinmonopolet";"1975801";"Nikka Coffey Malt";"Nikka Coffey Malt";"0";"764.9";"0.7";"1092.71";"Whisky";"Glass";"45";"2.4282541"
"Vinmonopolet";"1976101";"Doc`s Original Hard Apple Cider";"Doc`s Original Hard Apple Cider";"0";"94.5";"0.65";"145.39";"Cider";"Glass";"5";"2.9076924"
"Vinmonopolet";"1976102";"Doc`s Draft Original Hard Apple Cider";"Doc`s Draft Original Hard Apple Cider";"0";"59.5";"0.35";"167.61";"Cider";"Glass";"5";"3.4"
"Vinmonopolet";"1976501";"Dom. la Colombette Grenache Syrah 2018";"Dom. la Colombette Grenache Syrah";"2018";"139.9";"0.75";"186.53";"RÃ¸dvin";"Glass";"12.5";"1.4922667"
"Vinmonopolet";"1976601";"Joseph Drouhin CÃ´te de Beaune Villages 2017";"Joseph Drouhin CÃ´te de Beaune Villages";"2017";"298";"0.75";"397.33";"RÃ¸dvin";"Glass";"13";"3.0564103"
"Vinmonopolet";"1976701";"Dom. la Colombette Sauvignon 2019";"Dom. la Colombette Sauvignon";"2019";"139.9";"0.75";"186.53";"White wine";"Glass";"11.5";"1.622029"
"Vinmonopolet";"1976801";"Dom. la Colombette Merlot Cabernet 2016";"Dom. la Colombette Merlot Cabernet";"2016";"149.9";"0.75";"199.87";"RÃ¸dvin";"Glass";"12.5";"1.5989332"
"Vinmonopolet";"1977801";"Escoda-Sanahuja Mas del Gaio 2013";"Escoda-Sanahuja Mas del Gaio";"2013";"379.9";"0.75";"506.53";"White wine";"Glass";"10.5";"4.8241267"
"Vinmonopolet";"1978201";"Mengoba Tinto Mencia 2016";"Mengoba Tinto Mencia";"2016";"262.2";"0.75";"349.6";"RÃ¸dvin";"Glass";"13.5";"2.5896297"
"Vinmonopolet";"1978301";"Mengoba Brezo Bierzo Mencia 2018";"Mengoba Brezo Bierzo Mencia";"2018";"177.8";"0.75";"237.07";"RÃ¸dvin";"Glass";"13";"1.8235898"
"Vinmonopolet";"1978601";"Coto de Gomariz Ribeiro Trexidura 2014";"Coto de Gomariz Ribeiro Trexidura";"2014";"196";"0.75";"261.33";"White wine";"Glass";"13.5";"1.9358025"
"Vinmonopolet";"1978701";"Coto de Gomariz The Flower and the Bee Ribeiro SousÃ³n 2014";"Coto de Gomariz The Flower and the Bee Ribeiro SousÃ³n";"2014";"137.5";"0.75";"183.33";"RÃ¸dvin";"Glass";"13";"1.4102564"
"Vinmonopolet";"1978901";"Coto de Gomariz X Ribeiro AlbariÃ±o 2016";"Coto de Gomariz X Ribeiro AlbariÃ±o";"2016";"217.2";"0.75";"289.6";"White wine";"Glass";"13";"2.2276924"
"Vinmonopolet";"1979001";"Clos de L`Obac Priorat 2005";"Clos de L`Obac Priorat";"2005";"777.4";"0.75";"1036.53";"RÃ¸dvin";"Glass";"14.5";"7.148506"
"Vinmonopolet";"1979101";"Clos de l Obac Miserere Priorat 2005";"Clos de l Obac Miserere Priorat";"2005";"676.3";"0.75";"901.73";"RÃ¸dvin";"Glass";"14.5";"6.2188506"
"Vinmonopolet";"1979301";"AilalÃ¡ Ribeiro Treixadura 2018";"AilalÃ¡ Ribeiro Treixadura";"2018";"199.6";"0.75";"266.13";"White wine";"Glass";"13.5";"1.9713581"
"Vinmonopolet";"1980401";"Ch. Mosse Rivesaltes 1935";"Ch. Mosse Rivesaltes";"1935";"2599";"0.75";"3465.33";"Fortified wine";"Glass";"18";"19.251852"
"Vinmonopolet";"1981201";"Winter Dittelsheimer Weissburgunder 2010";"Winter Dittelsheimer Weissburgunder";"2010";"249.9";"0.75";"333.2";"White wine";"Glass";"13";"2.563077"
"Vinmonopolet";"1982401";"Lavradores de Feitoria Meruge Branco 2017";"Lavradores de Feitoria Meruge Branco";"2017";"319.9";"0.75";"426.53";"White wine";"Glass";"12.5";"3.4122665"
"Vinmonopolet";"1982501";"Ceretto Piana Barbera d'Alba 2018";"Ceretto Piana Barbera d'Alba";"2018";"309.9";"0.75";"413.2";"RÃ¸dvin";"Glass";"15";"2.7546666"
"Vinmonopolet";"1982801";"Nikolaihof Vinothek Riesling 2002";"Nikolaihof Vinothek Riesling";"2002";"1399.9";"0.75";"1866.53";"White wine";"Glass";"12.5";"14.932267"
"Vinmonopolet";"1984001";"Barale Barolo Vendemmia 2014";"Barale Barolo Vendemmia";"2014";"359.9";"0.75";"479.87";"RÃ¸dvin";"Glass";"13.5";"3.5545678"
"Vinmonopolet";"1984302";"Hudson Manhattan Rye";"Hudson Manhattan Rye";"0";"589.9";"0.35";"1685.43";"Whisky";"Glass";"46";"3.6639755"
"Vinmonopolet";"1984402";"Hudson Baby Bourbon";"Hudson Baby Bourbon";"2019";"589.9";"0.35";"1685.43";"Whisky";"Glass";"46";"3.6639755"
"Vinmonopolet";"1984501";"Boodles British Gin London Dry";"Boodles British Gin London Dry";"0";"444.9";"0.7";"635.57";"Gin";"Glass";"40";"1.5889286"
"Vinmonopolet";"1984601";"Jose Cuervo 1800 Silver Reserva";"Jose Cuervo  Silver Reserva";"0";"567.9";"0.7";"811.29";"Fruit spirit";"Glass";"38";"2.1349626"
"Vinmonopolet";"1984701";"Jose Cuervo 1800 Reposado Reserva";"Jose Cuervo  Reposado Reserva";"0";"615.9";"0.7";"879.86";"Fruit spirit";"Glass";"38";"2.3154137"
"Vinmonopolet";"1984801";"Jose Cuervo Tradicional Silver";"Jose Cuervo Tradicional Silver";"0";"535.9";"0.7";"765.57";"Fruit spirit";"Glass";"38";"2.0146618"
"Vinmonopolet";"1985201";"Valquejigoso V2 2008";"Valquejigoso V2";"2008";"645.8";"0.75";"861.07";"RÃ¸dvin";"Glass";"15";"5.740444"
"Vinmonopolet";"1985701";"Skrik Edvard Munch Appassimento Rosso Del Veneto";"Skrik Edvard Munch Appassimento Rosso Del Veneto";"0";"198.4";"0.75";"264.53";"RÃ¸dvin";"Glass";"14";"1.8895237"
"Vinmonopolet";"1985801";"Olivier Ravoire Crozes-Hermitage 2017";"Olivier Ravoire Crozes-Hermitage";"2017";"315";"0.75";"420";"RÃ¸dvin";"Glass";"13.5";"3.1111112"
"Vinmonopolet";"1985901";"Olivier Ravoire CÃ´tes du RhÃ´ne 2017";"Olivier Ravoire CÃ´tes du RhÃ´ne";"2017";"175";"0.75";"233.33";"RÃ¸dvin";"Glass";"14";"1.6666666"
"Vinmonopolet";"1986005";"Tommasi Graticcio Appassionato 2017";"Tommasi Graticcio Appassionato";"2017";"329.9";"1.5";"219.93";"RÃ¸dvin";"Glass";"12.5";"1.7594666"
"Vinmonopolet";"1987101";"Akevitt Spesial";"Akevitt Spesial";"0";"314.9";"0.7";"449.86";"Aquavit";"Glass";"40";"1.1246428"
"Vinmonopolet";"1987102";"Akevitt Spesial";"Akevitt Spesial";"0";"244.9";"0.5";"489.8";"Aquavit";"Plast";"40";"1.2245"
"Vinmonopolet";"1987201";"Palladino Barolo Ornato 2013";"Palladino Barolo Ornato";"2013";"475";"0.75";"633.33";"RÃ¸dvin";"Glass";"14.5";"4.367816"
"Vinmonopolet";"1987301";"Palladino Barolo Parafada 2014";"Palladino Barolo Parafada";"2014";"489";"0.75";"652";"RÃ¸dvin";"Glass";"14.5";"4.4965515"
"Vinmonopolet";"1987501";"Newton Johnson Chardonnay FelicitÃ© 2018";"Newton Johnson Chardonnay FelicitÃ©";"2018";"169.9";"0.75";"226.53";"White wine";"Glass";"13.5";"1.6780246"
"Vinmonopolet";"1987802";"Tokaj Classic Late Harvest 2011";"Tokaj Classic Late Harvest";"2011";"219.9";"0.5";"439.8";"White wine";"Glass";"11.5";"3.8243477"
"Vinmonopolet";"1988401";"Gemtree Bloodstone Shiraz 2016";"Gemtree Bloodstone Shiraz";"2016";"174.8";"0.75";"233.07";"RÃ¸dvin";"Glass";"14.5";"1.6073563"
"Vinmonopolet";"1988501";"Pierre Gerbais l'Audace Pinot Noir 2014";"Pierre Gerbais l'Audace Pinot Noir";"2014";"479.9";"0.75";"639.87";"Champagne extra brut";"Glass";"12";"5.332222"
"Vinmonopolet";"1988601";"Pierre Gerbais LâOsmose BdB Extra Brut 2014";"Pierre Gerbais LâOsmose BdB Extra Brut";"2014";"439.9";"0.75";"586.53";"Champagne extra brut";"Glass";"12";"4.887778"
"Vinmonopolet";"1989001";"Le Ragnaie Brunello di Montalcino 2015";"Le Ragnaie Brunello di Montalcino";"2015";"729.9";"0.75";"973.2";"RÃ¸dvin";"Glass";"13.5";"7.208889"
"Vinmonopolet";"1989901";"Le Ragnaie Brunello di Montalcino V.V. 2015";"Le Ragnaie Brunello di Montalcino V.V.";"2015";"1199.9";"0.75";"1599.87";"RÃ¸dvin";"Glass";"13.5";"11.850864"
"Vinmonopolet";"1991101";"ViÃ±a Cubillo Crianza 2011";"ViÃ±a Cubillo Crianza";"2011";"259.9";"0.75";"346.53";"RÃ¸dvin";"Glass";"13.5";"2.5669136"
"Vinmonopolet";"1991201";"Gin Mare";"Gin Mare";"0";"589.9";"0.7";"842.71";"Gin";"Glass";"42.7";"1.9735699"
"Vinmonopolet";"1991301";"Whitley Neill Handcrafted Dry Gin";"Whitley Neill Handcrafted Dry Gin";"0";"469";"0.7";"670";"Gin";"Glass";"43";"1.5581396"
"Vinmonopolet";"1991402";"Tennent's Whisky Aged Beer";"Tennent's Whisky Aged Beer";"0";"49.9";"0.33";"151.21";"Red/amber";"Glass";"6";"2.520202"
"Vinmonopolet";"1991601";"Dom. de Chevalier 2012";"Dom. de Chevalier";"2012";"979";"0.75";"1305.33";"RÃ¸dvin";"Glass";"13.5";"9.669136"
"Vinmonopolet";"1991801";"Porseleinberg 2017";"Porseleinberg";"2017";"849.9";"0.75";"1133.2";"RÃ¸dvin";"Glass";"13.5";"8.394074"
"Vinmonopolet";"1997001";"Piaggia Pietranera Toscana 2018";"Piaggia Pietranera Toscana";"2018";"279.2";"0.75";"372.27";"RÃ¸dvin";"Glass";"14.5";"2.5673563"
"Vinmonopolet";"1998501";"Poli Airone Rosso Aperitivo Veneto";"Poli Airone Rosso Aperitivo Veneto";"0";"299.9";"0.7";"428.43";"LikÃ¸r";"Glass";"17";"2.520168"
"Vinmonopolet";"2000601";"Corte Giara Valpolicella Ripasso La Groletta 2018";"Corte Giara Valpolicella Ripasso La Groletta";"2018";"184.9";"0.75";"246.53";"RÃ¸dvin";"Glass";"13.5";"1.8261728"
"Vinmonopolet";"2001501";"Brocard Saint-Bris Sauvignon 2017";"Brocard Saint-Bris Sauvignon";"2017";"179.9";"0.75";"239.87";"White wine";"Glass";"12";"1.9988889"
"Vinmonopolet";"2001701";"Vaux Riesling Brut 2017";"Vaux Riesling Brut";"2017";"269.9";"0.75";"359.87";"Sparkling wine";"Glass";"12";"2.9988887"
"Vinmonopolet";"2002101";"Evan Williams Kentucky Straight Bourbon Whisky";"Evan Williams Kentucky Straight Bourbon Whisky";"0";"509.9";"0.7";"728.43";"Whisky";"Glass";"43";"1.6940199"
"Vinmonopolet";"2002501";"Finca La Celia Reserva Malbec 2018";"Finca La Celia Reserva Malbec";"2018";"159.9";"0.75";"213.2";"RÃ¸dvin";"Glass";"14";"1.5228571"
"Vinmonopolet";"2003602";"RozÃ¨s Late Bottled Vintage 2004";"RozÃ¨s Late Bottled Vintage";"2004";"139.7";"0.38";"372.53";"Port wine";"Glass";"20";"1.8381579"
"Vinmonopolet";"2005502";"Chartreuse GrÃ¸nn";"Chartreuse GrÃ¸nn";"0";"379.9";"0.35";"1085.43";"LikÃ¸r";"Glass";"55";"1.9735065"
"Vinmonopolet";"2005901";"EsporÃ£o Reserva 2016";"EsporÃ£o Reserva";"2016";"250";"0.75";"333.33";"RÃ¸dvin";"Glass";"14.5";"2.2988505"
"Vinmonopolet";"2006301";"Porcupine Ridge Syrah 2018";"Porcupine Ridge Syrah";"2018";"189.9";"0.75";"253.2";"RÃ¸dvin";"Glass";"14.5";"1.7462069"
"Vinmonopolet";"2010102";"Grolsch Premium Lager";"Grolsch Premium Lager";"0";"32.9";"0.33";"99.7";"Light lager";"Glass";"5";"1.9939394"
"Vinmonopolet";"2010502";"Weil Kiedrich GrÃ¤fenberg Riesling Beerenauslese";"Weil Kiedrich GrÃ¤fenberg Riesling Beerenauslese";"2004";"1110.9";"0.38";"2962.4";"White wine";"Glass";"7.5";"38.97895"
"Vinmonopolet";"2011601";"Dom. Pierre de PrÃ©hy Petit Chablis 2018";"Dom. Pierre de PrÃ©hy Petit Chablis";"2018";"189.9";"0.75";"253.2";"White wine";"Glass";"12.5";"2.0256"
"Vinmonopolet";"2011901";"Mosbacher Riesling Trocken 2018";"Mosbacher Riesling Trocken";"2018";"152.9";"0.75";"203.87";"White wine";"Glass";"11.5";"1.7727536"
"Vinmonopolet";"2011905";"Mosbacher Riesling Trocken";"Mosbacher Riesling Trocken";"2018";"359";"1.5";"239.33";"White wine";"Glass";"11.5";"2.0811594"
"Vinmonopolet";"2013501";"CuvÃ©e Christer Berens Primitivo 2018";"CuvÃ©e Christer Berens Primitivo";"2018";"139.9";"0.75";"186.53";"RÃ¸dvin";"Glass";"13.5";"1.3817283"
"Vinmonopolet";"2013506";"CuvÃ©e Christer Berens Primitivo";"CuvÃ©e Christer Berens Primitivo";"0";"459.9";"3";"153.3";"RÃ¸dvin";"Bag-in-box";"13.5";"1.1355555"
"Vinmonopolet";"2013601";"Due Palme Squinzano 2016";"Due Palme Squinzano";"2016";"129.9";"0.75";"173.2";"RÃ¸dvin";"Glass";"12.5";"1.3856"
"Vinmonopolet";"2014001";"CuvÃ©e Christer Berens Trebbiano d'Abruzzo 2018";"CuvÃ©e Christer Berens Trebbiano d'Abruzzo";"2018";"139.9";"0.75";"186.53";"White wine";"Glass";"12";"1.5544444"
"Vinmonopolet";"2014206";"Montalto Cataratto-Chardonnay 2017";"Montalto Cataratto-Chardonnay";"2017";"449.9";"3";"149.97";"White wine";"Bag-in-box";"12.5";"1.1997334"
"Vinmonopolet";"2014701";"Clontarf Single Malt";"Clontarf Single Malt";"0";"474.9";"0.7";"678.43";"Whisky";"Glass";"40";"1.6960714"
"Vinmonopolet";"2015503";"Vikingfjord";"Vikingfjord";"0";"63.9";"0.04";"1597.5";"Vodka";"Glass";"37.5";"4.26"
"Vinmonopolet";"2016101";"Les GrÃ¨s Chardonnay Viognier 2019";"Les GrÃ¨s Chardonnay Viognier";"2019";"129.9";"0.75";"173.2";"White wine";"Glass";"12.5";"1.3856"
"Vinmonopolet";"2016106";"Les GrÃ¨s Chardonnay Viognier";"Les GrÃ¨s Chardonnay Viognier";"0";"414.9";"3";"138.3";"White wine";"Bag-in-box";"12";"1.1525"
"Vinmonopolet";"2017401";"Monmousseau CrÃ©mant de Loire";"Monmousseau CrÃ©mant de Loire";"0";"175.6";"0.75";"234.13";"Sparkling wine";"Glass";"12";"1.9511112"
"Vinmonopolet";"2018501";"Christmann Riesling Trocken 2018";"Christmann Riesling Trocken";"2018";"159.9";"0.75";"213.2";"White wine";"Glass";"11.5";"1.853913"
"Vinmonopolet";"2021701";"Westmalle Trappist Tripel";"Westmalle Trappist Tripel";"0";"169.9";"0.75";"226.53";"Trappist";"Glass";"9.5";"2.3845613"
"Vinmonopolet";"2021702";"Westmalle Trappist Tripel";"Westmalle Trappist Tripel";"0";"63.9";"0.33";"193.64";"Trappist";"Glass";"9.5";"2.0382774"
"Vinmonopolet";"2022001";"Westmalle Trappist Dubbel";"Westmalle Trappist Dubbel";"0";"136.9";"0.75";"182.53";"Trappist";"Glass";"7";"2.607619"
"Vinmonopolet";"2022002";"Westmalle Trappist Dubbel";"Westmalle Trappist Dubbel";"0";"58.9";"0.33";"178.49";"Trappist";"Glass";"7";"2.5497835"
"Vinmonopolet";"2025502";"Tesauro Recioto della Valpolicella 2015";"Tesauro Recioto della Valpolicella";"2015";"199.9";"0.5";"399.8";"RÃ¸dvin";"Glass";"13";"3.0753846"
"Vinmonopolet";"2027501";"Pertinace Barbaresco 2016";"Pertinace Barbaresco";"2016";"399.9";"0.75";"533.2";"RÃ¸dvin";"Glass";"14.5";"3.6772413"
"Vinmonopolet";"2027801";"Mas Collet 2016";"Mas Collet";"2016";"179.9";"0.75";"239.87";"RÃ¸dvin";"Glass";"14.5";"1.6542528"
"Vinmonopolet";"2028601";"Ravenswood Sonoma County Zinfandel 2016";"Ravenswood Sonoma County Zinfandel";"2016";"249.9";"0.75";"333.2";"RÃ¸dvin";"Glass";"14.5";"2.297931"
"Vinmonopolet";"2029704";"Glenfiddich 15YO";"Glenfiddich 15YO";"0";"234.9";"0.2";"1174.5";"Whisky";"Glass";"40";"2.93625"
"Vinmonopolet";"2031301";"Eitelsbacher KarthÃ¤userhofberg Riesling 2018";"Eitelsbacher KarthÃ¤userhofberg Riesling";"2018";"209.9";"0.75";"279.87";"White wine";"Glass";"9";"3.1096296"
"Vinmonopolet";"2031401";"DÃ¶nnhoff Riesling 2019";"DÃ¶nnhoff Riesling";"2019";"139.9";"0.75";"186.53";"White wine";"Glass";"10.5";"1.7765079"
"Vinmonopolet";"2031501";"J. BÃ¤umer Rheingau Riesling 2019";"J. BÃ¤umer Rheingau Riesling";"2019";"118.9";"0.75";"158.53";"White wine";"Glass";"8";"1.9816667"
"Vinmonopolet";"2032401";"Charles Heidsieck RosÃ© RÃ©serve";"Charles Heidsieck RosÃ© RÃ©serve";"0";"549.9";"0.75";"733.2";"Champagne, rosÃ©";"Glass";"12";"6.11"
"Vinmonopolet";"2032601";"Charles Heidsieck Brut Vintage 2006";"Charles Heidsieck Brut Vintage";"2006";"695";"0.75";"926.67";"Champagne, brut";"Glass";"12";"7.7222223"
"Vinmonopolet";"2032902";"Comte Louis de Lauriston Hors d'Age Domfrontais";"Comte Louis de Lauriston Hors d'Age Domfrontais";"0";"650";"0.5";"1300";"Fruit spirit";"Glass";"42";"3.0952382"
"Vinmonopolet";"2034202";"To Ãl Reparationsbajer";"To Ãl Reparationsbajer";"0";"68.9";"0.33";"208.79";"Pale ale";"Glass";"5.8";"3.5997908"
"Vinmonopolet";"2035001";"Doc`s Pear Hard Apple Cider";"Doc`s Pear Hard Apple Cider";"0";"94.5";"0.65";"145.39";"Cider";"Glass";"5.5";"2.6433568"
"Vinmonopolet";"2035002";"Doc s Pear Hard Apple Cider";"Doc s Pear Hard Apple Cider";"0";"59.5";"0.35";"167.61";"Cider";"Glass";"5.5";"3.0909092"
"Vinmonopolet";"2035201";"Doc`s Pumpkin Hard Apple Cider";"Doc`s Pumpkin Hard Apple Cider";"0";"99.5";"0.65";"153.08";"Cider";"Glass";"6";"2.5512822"
"Vinmonopolet";"2035701";"Jaboulet Beaumes de Venise Le Paradou 2017";"Jaboulet Beaumes de Venise Le Paradou";"2017";"209.9";"0.75";"279.87";"RÃ¸dvin";"Glass";"14.5";"1.9301149"
"Vinmonopolet";"2036001";"Ca' del Baio Barbaresco Asili 2013";"Ca' del Baio Barbaresco Asili";"2013";"399.9";"0.75";"533.2";"RÃ¸dvin";"Glass";"14.5";"3.6772413"
"Vinmonopolet";"2036201";"Ca' del Baio Langhe Nebbiolo 2019";"Ca' del Baio Langhe Nebbiolo";"2019";"199.9";"0.75";"266.53";"RÃ¸dvin";"Glass";"14";"1.9038094"
"Vinmonopolet";"2037101";"Ca' del Baio Luna d'Agosto Chardonnay 2015";"Ca' del Baio Luna d'Agosto Chardonnay";"2015";"149.6";"0.75";"199.47";"White wine";"Glass";"13";"1.534359"
"Vinmonopolet";"2038201";"Valcerasa Etna Bianco 2013";"Valcerasa Etna Bianco";"2013";"279.9";"0.75";"373.2";"White wine";"Glass";"13";"2.8707693"
"Vinmonopolet";"2039306";"Chill Out Chardonnay";"Chill Out Chardonnay";"2019";"399.9";"3";"133.3";"White wine";"Bag-in-box";"12.5";"1.0663999"
"Vinmonopolet";"2040501";"Olmeca Altos Blanco";"Olmeca Altos Blanco";"0";"609.9";"0.7";"871.29";"Fruit spirit";"Glass";"38";"2.2928572"
"Vinmonopolet";"2040601";"Stoneleigh Sauvignon Blanc 2019";"Stoneleigh Sauvignon Blanc";"2019";"142.9";"0.75";"190.53";"White wine";"Glass";"13";"1.465641"
"Vinmonopolet";"2040701";"Radikon Slatnik Bianco 2017";"Radikon Slatnik Bianco";"2017";"369.9";"0.75";"493.2";"White wine";"Glass";"13";"3.7938461"
"Vinmonopolet";"2041001";"Weing. Frank Riesling 2017";"Weing. Frank Riesling";"2017";"159.9";"0.75";"213.2";"White wine";"Glass";"12.5";"1.7055999"
"Vinmonopolet";"2041101";"Domdechant Werner Hochheim Riesling Classic 2018";"Domdechant Werner Hochheim Riesling Classic";"2018";"144.9";"0.75";"193.2";"White wine";"Glass";"11.5";"1.68"
"Vinmonopolet";"2041401";"Weing. Frank GrÃ¼ner Veltliner 2018";"Weing. Frank GrÃ¼ner Veltliner";"2018";"154.9";"0.75";"206.53";"White wine";"Glass";"12.5";"1.6522666"
"Vinmonopolet";"2042901";"Cascina Luisin Barbaresco Asili 2014";"Cascina Luisin Barbaresco Asili";"2014";"461.1";"0.75";"614.8";"RÃ¸dvin";"Glass";"14";"4.3914285"
"Vinmonopolet";"2043201";"Ca'Rugate Soave Classico Monte Alto 2017";"Ca'Rugate Soave Classico Monte Alto";"2017";"225";"0.75";"300";"White wine";"Glass";"13";"2.3076923"
"Vinmonopolet";"2043501";"DM Rouge 2018";"DM Rouge";"2018";"179.9";"0.75";"239.87";"RÃ¸dvin";"Glass";"13";"1.8451282"
"Vinmonopolet";"2043802";"Nederburg Noble Late Harvest 2018";"Nederburg Noble Late Harvest";"2018";"121.9";"0.38";"325.07";"White wine";"Glass";"10";"3.2078948"
"Vinmonopolet";"2044001";"Georg Breuer SpÃ¤tburgunder RosÃ© 2019";"Georg Breuer SpÃ¤tburgunder RosÃ©";"2019";"179.9";"0.75";"239.87";"RosÃ©vin";"Glass";"11.5";"2.085797"
"Vinmonopolet";"2044005";"Georg Breuer SpÃ¤tburgunder RosÃ© 2019";"Georg Breuer SpÃ¤tburgunder RosÃ©";"2019";"455.9";"1.5";"303.93";"RosÃ©vin";"Glass";"11.5";"2.6428986"
"Vinmonopolet";"2044301";"Macallan Reflexion";"Macallan Reflexion";"0";"9499.9";"0.7";"13571.29";"Whisky";"Glass";"43";"31.56113"
"Vinmonopolet";"2046706";"Roman Graeff Riesling Classic 2019";"Roman Graeff Riesling Classic";"2019";"425";"3";"141.67";"White wine";"Bag-in-box";"12";"1.1805556"
"Vinmonopolet";"2046901";"GirÃ³ Ribot Mare Gran Reserva Brut Nature 2012";"GirÃ³ Ribot Mare Gran Reserva Brut Nature";"2012";"179.2";"0.75";"238.93";"Sparkling wine";"Glass";"12";"1.991111"
"Vinmonopolet";"2047101";"Mesta Tempranillo 2018";"Mesta Tempranillo";"2018";"129.9";"0.75";"173.2";"RÃ¸dvin";"Glass";"14";"1.2371428"
"Vinmonopolet";"2047201";"Mesta Verdejo 2018";"Mesta Verdejo";"2018";"123.9";"0.75";"165.2";"White wine";"Glass";"12";"1.3766667"
"Vinmonopolet";"2047301";"Martin CÃ³dax Marieta 2018";"Martin CÃ³dax Marieta";"2018";"169.9";"0.75";"226.53";"White wine";"Glass";"12.5";"1.8122666"
"Vinmonopolet";"2049102";"Gotlands Bryggeri Sleepy Bulldog Pale Ale";"Gotlands Bryggeri Sleepy Bulldog Pale Ale";"0";"44.9";"0.33";"136.06";"Pale ale";"Glass";"4.8";"2.834596"
"Vinmonopolet";"2049801";"Fontanafredda Ebbio Langhe Nebbiolo 2018";"Fontanafredda Ebbio Langhe Nebbiolo";"2018";"179.9";"0.75";"239.87";"RÃ¸dvin";"Glass";"13.5";"1.77679"
"Vinmonopolet";"2050101";"CastaÃ±o Monastrell 2013";"CastaÃ±o Monastrell";"2013";"179.9";"0.75";"239.87";"RÃ¸dvin";"Glass";"13.5";"1.77679"
"Vinmonopolet";"2050302";"Gotlands Bryggeri Sitting Bulldog IPA";"Gotlands Bryggeri Sitting Bulldog IPA";"0";"49.9";"0.33";"151.21";"India pale ale";"Glass";"6.4";"2.3626893"
"Vinmonopolet";"2050502";"Gotlands Bryggeri Wisby Pils";"Gotlands Bryggeri Wisby Pils";"0";"44.9";"0.33";"136.06";"Light lager";"Glass";"5";"2.7212121"
"Vinmonopolet";"2051004";"Bree RosÃ© Pinot Noir";"Bree RosÃ© Pinot Noir";"2018";"59.9";"0.25";"239.6";"RosÃ©vin";"Glass";"10.5";"2.281905"
"Vinmonopolet";"2051202";"Etter Zuger Kirsch";"Etter Zuger Kirsch";"0";"399.8";"0.35";"1142.29";"Fruit spirit";"Glass";"41";"2.7860627"
"Vinmonopolet";"2051602";"Corte Giara Recioto della Valpolicella 2017";"Corte Giara Recioto della Valpolicella";"2017";"329.9";"0.5";"659.8";"RÃ¸dvin";"Glass";"13";"5.0753846"
"Vinmonopolet";"2051901";"La Baronne Le Grenache Gris de Jean 2016";"La Baronne Le Grenache Gris de Jean";"2016";"279.9";"0.75";"373.2";"White wine";"Glass";"12.5";"2.9856"
"Vinmonopolet";"2052301";"La Baronne Les Chemins de Traverse 2015";"La Baronne Les Chemins de Traverse";"2015";"279.9";"0.75";"373.2";"RÃ¸dvin";"Glass";"13.5";"2.7644444"
"Vinmonopolet";"2052901";"Meinklang Foam Petillant Naturel 2019";"Meinklang Foam Petillant Naturel";"2019";"289.9";"0.75";"386.53";"Sparkling white wine";"Glass";"12";"3.221111"
"Vinmonopolet";"2053405";"Dom. Marguerite Dupasquier Pinot Noir 2013";"Dom. Marguerite Dupasquier Pinot Noir";"2013";"349.9";"1.5";"233.27";"RÃ¸dvin";"Glass";"12.5";"1.8661333"
"Vinmonopolet";"2054801";"JosÃ© Maria da Fonseca Hexagon 2014";"JosÃ© Maria da Fonseca Hexagon";"2014";"429.9";"0.75";"573.2";"RÃ¸dvin";"Glass";"14";"4.0942855"
"Vinmonopolet";"2055601";"Penfolds Father Grand Tawny 10 YO";"Penfolds Father Grand Tawny 10 YO";"0";"299.9";"0.75";"399.87";"Fortified wine";"Glass";"18.5";"2.1614413"
"Vinmonopolet";"2055801";"Dom. Tariquet Bas-Armagnac 1995";"Dom. Tariquet Bas-Armagnac";"1995";"919.9";"0.7";"1314.14";"Grape spirit";"Glass";"45.8";"2.8693078"
"Vinmonopolet";"2056101";"La Dama Valpolicella Classico Superiore Ripasso 2017";"La Dama Valpolicella Classico Superiore Ripasso";"2017";"189.1";"0.75";"252.13";"RÃ¸dvin";"Glass";"14.5";"1.7388506"
"Vinmonopolet";"2056201";"La Dama Valpolicella Classico 2018";"La Dama Valpolicella Classico";"2018";"159.6";"0.75";"212.8";"RÃ¸dvin";"Glass";"13";"1.6369232"
"Vinmonopolet";"2056301";"JoÃ£o Portugal Ramos Smart Dog 2018";"JoÃ£o Portugal Ramos Smart Dog";"2018";"145";"0.75";"193.33";"RÃ¸dvin";"Glass";"13.5";"1.4320987"
"Vinmonopolet";"2056306";"JoÃ£o Portugal Ramos Smart Dog 2019";"JoÃ£o Portugal Ramos Smart Dog";"2019";"425";"3";"141.67";"RÃ¸dvin";"Bag-in-box";"13";"1.0897436"
"Vinmonopolet";"2056501";"Elena Walch Castel Ringberg Sauvignon Blanc 2018";"Elena Walch Castel Ringberg Sauvignon Blanc";"2018";"329.9";"0.75";"439.87";"White wine";"Glass";"13.5";"3.2582715"
"Vinmonopolet";"2056601";"Elena Walch Pinot Grigio 2018";"Elena Walch Pinot Grigio";"2018";"249.9";"0.75";"333.2";"White wine";"Glass";"13";"2.563077"
"Vinmonopolet";"2058801";"Ch. de Pez 2012";"Ch. de Pez";"2012";"349.9";"0.75";"466.53";"RÃ¸dvin";"Glass";"13.5";"3.4558024"
"Vinmonopolet";"2060608";"Baron Gaston Legrand Bas-Armagnac (5x20cl)";"Baron Gaston Legrand Bas-Armagnac (5x20cl)";"0";"2500";"1";"2500";"Grape spirit";"Ãvrig";"40";"6.25"
"Vinmonopolet";"2060802";"Orval Trappiste";"Orval Trappiste";"0";"65.9";"0.33";"199.7";"Trappist";"Glass";"6.9";"2.8941588"
"Vinmonopolet";"2060901";"Duvel";"Duvel";"0";"139.9";"0.75";"186.53";"Light ale";"Glass";"8.5";"2.1945097"
"Vinmonopolet";"2060902";"Duvel";"Duvel";"0";"56.9";"0.33";"172.42";"Light ale";"Glass";"8.5";"2.0285206"
"Vinmonopolet";"2061102";"Maredsous 10Â° Tripel";"Maredsous 10Â° Tripel";"0";"57.9";"0.33";"175.46";"Trappist";"Glass";"10";"1.7545455"
"Vinmonopolet";"2061501";"You and Me AlbariÃ±o 2017";"You and Me AlbariÃ±o";"2017";"225.9";"0.75";"301.2";"White wine";"Glass";"13";"2.316923"
"Vinmonopolet";"2062006";"Valpantena Corvina 2017";"Valpantena Corvina";"2017";"389.9";"3";"129.97";"RÃ¸dvin";"Bag-in-box";"12.5";"1.0397333"
"Vinmonopolet";"2062801";"Kalinka London Dry";"Kalinka London Dry";"0";"299.9";"0.7";"428.43";"Gin";"Glass";"37.5";"1.1424762"
"Vinmonopolet";"2063002";"Rodenbach Grand Cru";"Rodenbach Grand Cru";"0";"53.9";"0.33";"163.33";"SurÃ¸l";"Glass";"6";"2.722222"
"Vinmonopolet";"2063302";"Veholt Jimmy Red";"Veholt Jimmy Red";"0";"75.9";"0.5";"151.8";"Red/amber";"Glass";"7";"2.1685715"
"Vinmonopolet";"2063701";"CÃ¡lem Vintage Port 1985";"CÃ¡lem Vintage Port";"1985";"539";"0.75";"718.67";"Port wine";"Glass";"20";"3.5933332"
"Vinmonopolet";"2064001";"Kinn Saison Extra";"Kinn Saison Extra";"0";"106";"0.75";"141.33";"Saison farmhouse ale";"Glass";"7.5";"1.8844445"
"Vinmonopolet";"2064301";"SmÃ¥ sure Sour Shot Ã¦ble";"SmÃ¥ sure Sour Shot Ã¦ble";"0";"299.9";"1";"299.9";"LikÃ¸r";"Glass";"16.4";"1.8286586"
"Vinmonopolet";"2064401";"Torres Pazo das Bruxas AlbariÃ±o 2018";"Torres Pazo das Bruxas AlbariÃ±o";"2018";"149.9";"0.75";"199.87";"White wine";"Glass";"12.5";"1.5989332"
"Vinmonopolet";"2064701";"Francesc Ricart Traditional Brut";"Francesc Ricart Traditional Brut";"2017";"144.5";"0.75";"192.67";"Sparkling wine";"Glass";"11";"1.7515152"
"Vinmonopolet";"2064801";"Matsu El Recio 2017";"Matsu El Recio";"2017";"208.6";"0.75";"278.13";"RÃ¸dvin";"Glass";"14.5";"1.918161"
"Vinmonopolet";"2064901";"Hacienda Lopez de Haro Crianza 2016";"Hacienda Lopez de Haro Crianza";"2016";"157.1";"0.75";"209.47";"RÃ¸dvin";"Glass";"13.5";"1.551605"
"Vinmonopolet";"2065001";"Hacienda Lopez de Haro Gran Reserva 2011";"Hacienda Lopez de Haro Gran Reserva";"2011";"248.9";"0.75";"331.87";"RÃ¸dvin";"Glass";"14";"2.3704762"
"Vinmonopolet";"2065101";"Matsu El Picaro 2019";"Matsu El Picaro";"2019";"162.8";"0.75";"217.07";"RÃ¸dvin";"Glass";"14.5";"1.4970115"
"Vinmonopolet";"2066001";"Hacienda Lopez de Haro Reserva 2015";"Hacienda Lopez de Haro Reserva";"2015";"177.9";"0.75";"237.2";"RÃ¸dvin";"Glass";"13.5";"1.7570369"
"Vinmonopolet";"2066501";"Blason d'Issan 2011";"Blason d'Issan";"2011";"449";"0.75";"598.67";"RÃ¸dvin";"Glass";"13";"4.6051283"
"Vinmonopolet";"2066801";"Ch. d'Armailhac 2010";"Ch. d'Armailhac";"2010";"1349";"0.75";"1798.67";"RÃ¸dvin";"Glass";"13.5";"13.323457"
"Vinmonopolet";"2067601";"Ch. Latour-Martillac 2011";"Ch. Latour-Martillac";"2011";"598";"0.75";"797.33";"RÃ¸dvin";"Glass";"13.5";"5.9061728"
"Vinmonopolet";"2069301";"Ch. Sociando-Mallet 2012";"Ch. Sociando-Mallet";"2012";"589";"0.75";"785.33";"RÃ¸dvin";"Glass";"13.5";"5.817284"
"Vinmonopolet";"2069401";"Museum Real Reserva 2018";"Museum Real Reserva";"2018";"210";"0.75";"280";"RÃ¸dvin";"Glass";"14.5";"1.9310344"
"Vinmonopolet";"2069701";"Schmitt Altenberg de Bergbieten Riesling Vieilles Vignes 2018";"Schmitt Altenberg de Bergbieten Riesling Vieilles Vignes";"2018";"284.8";"0.75";"379.73";"White wine";"Glass";"13";"2.9210255"
"Vinmonopolet";"2070401";"Ch. La Mission Haut-Brion 2011";"Ch. La Mission Haut-Brion";"2011";"4450";"0.75";"5933.33";"RÃ¸dvin";"Glass";"13.5";"43.95062"
"Vinmonopolet";"2071501";"Radio Boca Verdejo 2014";"Radio Boca Verdejo";"2014";"114.9";"0.75";"153.2";"White wine";"Glass";"12.5";"1.2256"
"Vinmonopolet";"2072601";"Rodez Ambonnay Blanc de Noirs, Brut";"Rodez Ambonnay Blanc de Noirs, Brut";"0";"549.9";"0.75";"733.2";"Champagne, brut";"Glass";"12";"6.11"
"Vinmonopolet";"2073302";"Colosia Oloroso";"Colosia Oloroso";"0";"235";"0.38";"626.67";"Sherry";"Glass";"18";"3.4356725"
"Vinmonopolet";"2075001";"Breuer Riesling Sauvage 2017";"Breuer Riesling Sauvage";"2017";"191.9";"0.75";"255.87";"White wine";"Glass";"12";"2.1322222"
"Vinmonopolet";"2076101";"Hereford 2019";"Hereford";"2019";"105";"0.75";"140";"RÃ¸dvin";"Glass";"12.5";"1.12"
"Vinmonopolet";"2077601";"Twin Islands Sauvignon Blanc 2019";"Twin Islands Sauvignon Blanc";"2019";"154.9";"0.75";"206.53";"White wine";"Glass";"12.5";"1.6522666"
"Vinmonopolet";"2077801";"Le Grand Cros L Esprit de Provence RosÃ© 2019";"Le Grand Cros L Esprit de Provence RosÃ©";"2019";"199";"0.75";"265.33";"RosÃ©vin";"Glass";"13";"2.0410256"
"Vinmonopolet";"2077901";"Via Latina Loureiro 2018";"Via Latina Loureiro";"2018";"119.9";"0.75";"159.87";"White wine";"Glass";"11";"1.4533334"
"Vinmonopolet";"2078701";"Tommasi Baciorosa Appassionato RosÃ© 2019";"Tommasi Baciorosa Appassionato RosÃ©";"2019";"149.9";"0.75";"199.87";"RosÃ©vin";"Glass";"12.5";"1.5989332"
"Vinmonopolet";"2079501";"Jons utvalgte lys Calvados";"Jons utvalgte lys Calvados";"0";"535.1";"0.7";"764.43";"Fruit spirit";"Glass";"40";"1.9110714"
"Vinmonopolet";"2083001";"Wittmann Riesling Trocken 2019";"Wittmann Riesling Trocken";"2019";"177";"0.75";"236";"White wine";"Glass";"12";"1.9666667"
"Vinmonopolet";"2083702";"Fuller's ESB";"Fuller's ESB";"0";"55.9";"0.5";"111.8";"Pale ale";"Glass";"5.9";"1.8949152"
"Vinmonopolet";"2085301";"Boschendal 1685 Shiraz 2016";"Boschendal  Shiraz";"2016";"229.9";"0.75";"306.53";"RÃ¸dvin";"Glass";"14";"2.1895237"
"Vinmonopolet";"2086301";"Kirow Vodka";"Kirow Vodka";"0";"296.8";"0.7";"424";"Vodka";"Glass";"37.5";"1.1306666"
"Vinmonopolet";"2087801";"Castillo de Jumilla Monastrell 2017";"Castillo de Jumilla Monastrell";"2017";"119.9";"0.75";"159.87";"RÃ¸dvin";"Glass";"14.5";"1.1025287"
"Vinmonopolet";"2088801";"Baltasar Garnacha ViÃ±as Viejas 2018";"Baltasar Garnacha ViÃ±as Viejas";"2018";"149.9";"0.75";"199.87";"RÃ¸dvin";"Glass";"15";"1.3324444"
"Vinmonopolet";"2088901";"Castillo de Maluenda ViÃ±as Viejas 2014";"Castillo de Maluenda ViÃ±as Viejas";"2014";"147.9";"0.75";"197.2";"RÃ¸dvin";"Glass";"14";"1.4085714"
"Vinmonopolet";"2092201";"Dagobert Riesling 2018";"Dagobert Riesling";"2018";"160.1";"0.75";"213.47";"White wine";"Glass";"12.5";"1.7077334"
"Vinmonopolet";"2092401";"Ch. Bellevue 2016";"Ch. Bellevue";"2016";"179.9";"0.75";"239.87";"White wine";"Glass";"13";"1.8451282"
"Vinmonopolet";"2092802";"Cappuccina Arzimo Recioto di Soave 2013";"Cappuccina Arzimo Recioto di Soave";"2013";"319.9";"0.5";"639.8";"White wine";"Glass";"14.5";"4.4124136"
"Vinmonopolet";"2093601";"The Fat Trout Single Malt";"The Fat Trout Single Malt";"0";"409.9";"0.7";"585.57";"Whisky";"Glass";"40";"1.4639286"
"Vinmonopolet";"2094801";"Epicuro Nero d'Avola Merlot 2018";"Epicuro Nero d'Avola Merlot";"2018";"117.9";"0.75";"157.2";"RÃ¸dvin";"Glass";"12.5";"1.2576001"
"Vinmonopolet";"2094901";"Atlungstad Taffel Aquavit";"Atlungstad Taffel Aquavit";"0";"419.9";"0.7";"599.86";"Aquavit";"Glass";"38";"1.5785714"
"Vinmonopolet";"2095804";"Cold Hand Winery Malus Danica eple-isvin 2016";"Cold Hand Winery Malus Danica eple-isvin";"2016";"199";"0.2";"995";"Fruit wine";"Glass";"12";"8.291667"
"Vinmonopolet";"2096001";"Foucher Chardonnay 2018";"Foucher Chardonnay";"2018";"117.9";"0.75";"157.2";"White wine";"Glass";"12";"1.3100001"
"Vinmonopolet";"2096601";"Giovane Prosecco Treviso Brut 2019";"Giovane Prosecco Treviso Brut";"2019";"139.9";"0.75";"186.53";"Sparkling wine";"Glass";"11";"1.6957575"
"Vinmonopolet";"2096901";"Niersteiner Weingenossenschaft Riesling 2018";"Niersteiner Weingenossenschaft Riesling";"2018";"109.9";"0.75";"146.53";"White wine";"Glass";"12";"1.2211112"
"Vinmonopolet";"2097001";"Eifel-Pfeiffer Riesling Kabinett 2019";"Eifel-Pfeiffer Riesling Kabinett";"2019";"118.9";"0.75";"158.53";"White wine";"Glass";"7";"2.264762"
"Vinmonopolet";"2097201";"Reichsrat von Buhl Riesling Trocken 2018";"Reichsrat von Buhl Riesling Trocken";"2018";"144.9";"0.75";"193.2";"White wine";"Glass";"12";"1.6099999"
"Vinmonopolet";"2097301";"Giovanni Viberti Barolo Buon Padre 2016";"Giovanni Viberti Barolo Buon Padre";"2016";"319.9";"0.75";"426.53";"RÃ¸dvin";"Glass";"14.5";"2.9416091"
"Vinmonopolet";"2097602";"NÃ¸gne Ã Saison";"NÃ¸gne Ã Saison";"0";"66.9";"0.5";"133.8";"Saison farmhouse ale";"Glass";"6.5";"2.0584617"
"Vinmonopolet";"2097801";"Yealands Estate Single Vineyard Pinot Noir 2017";"Yealands Estate Single Vineyard Pinot Noir";"2017";"259.9";"0.75";"346.53";"RÃ¸dvin";"Glass";"13";"2.665641"
"Vinmonopolet";"2097901";"Leitz RÃ¼desheimer Berg Roseneck Riesling Trocken Katerloch 2013";"Leitz RÃ¼desheimer Berg Roseneck Riesling Trocken Katerloch";"2013";"479.9";"0.75";"639.87";"White wine";"Glass";"12.5";"5.118933"
"Vinmonopolet";"2098105";"Leitz RÃ¼desheimer Berg Roseneck Katerloch Riesling Trocken 2012";"Leitz RÃ¼desheimer Berg Roseneck Katerloch Riesling Trocken";"2012";"750";"1.5";"500";"White wine";"Glass";"13";"3.8461537"
"Vinmonopolet";"2098401";"Waterkloof Sauvignon Blanc 2014";"Waterkloof Sauvignon Blanc";"2014";"259.9";"0.75";"346.53";"White wine";"Glass";"13.5";"2.5669136"
"Vinmonopolet";"2098501";"Waterkloof Circumstance Sauvignon Blanc 2014";"Waterkloof Circumstance Sauvignon Blanc";"2014";"269.9";"0.75";"359.87";"White wine";"Glass";"13";"2.7682052"
"Vinmonopolet";"2098601";"EsterhÃ¡zy Estoras 2015";"EsterhÃ¡zy Estoras";"2015";"150";"0.75";"200";"RÃ¸dvin";"Glass";"13.5";"1.4814814"
"Vinmonopolet";"2099101";"Bonneau du Martray Corton-Charlemagne Grand Cru 2016";"Bonneau du Martray Corton-Charlemagne Grand Cru";"2016";"1569.9";"0.75";"2093.2";"White wine";"Glass";"13";"16.10154"
"Vinmonopolet";"2099301";"Canti Gavi";"Canti Gavi";"2016";"124.9";"0.75";"166.53";"White wine";"Glass";"12.5";"1.3322667"
"Vinmonopolet";"2099601";"Contratto Millesimato Extra Brut 2012";"Contratto Millesimato Extra Brut";"2012";"299";"0.75";"398.67";"Sparkling wine";"Glass";"12.5";"3.1893334"
"Vinmonopolet";"2100301";"Deltetto Daivej Roero Arneis 2019";"Deltetto Daivej Roero Arneis";"2019";"199.7";"0.75";"266.27";"White wine";"Glass";"13.5";"1.9723456"
"Vinmonopolet";"2100501";"Bartolomeo Sulla Rotta del BacalÃ  Breganze Vespaiolo 2017";"Bartolomeo Sulla Rotta del BacalÃ  Breganze Vespaiolo";"2017";"169";"0.75";"225.33";"White wine";"Glass";"12.5";"1.8026667"
"Vinmonopolet";"2100601";"Primoris Premier Cru Blanc de Noirs Brut";"Primoris Premier Cru Blanc de Noirs Brut";"0";"339";"0.75";"452";"Champagne, brut";"Glass";"12";"3.7666667"
"Vinmonopolet";"2105701";"Olivier Hautes CÃ´tes de Nuits Chardonnay 2017";"Olivier Hautes CÃ´tes de Nuits Chardonnay";"2017";"259";"0.75";"345.33";"White wine";"Glass";"12.5";"2.7626667"
"Vinmonopolet";"2105801";"Manuel Olivier Aloxe-Corton Rouge 2012";"Manuel Olivier Aloxe-Corton Rouge";"2012";"569";"0.75";"758.67";"RÃ¸dvin";"Glass";"13";"5.8358974"
"Vinmonopolet";"2106301";"Manuel Olivier Vosne-Romanee 2017";"Manuel Olivier Vosne-Romanee";"2017";"629";"0.75";"838.67";"RÃ¸dvin";"Glass";"13.5";"6.2123456"
"Vinmonopolet";"2106702";"Mortlach 18 Year Old";"Mortlach 18 Year Old";"0";"1899.9";"0.5";"3799.8";"Whisky";"Glass";"43.4";"8.7553"
"Vinmonopolet";"2106801";"Proyecto Garnachas de EspaÃ±a Olvidada de Aragon 2017";"Proyecto Garnachas de EspaÃ±a Olvidada de Aragon";"2017";"186.7";"0.75";"248.93";"RÃ¸dvin";"Glass";"15";"1.6595556"
"Vinmonopolet";"2106901";"Proyecto Garnachas de EspaÃ±a Salvaje del Moncayo 2017";"Proyecto Garnachas de EspaÃ±a Salvaje del Moncayo";"2017";"154.8";"0.75";"206.4";"RÃ¸dvin";"Glass";"14";"1.4742857"
"Vinmonopolet";"2107101";"Hacienda Lopez de Haro Tempranillo 2018";"Hacienda Lopez de Haro Tempranillo";"2018";"152.9";"0.75";"203.87";"RÃ¸dvin";"Glass";"13.5";"1.5101234"
"Vinmonopolet";"2107201";"Bod. Classica El Pacto Tempranillo 2016";"Bod. Classica El Pacto Tempranillo";"2016";"189.5";"0.75";"252.67";"RÃ¸dvin";"Glass";"14";"1.8047619"
"Vinmonopolet";"2107301";"Hacienda Lopez de Haro Rosado 2019";"Hacienda Lopez de Haro Rosado";"2019";"149";"0.75";"198.67";"RosÃ©vin";"Glass";"12.5";"1.5893333"
"Vinmonopolet";"2109602";"Balholm Handverkcider";"Balholm Handverkcider";"0";"79.9";"0.5";"159.8";"Cider";"Glass";"6";"2.6633334"
"Vinmonopolet";"2115001";"Nauta Monastrell Crianza 2015";"Nauta Monastrell Crianza";"2015";"194.9";"0.75";"259.87";"RÃ¸dvin";"Glass";"13.5";"1.9249382"
"Vinmonopolet";"2115101";"Me and You Tempranillo 2013";"Me and You Tempranillo";"2013";"159.9";"0.75";"213.2";"RÃ¸dvin";"Glass";"13";"1.64"
"Vinmonopolet";"2115201";"AIX RosÃ© 2019";"AIX RosÃ©";"2019";"209.9";"0.75";"279.87";"RosÃ©vin";"Glass";"13";"2.1528203"
"Vinmonopolet";"2115205";"AIX RosÃ© 2018";"AIX RosÃ©";"2018";"419.9";"1.5";"279.93";"RosÃ©vin";"Glass";"13";"2.1533332"
"Vinmonopolet";"2115207";"AIX RosÃ© 2018";"AIX RosÃ©";"2018";"1019";"3";"339.67";"RosÃ©vin";"Glass";"13";"2.6128206"
"Vinmonopolet";"2115402";"Lindheim Farmhouse Ale Saison";"Lindheim Farmhouse Ale Saison";"0";"89.9";"0.5";"179.8";"Saison farmhouse ale";"Glass";"6.8";"2.6441176"
"Vinmonopolet";"2118801";"Baricchi Barbaresco 2014";"Baricchi Barbaresco";"2014";"464.9";"0.75";"619.87";"RÃ¸dvin";"Glass";"14";"4.427619"
"Vinmonopolet";"2124701";"Dautel Gipskeuper Riesling 2017";"Dautel Gipskeuper Riesling";"2017";"199.9";"0.75";"266.53";"White wine";"Glass";"12.5";"2.1322665"
"Vinmonopolet";"2124801";"Springfield Estate Miss Lucy 2017";"Springfield Estate Miss Lucy";"2017";"199.9";"0.75";"266.53";"White wine";"Glass";"12.5";"2.1322665"
"Vinmonopolet";"2125201";"Dom. des Escaravailles La Ponce Rasteau 2015";"Dom. des Escaravailles La Ponce Rasteau";"2015";"249.9";"0.75";"333.2";"RÃ¸dvin";"Glass";"15";"2.2213333"
"Vinmonopolet";"2125401";"Dom. des Escaravailles Les SabliÃ¨res CÃ´tes du RhÃ´ne 2017";"Dom. des Escaravailles Les SabliÃ¨res CÃ´tes du RhÃ´ne";"2017";"189.9";"0.75";"253.2";"RÃ¸dvin";"Glass";"14.5";"1.7462069"
"Vinmonopolet";"2125501";"Dom. des Escaravailles Le Ventabren CÃ´tes du RhÃ´ne Villages Cairanne 2012";"Dom. des Escaravailles Le Ventabren CÃ´tes du RhÃ´ne Villages Cairanne";"2012";"234.9";"0.75";"313.2";"RÃ¸dvin";"Glass";"15";"2.088"
"Vinmonopolet";"2125601";"Ron AÃ±ejo Botran 18 years";"Ron AÃ±ejo Botran 18 years";"0";"594.9";"0.7";"849.86";"Rum";"Glass";"40";"2.124643"
"Vinmonopolet";"2125701";"Ron AÃ±ejo Botran Reserva Blanco";"Ron AÃ±ejo Botran Reserva Blanco";"0";"439.9";"0.7";"628.43";"Rum";"Glass";"40";"1.5710714"
"Vinmonopolet";"2125801";"Ron AÃ±ejo Botran 15 years";"Ron AÃ±ejo Botran 15 years";"0";"539.9";"0.7";"771.29";"Rum";"Glass";"40";"1.9282144"
"Vinmonopolet";"2125902";"AttÃ¥t eplebrennevin 2019";"AttÃ¥t eplebrennevin";"2019";"419.5";"0.5";"839";"LikÃ¸r";"Glass";"40";"2.0975"
"Vinmonopolet";"2126501";"RamÃ³n Bilbao Rosado 2019";"RamÃ³n Bilbao Rosado";"2019";"129.9";"0.75";"173.2";"RosÃ©vin";"Glass";"12.5";"1.3856"
"Vinmonopolet";"2126901";"Ch. Grange Cochard Morgon CÃ´te du Py 2016";"Ch. Grange Cochard Morgon CÃ´te du Py";"2016";"245.9";"0.75";"327.87";"RÃ¸dvin";"Glass";"14";"2.3419046"
"Vinmonopolet";"2127001";"Ch. Grange Cochard Morgon Vieilles Vignes 2016";"Ch. Grange Cochard Morgon Vieilles Vignes";"2016";"224.9";"0.75";"299.87";"RÃ¸dvin";"Glass";"13.5";"2.2212346"
"Vinmonopolet";"2127101";"Ch. Grange Cochard Morgon Les Charmes 2016";"Ch. Grange Cochard Morgon Les Charmes";"2016";"259.9";"0.75";"346.53";"RÃ¸dvin";"Glass";"13.5";"2.5669136"
"Vinmonopolet";"2140001";"Benoit Gautier SÃ¸tt+Salt CuvÃ©e Argilex Vouvray 2018";"Benoit Gautier SÃ¸tt+Salt CuvÃ©e Argilex Vouvray";"2018";"199.9";"0.75";"266.53";"White wine";"Glass";"12.5";"2.1322665"
"Vinmonopolet";"2140801";"Ca' del Baio Sermine Langhe Chardonnay 2018";"Ca' del Baio Sermine Langhe Chardonnay";"2018";"249.9";"0.75";"333.2";"White wine";"Glass";"13.5";"2.468148"
"Vinmonopolet";"2141501";"Viberti Giovanni La Gemella Barbera d'Alba 2018";"Viberti Giovanni La Gemella Barbera d'Alba";"2018";"219.9";"0.75";"293.2";"RÃ¸dvin";"Glass";"14";"2.0942857"
"Vinmonopolet";"2141601";"Birkedal Hartmann Molde XO";"Birkedal Hartmann Molde XO";"0";"629";"0.7";"898.57";"Grape spirit";"Glass";"40";"2.2464287"
"Vinmonopolet";"2141701";"Birkedal Hartmann Trysil XO";"Birkedal Hartmann Trysil XO";"0";"629";"0.7";"898.57";"Grape spirit";"Glass";"40";"2.2464287"
"Vinmonopolet";"2142601";"Von Winning Sauvignon Blanc I 2018";"Von Winning Sauvignon Blanc I";"2018";"309.9";"0.75";"413.2";"White wine";"Glass";"12";"3.4433331"
"Vinmonopolet";"2142701";"Righetti SOL 2012";"Righetti SOL";"2012";"209.9";"0.75";"279.87";"RÃ¸dvin";"Glass";"14";"1.9990475"
"Vinmonopolet";"2143206";"Gysler Riesling Trocken 2019";"Gysler Riesling Trocken";"2019";"489.9";"3";"163.3";"White wine";"Bag-in-box";"11.5";"1.42"
"Vinmonopolet";"2143501";"Fontanafredda Brachetto d'Acqui";"Fontanafredda Brachetto d'Acqui";"0";"174.9";"0.75";"233.2";"Sparkling wine";"Glass";"7";"3.3314285"
"Vinmonopolet";"2143801";"Fontanafredda BollaCiao Alta Langa Brut";"Fontanafredda BollaCiao Alta Langa Brut";"2015";"199.9";"0.75";"266.53";"Sparkling wine";"Glass";"12";"2.221111"
"Vinmonopolet";"2144201";"Weinert Cabernet Sauvignon 2008";"Weinert Cabernet Sauvignon";"2008";"239.9";"0.75";"319.87";"RÃ¸dvin";"Glass";"14.5";"2.205977"
"Vinmonopolet";"2144702";"Dom. Patrick Baudouin Maria Juby Coteaux du Layon 2005";"Dom. Patrick Baudouin Maria Juby Coteaux du Layon";"2005";"438.9";"0.5";"877.8";"White wine";"Glass";"11";"7.98"
"Vinmonopolet";"2145601";"Teso La Monja Romanico 2017";"Teso La Monja Romanico";"2017";"199";"0.75";"265.33";"RÃ¸dvin";"Glass";"14.5";"1.829885"
"Vinmonopolet";"2145701";"Gustave Lorentz CrÃ©mant dÂ´Alsace RosÃ©";"Gustave Lorentz CrÃ©mant dÂ´Alsace RosÃ©";"0";"215";"0.75";"286.67";"Musserende vin, rosÃ©";"Glass";"12";"2.3888888"
"Vinmonopolet";"2145801";"Franco EspaÃ±olas RB SelecciÃ³n 2014";"Franco EspaÃ±olas RB SelecciÃ³n";"2014";"199.9";"0.75";"266.53";"RÃ¸dvin";"Glass";"13.5";"1.9743209"
"Vinmonopolet";"2146201";"Lasse Stefanz Veneto Rosso 2013";"Lasse Stefanz Veneto Rosso";"2013";"149.7";"0.75";"199.6";"RÃ¸dvin";"Glass";"13";"1.5353845"
"Vinmonopolet";"2146301";"Gran Maestro Italiano Appassimento Parziale in Vigna 2014";"Gran Maestro Italiano Appassimento Parziale in Vigna";"2014";"149.4";"0.75";"199.2";"RÃ¸dvin";"Glass";"14.5";"1.373793"
"Vinmonopolet";"2146701";"Thibert Bourgogne Chardonnay 2016";"Thibert Bourgogne Chardonnay";"2016";"229.9";"0.75";"306.53";"White wine";"Glass";"13";"2.3579485"
"Vinmonopolet";"2147101";"Villa Wolf Pinot Noir 2017";"Villa Wolf Pinot Noir";"2017";"159.9";"0.75";"213.2";"RÃ¸dvin";"Glass";"13";"1.64"
"Vinmonopolet";"2147201";"Villa Wolf Wachenheimer Belz Riesling 2016";"Villa Wolf Wachenheimer Belz Riesling";"2016";"235";"0.75";"313.33";"White wine";"Glass";"12.5";"2.5066667"
"Vinmonopolet";"2147301";"Villa Wolf Wachenheimer Riesling 2018";"Villa Wolf Wachenheimer Riesling";"2018";"174.9";"0.75";"233.2";"White wine";"Glass";"11";"2.12"
"Vinmonopolet";"2147401";"Villa Wolf Forster Pechstein Riesling 2016";"Villa Wolf Forster Pechstein Riesling";"2016";"249";"0.75";"332";"White wine";"Glass";"12.5";"2.656"
"Vinmonopolet";"2147501";"J. Christopher Nuages Chehalem Mountains Pinot Noir 2014";"J. Christopher Nuages Chehalem Mountains Pinot Noir";"2014";"419";"0.75";"558.67";"RÃ¸dvin";"Glass";"13.5";"4.138272"
"Vinmonopolet";"2147601";"J. Christopher Williamette Valley Pinot Noir 2015";"J. Christopher Williamette Valley Pinot Noir";"2015";"349";"0.75";"465.33";"RÃ¸dvin";"Glass";"14.5";"3.2091954"
"Vinmonopolet";"2147701";"J. Christopher Dundee Hills Pinot Noir";"J. Christopher Dundee Hills Pinot Noir";"2014";"419";"0.75";"558.67";"RÃ¸dvin";"Glass";"13.5";"4.138272"
"Vinmonopolet";"2148401";"LhÃ©raud Petite Champagne 1975";"LhÃ©raud Petite Champagne";"1975";"4650";"0.7";"6642.86";"Grape spirit";"Glass";"47";"14.1337385"
"Vinmonopolet";"2148701";"Clemens Busch Marienburg Riesling SpÃ¤tlese 2018";"Clemens Busch Marienburg Riesling SpÃ¤tlese";"2018";"274.9";"0.75";"366.53";"White wine";"Glass";"7.5";"4.887111"
"Vinmonopolet";"2148801";"Clemens Busch PÃ¼ndericher Riesling Kabinett 2018";"Clemens Busch PÃ¼ndericher Riesling Kabinett";"2018";"204.9";"0.75";"273.2";"White wine";"Glass";"8";"3.415"
"Vinmonopolet";"2148901";"Clemens Busch Marienburg GG 2017";"Clemens Busch Marienburg GG";"2017";"374.9";"0.75";"499.87";"White wine";"Glass";"12.5";"3.9989333"
"Vinmonopolet";"2149001";"Clemens Busch Riesling vom Roten Schiefer 2018";"Clemens Busch Riesling vom Roten Schiefer";"2018";"265.9";"0.75";"354.53";"White wine";"Glass";"11.5";"3.0828984"
"Vinmonopolet";"2149101";"Clemens Busch Riesling Trocken 2017";"Clemens Busch Riesling Trocken";"2017";"199.9";"0.75";"266.53";"White wine";"Glass";"10.5";"2.5384126"
"Vinmonopolet";"2149201";"Corinne et Jean-Pierre Grossot Chablis Premier Cru Fourchaume 2017";"Corinne et Jean-Pierre Grossot Chablis Premier Cru Fourchaume";"2017";"379.9";"0.75";"506.53";"White wine";"Glass";"13";"3.8964102"
"Vinmonopolet";"2150401";"Minuty RosÃ© 2019";"Minuty RosÃ©";"2019";"199";"0.75";"265.33";"RosÃ©vin";"Glass";"13";"2.0410256"
"Vinmonopolet";"2150402";"Minuty RosÃ© 2018";"Minuty RosÃ©";"2018";"119";"0.38";"317.33";"RosÃ©vin";"Glass";"13";"2.408907"
"Vinmonopolet";"2150405";"Minuty RosÃ© 2017";"Minuty RosÃ©";"2017";"459.8";"1.5";"306.53";"RosÃ©vin";"Glass";"13";"2.3579485"
"Vinmonopolet";"2150802";"Flensburger Winterbock 2019";"Flensburger Winterbock";"2019";"52.8";"0.33";"159.7";"Special";"Glass";"7";"2.2857141"
"Vinmonopolet";"2151702";"Manincor Le Petit 2015";"Manincor Le Petit";"2015";"462.4";"0.38";"1233.07";"White wine";"Glass";"8.5";"14.315789"
"Vinmonopolet";"2152402";"GrÃ¼nerlÃ¸kka Brygghus LÃ¸kkatrollet Stout Porter";"GrÃ¼nerlÃ¸kka Brygghus LÃ¸kkatrollet Stout Porter";"0";"76.9";"0.5";"153.8";"Porter and stout";"Glass";"7";"2.1971428"
"Vinmonopolet";"2152901";"Gumphof Praesulis Sauvignon 2018";"Gumphof Praesulis Sauvignon";"2018";"331.9";"0.75";"442.53";"White wine";"Glass";"14";"3.1609523"
"Vinmonopolet";"2153102";"7 Fjell Ulriken Double IPA";"7 Fjell Ulriken Double IPA";"0";"53.8";"0.33";"163.03";"India pale ale";"Glass";"8.5";"1.9180034"
"Vinmonopolet";"2154101";"Le Piane La Maggiorina Vino Rosso 2018";"Le Piane La Maggiorina Vino Rosso";"2018";"215";"0.75";"286.67";"RÃ¸dvin";"Glass";"13";"2.2051282"
"Vinmonopolet";"2154201";"Moestue Cornas Coteau de Reynard 2012";"Moestue Cornas Coteau de Reynard";"2012";"446";"0.75";"594.67";"RÃ¸dvin";"Glass";"14";"4.247619"
"Vinmonopolet";"2154301";"Le Piane Boca 2009";"Le Piane Boca";"2009";"429.8";"0.75";"573.07";"RÃ¸dvin";"Glass";"13.5";"4.2449384"
"Vinmonopolet";"2154401";"Ca'della Scala Pianissimo Amarone della Valpolicella 2013";"Ca'della Scala Pianissimo Amarone della Valpolicella";"2013";"305";"0.75";"406.67";"RÃ¸dvin";"Glass";"15";"2.711111"
"Vinmonopolet";"2154501";"Ca'della Scala Allegretto Valpolicella 2018";"Ca'della Scala Allegretto Valpolicella";"2018";"147.9";"0.75";"197.2";"RÃ¸dvin";"Glass";"12";"1.6433333"
"Vinmonopolet";"2154601";"Ca'della Scala Mezzopiano Valpolicella Ripasso 2017";"Ca'della Scala Mezzopiano Valpolicella Ripasso";"2017";"169.9";"0.75";"226.53";"RÃ¸dvin";"Glass";"13.5";"1.6780246"
"Vinmonopolet";"2154901";"Emile Beyer Pfersigberg Grand Cru Riesling 2017";"Emile Beyer Pfersigberg Grand Cru Riesling";"2017";"369.9";"0.75";"493.2";"White wine";"Glass";"13";"3.7938461"
"Vinmonopolet";"2155002";"Braastad X.O. Fine Champagne";"Braastad X.O. Fine Champagne";"0";"339.9";"0.35";"971.14";"Grape spirit";"Glass";"40";"2.4278572"
"Vinmonopolet";"2155301";"Emile Beyer Riesling Tradition 2018";"Emile Beyer Riesling Tradition";"2018";"199.9";"0.75";"266.53";"White wine";"Glass";"13";"2.0502563"
"Vinmonopolet";"2155401";"Patz and Hall Hyde Vineyard Pinot Noir 2013";"Patz and Hall Hyde Vineyard Pinot Noir";"2013";"589.9";"0.75";"786.53";"RÃ¸dvin";"Glass";"14.2";"5.5389676"
"Vinmonopolet";"2155501";"Patz and Hall Hyde Vineyard Chardonnay 2013";"Patz and Hall Hyde Vineyard Chardonnay";"2013";"549.9";"0.75";"733.2";"White wine";"Glass";"14.2";"5.1633806"
"Vinmonopolet";"2155701";"Patz and Hall Jenkins Ranch Pinot Noir 2013";"Patz and Hall Jenkins Ranch Pinot Noir";"2013";"539.9";"0.75";"719.87";"RÃ¸dvin";"Glass";"14.2";"5.0694838"
"Vinmonopolet";"2156701";"Zorzal Terroir Unico Pinot Noir 2018";"Zorzal Terroir Unico Pinot Noir";"2018";"184.9";"0.75";"246.53";"RÃ¸dvin";"Glass";"12.5";"1.9722666"
"Vinmonopolet";"2156901";"Zorzal Terroir Ãnico Malbec 2018";"Zorzal Terroir Ãnico Malbec";"2018";"169.9";"0.75";"226.53";"RÃ¸dvin";"Glass";"13.5";"1.6780246"
"Vinmonopolet";"2157201";"Zorzal Eggo Blanc de Cal Sauvignon Blanc 2018";"Zorzal Eggo Blanc de Cal Sauvignon Blanc";"2018";"299.9";"0.75";"399.87";"White wine";"Glass";"13.5";"2.9619753"
"Vinmonopolet";"2157301";"Zorzal Eggo Tinto de Tiza 2014";"Zorzal Eggo Tinto de Tiza";"2014";"199.8";"0.75";"266.4";"RÃ¸dvin";"Glass";"13.5";"1.9733334"
"Vinmonopolet";"2158201";"Claude Dugat Charmes-Chambertin Grand Cru 2015";"Claude Dugat Charmes-Chambertin Grand Cru";"2015";"3369.9";"0.75";"4493.2";"RÃ¸dvin";"Glass";"12";"37.443333"
"Vinmonopolet";"2158301";"Claude Dugat Bourgogne Rouge 2017";"Claude Dugat Bourgogne Rouge";"2017";"489.9";"0.75";"653.2";"RÃ¸dvin";"Glass";"11.5";"5.68"
"Vinmonopolet";"2158401";"Claude Dugat Griotte-Chambertin Grand Cru 2016";"Claude Dugat Griotte-Chambertin Grand Cru";"2016";"3499.9";"0.75";"4666.53";"RÃ¸dvin";"Glass";"12.5";"37.332264"
"Vinmonopolet";"2158501";"Claude Dugat Gevrey-Chambertin 1. Cru 2014";"Claude Dugat Gevrey-Chambertin 1. Cru";"2014";"1499.9";"0.75";"1999.87";"RÃ¸dvin";"Glass";"12";"16.665556"
"Vinmonopolet";"2159002";"Aja VestmÃ¸lle Tripel";"Aja VestmÃ¸lle Tripel";"0";"59.9";"0.33";"181.52";"Trappist";"Glass";"9";"2.016835"
"Vinmonopolet";"2159501";"Quota 311 Verdicchio dei Castelli di Jesi 2019";"Quota 311 Verdicchio dei Castelli di Jesi";"2019";"159";"0.75";"212";"White wine";"Glass";"13";"1.6307693"
"Vinmonopolet";"2160301";"Astoria CorderÃ­e Valdobbiadene Prosecco Superiore";"Astoria CorderÃ­e Valdobbiadene Prosecco Superiore";"0";"159.9";"0.75";"213.2";"Sparkling wine";"Glass";"11";"1.9381818"
"Vinmonopolet";"2160305";"Astoria CorderÃ­e Valdobbiadene Prosecco Superiore";"Astoria CorderÃ­e Valdobbiadene Prosecco Superiore";"0";"335";"1.5";"223.33";"Sparkling wine";"Glass";"11";"2.030303"
"Vinmonopolet";"2160801";"Armorik Double Maturation Breton Single Malt Whisky";"Armorik Double Maturation Breton Single Malt Whisky";"0";"795";"0.7";"1135.71";"Whisky";"Glass";"46";"2.468944"
"Vinmonopolet";"2160901";"Breizh Breton Blended Whisky";"Breizh Breton Blended Whisky";"0";"620";"0.7";"885.71";"Whisky";"Glass";"42";"2.1088436"
"Vinmonopolet";"2161002";"Njord Distilled Mother Nature Gin";"Njord Distilled Mother Nature Gin";"0";"750.1";"0.5";"1500.2";"Gin";"Glass";"40";"3.7505"
"Vinmonopolet";"2161102";"Njord Sun and Citrus";"Njord Sun and Citrus";"0";"865";"0.5";"1730";"Gin";"Glass";"47.5";"3.6421053"
"Vinmonopolet";"2161201";"Svenska Eldvatten Invergordon 2006";"Svenska Eldvatten Invergordon";"2006";"1120";"0.7";"1600";"Whisky";"Glass";"55.5";"2.8828828"
"Vinmonopolet";"2161401";"Svenska Eldvattens Glendullan 2001";"Svenska Eldvattens Glendullan";"2001";"1350";"0.7";"1928.57";"Whisky";"Glass";"54.2";"3.55825"
"Vinmonopolet";"2165201";"Materne et Schmitt Koberner Riesling 2016";"Materne et Schmitt Koberner Riesling";"2016";"319.9";"0.75";"426.53";"White wine";"Glass";"12";"3.5544443"
"Vinmonopolet";"2165301";"Materne et Schmitt Winninger Riesling 2014";"Materne et Schmitt Winninger Riesling";"2014";"285";"0.75";"380";"White wine";"Glass";"12";"3.1666667"
"Vinmonopolet";"2165401";"Weing. Staffelter Hof Paradies Riesling Feinherb 2018";"Weing. Staffelter Hof Paradies Riesling Feinherb";"2018";"199.9";"0.75";"266.53";"White wine";"Glass";"10.5";"2.5384126"
"Vinmonopolet";"2165501";"Weing. Staffelter Hof Magnus Riesling Trocken 2016";"Weing. Staffelter Hof Magnus Riesling Trocken";"2016";"199.9";"0.75";"266.53";"White wine";"Glass";"11.5";"2.317681"
"Vinmonopolet";"2165601";"Pascal Clement Savigny-les-Beaune 1er Cru Aux Gravains 2016";"Pascal Clement Savigny-les-Beaune 1er Cru Aux Gravains";"2016";"469.9";"0.75";"626.53";"RÃ¸dvin";"Glass";"13";"4.819487"
"Vinmonopolet";"2166502";"Castello di Ama Vin Santo 2010";"Castello di Ama Vin Santo";"2010";"318.7";"0.38";"849.87";"White wine";"Glass";"15.5";"5.4108663"
"Vinmonopolet";"2168905";"Charles Heidsieck Brut RÃ©serve";"Charles Heidsieck Brut RÃ©serve";"0";"1049";"1.5";"699.33";"Champagne, brut";"Glass";"12";"5.827778"
"Vinmonopolet";"2169001";"Mas Amiel Vers Le Nord 2016";"Mas Amiel Vers Le Nord";"2016";"337";"0.75";"449.33";"RÃ¸dvin";"Glass";"14.5";"3.0988505"
"Vinmonopolet";"2169101";"Mas Amiel Alt. 433 M 2015";"Mas Amiel Alt. 433 M";"2015";"345";"0.75";"460";"RÃ¸dvin";"Glass";"14";"3.2857144"
"Vinmonopolet";"2169201";"Mas Amiel Vol De Nuit 2013";"Mas Amiel Vol De Nuit";"2013";"370";"0.75";"493.33";"RÃ¸dvin";"Glass";"13";"3.7948718"
"Vinmonopolet";"2170301";"Ch. SÃ©nÃ©jac 2011";"Ch. SÃ©nÃ©jac";"2011";"279.9";"0.75";"373.2";"RÃ¸dvin";"Glass";"13.5";"2.7644444"
"Vinmonopolet";"2170401";"Ch. Pontet-Canet 2012";"Ch. Pontet-Canet";"2012";"1029";"0.75";"1372";"RÃ¸dvin";"Glass";"13.5";"10.162963"
"Vinmonopolet";"2170801";"A. Gros et J-P. Tollot Minervois La Ciaude 2016";"A. Gros et J-P. Tollot Minervois La Ciaude";"2016";"299.9";"0.75";"399.87";"RÃ¸dvin";"Glass";"14";"2.8561904"
"Vinmonopolet";"2171501";"Springbank 25 YO";"Springbank 25 YO";"0";"4400.1";"0.7";"6285.86";"Whisky";"Glass";"46";"13.664907"
"Vinmonopolet";"2173001";"Teaninich XOP 30 YO 1983";"Teaninich XOP 30 YO";"1983";"3859.9";"0.7";"5514.14";"Whisky";"Glass";"53.8";"10.249336"
"Vinmonopolet";"2174101";"Cono Sur 20 Barrels Chardonnay 2016";"Cono Sur 20 Barrels Chardonnay";"2016";"299.9";"0.75";"399.87";"White wine";"Glass";"13.5";"2.9619753"
"Vinmonopolet";"2174201";"Cono Sur Sauvignon Blanc 2016";"Cono Sur Sauvignon Blanc";"2016";"159.9";"0.75";"213.2";"White wine";"Glass";"12.5";"1.7055999"
"Vinmonopolet";"2176605";"Lopez de Heredia ViÃ±a Tondonia Reserva 2007";"Lopez de Heredia ViÃ±a Tondonia Reserva";"2007";"759.9";"1.5";"506.6";"RÃ¸dvin";"Glass";"13";"3.8969233"
"Vinmonopolet";"2176701";"Cognac Park V.S.";"Cognac Park V.S.";"0";"519.9";"0.7";"742.71";"Grape spirit";"Glass";"40";"1.8567858"
"Vinmonopolet";"2176801";"Cognac Park V.S.O.P.";"Cognac Park V.S.O.P.";"0";"599.9";"0.7";"857";"Grape spirit";"Glass";"40";"2.1425002"
"Vinmonopolet";"2176901";"Cognac Park X.O.";"Cognac Park X.O.";"0";"999.9";"0.7";"1428.43";"Grape spirit";"Glass";"40";"3.5710716"
"Vinmonopolet";"2177001";"Cognac Park X.O. Cigar Blend";"Cognac Park X.O. Cigar Blend";"0";"1300";"0.7";"1857.14";"Grape spirit";"Glass";"40";"4.642857"
"Vinmonopolet";"2177101";"Cognac Park Borderies";"Cognac Park Borderies";"0";"799.9";"0.7";"1142.71";"Grape spirit";"Glass";"40";"2.8567858"
"Vinmonopolet";"2177201";"Cognac Park Extra Grande Champagne";"Cognac Park Extra Grande Champagne";"0";"1999.9";"0.7";"2857";"Grape spirit";"Glass";"40";"7.1425004"
"Vinmonopolet";"2177401";"Park Fins Bois Singel Cru";"Park Fins Bois Singel Cru";"0";"650";"0.7";"928.57";"Grape spirit";"Glass";"40";"2.3214285"
"Vinmonopolet";"2177501";"Cognac Park Chai no 8 Borderies";"Cognac Park Chai no 8 Borderies";"0";"1999.9";"0.7";"2857";"Grape spirit";"Glass";"43";"6.644186"
"Vinmonopolet";"2177601";"Cognac Park Chai no 8 Petit Champagne";"Cognac Park Chai no 8 Petit Champagne";"0";"1999.9";"0.7";"2857";"Grape spirit";"Glass";"43";"6.644186"
"Vinmonopolet";"2178901";"GÃ©rard Bertrand CÃ´te des Roses 2018";"GÃ©rard Bertrand CÃ´te des Roses";"2018";"200";"0.75";"266.67";"RosÃ©vin";"Glass";"13";"2.0512822"
"Vinmonopolet";"2179102";"AttÃ¥t eplelikÃ¸r";"AttÃ¥t eplelikÃ¸r";"2019";"314.7";"0.5";"629.4";"LikÃ¸r";"Glass";"21";"2.997143"
"Vinmonopolet";"2179401";"Sierra Cantabria Rosado 2018";"Sierra Cantabria Rosado";"2018";"159.9";"0.75";"213.2";"RosÃ©vin";"Glass";"13";"1.64"
"Vinmonopolet";"2179701";"Kinn SommarÃ¸l";"Kinn SommarÃ¸l";"0";"94.9";"0.75";"126.53";"Pale ale";"Glass";"5.5";"2.300606"
"Vinmonopolet";"2181301";"Perlage Quorum Valdobbiadene Prosecco Superiore Extra Dry 2014";"Perlage Quorum Valdobbiadene Prosecco Superiore Extra Dry";"2014";"149";"0.75";"198.67";"Sparkling wine";"Glass";"11.5";"1.7275362"
"Vinmonopolet";"2187001";"Michelot Bourgogne Pinot Noir 2017";"Michelot Bourgogne Pinot Noir";"2017";"239.9";"0.75";"319.87";"RÃ¸dvin";"Glass";"13";"2.4605129"
"Vinmonopolet";"2187901";"Kinn Bresjnev Sovjet Staut";"Kinn Bresjnev Sovjet Staut";"0";"116";"0.75";"154.67";"Porter and stout";"Glass";"8";"1.9333333"
"Vinmonopolet";"2189101";"Weing. GÃ¼nther Steinmetz Veldenzer Grafschafter Sonnenberg Alte Reben Rsl 2016";"Weing. GÃ¼nther Steinmetz Veldenzer Grafschafter Sonnenberg Alte Reben Rsl";"2016";"224";"0.75";"298.67";"White wine";"Glass";"10.5";"2.8444445"
"Vinmonopolet";"2189301";"Perlage PerlApp Spumante Extra Dry 2014";"Perlage PerlApp Spumante Extra Dry";"2014";"129";"0.75";"172";"Sparkling wine";"Glass";"10.5";"1.6380953"
"Vinmonopolet";"2189501";"Alain Brumont Ch. BouscassÃ© Vieilles Vignes 2008";"Alain Brumont Ch. BouscassÃ© Vieilles Vignes";"2008";"435";"0.75";"580";"RÃ¸dvin";"Glass";"14.5";"4"
"Vinmonopolet";"2189701";"Joseph Drouhin Chablis Premier Cru Montmains 2018";"Joseph Drouhin Chablis Premier Cru Montmains";"2018";"384";"0.75";"512";"White wine";"Glass";"14";"3.6571429"
"Vinmonopolet";"2189801";"Le Rive Prosecco Frizzante Spago 2019";"Le Rive Prosecco Frizzante Spago";"2019";"172.5";"0.75";"230";"Sparkling white wine";"Glass";"11.5";"2"
"Vinmonopolet";"2189901";"Vicente Gandia Sandara Sparkling";"Vicente Gandia Sandara Sparkling";"0";"114.9";"0.75";"153.2";"Sparkling white wine";"Glass";"5.5";"2.7854545"
"Vinmonopolet";"2190301";"Ara Single Estate Pinot Noir 2012";"Ara Single Estate Pinot Noir";"2012";"207.8";"0.75";"277.07";"RÃ¸dvin";"Glass";"13";"2.131282"
"Vinmonopolet";"2190401";"Ara Single Estate Sauvignon Blanc 2015";"Ara Single Estate Sauvignon Blanc";"2015";"188.1";"0.75";"250.8";"White wine";"Glass";"13";"1.9292308"
"Vinmonopolet";"2190702";"Fuller's Honey Dew";"Fuller's Honey Dew";"0";"57.6";"0.5";"115.2";"Pale ale";"Glass";"5";"2.304"
"Vinmonopolet";"2190901";"Wine of Fire Vulcano";"Wine of Fire Vulcano";"0";"139.9";"0.75";"186.53";"Flavoured wine	";"Glass";"11";"1.6957575"
"Vinmonopolet";"2191001";"Wine of Fire Rosee";"Wine of Fire Rosee";"0";"147.4";"0.75";"196.53";"Flavoured wine	";"Glass";"11";"1.7866666"
"Vinmonopolet";"2192002";"Lederer Pils";"Lederer Pils";"0";"53.9";"0.5";"107.8";"Light lager";"Glass";"5.1";"2.1137257"
"Vinmonopolet";"2193901";"Marrenon Petula RosÃ© 2017";"Marrenon Petula RosÃ©";"2017";"149.9";"0.75";"199.87";"RosÃ©vin";"Glass";"13";"1.5374359"
"Vinmonopolet";"2194001";"Hacienda Lopez de Haro Blanco Viura 2018";"Hacienda Lopez de Haro Blanco Viura";"2018";"144.8";"0.75";"193.07";"White wine";"Glass";"12.5";"1.5445334"
"Vinmonopolet";"2194701";"Keller Limestone Riesling 2019";"Keller Limestone Riesling";"2019";"219.9";"0.75";"293.2";"White wine";"Glass";"10";"2.932"
"Vinmonopolet";"2196206";"Biokult RosÃ© Zweigelt 2017";"Biokult RosÃ© Zweigelt";"2017";"339.9";"2.25";"151.07";"RosÃ©vin";"Bag-in-box";"10";"1.5106666"
"Vinmonopolet";"2197401";"Ligier CrÃ©mant de Jura Blanc de Blancs Brut";"Ligier CrÃ©mant de Jura Blanc de Blancs Brut";"0";"199.9";"0.75";"266.53";"Sparkling wine";"Glass";"12";"2.221111"
"Vinmonopolet";"2197601";"Aroa Jauna Crianza 2014";"Aroa Jauna Crianza";"2014";"159.7";"0.75";"212.93";"RÃ¸dvin";"Glass";"14";"1.5209523"
"Vinmonopolet";"2198301";"Biokult Zweigelt RosÃ© 2018";"Biokult Zweigelt RosÃ©";"2018";"139.9";"0.75";"186.53";"RosÃ©vin";"Glass";"10.5";"1.7765079"
"Vinmonopolet";"2199202";"OppigÃ¥rds Thurbo Stout";"OppigÃ¥rds Thurbo Stout";"0";"52";"0.33";"157.58";"Porter and stout";"Glass";"8.7";"1.8112155"
"Vinmonopolet";"2199404";"Albino Armani Prosecco";"Albino Armani Prosecco";"0";"59.9";"0.2";"299.5";"Sparkling wine";"Glass";"11";"2.7227273"
"Vinmonopolet";"2199601";"Glazen Toren Jan de Lichte Dubbel Witbier";"Glazen Toren Jan de Lichte Dubbel Witbier";"0";"139.9";"0.75";"186.53";"HveteÃ¸l";"Glass";"7";"2.6647618"
"Vinmonopolet";"2199701";"Glazen Toren Ondineke Oilsjtersen Tripel";"Glazen Toren Ondineke Oilsjtersen Tripel";"0";"149.9";"0.75";"199.87";"Trappist";"Glass";"8.5";"2.3513725"
"Vinmonopolet";"2200201";"Glazen Toren Saison d'Erpe-Mere";"Glazen Toren Saison d'Erpe-Mere";"0";"129";"0.75";"172";"Saison farmhouse ale";"Glass";"6.5";"2.646154"
"Vinmonopolet";"2200301";"Au Baron CuvÃ©e des Jonquilles BiÃ¨re de Garde";"Au Baron CuvÃ©e des Jonquilles BiÃ¨re de Garde";"0";"124.9";"0.75";"166.53";"Saison farmhouse ale";"Glass";"7";"2.3790476"
"Vinmonopolet";"2200402";"Aja Lemmy Witbier";"Aja Lemmy Witbier";"0";"44.8";"0.33";"135.76";"HveteÃ¸l";"Glass";"5.5";"2.4683194"
"Vinmonopolet";"2200601";"Cant. Povero Giovane Barbera d'Alba 2018";"Cant. Povero Giovane Barbera d'Alba";"2018";"139.9";"0.75";"186.53";"RÃ¸dvin";"Glass";"13";"1.4348717"
"Vinmonopolet";"2200706";"Cant. Povero Bella Fiore Piemonte Chardonnay 2019";"Cant. Povero Bella Fiore Piemonte Chardonnay";"2019";"409.9";"3";"136.63";"White wine";"Bag-in-box";"12";"1.1386111"
"Vinmonopolet";"2201301";"Le Contesse Prosecco Brut";"Le Contesse Prosecco Brut";"0";"154.9";"0.75";"206.53";"Sparkling wine";"Glass";"11";"1.8775756"
"Vinmonopolet";"2201501";"Aglaea Nerello Mascalese 2013";"Aglaea Nerello Mascalese";"2013";"223.2";"0.75";"297.6";"RÃ¸dvin";"Glass";"13";"2.2892308"
"Vinmonopolet";"2201701";"Pod. dei Bricchi Astigiani Bricco San Giovanni Monferrato Rosso 2012";"Pod. dei Bricchi Astigiani Bricco San Giovanni Monferrato Rosso";"2012";"221.4";"0.75";"295.2";"RÃ¸dvin";"Glass";"14";"2.1085713"
"Vinmonopolet";"2202101";"Marq. de Murrieta Dalmau 2014";"Marq. de Murrieta Dalmau";"2014";"950";"0.75";"1266.67";"RÃ¸dvin";"Glass";"14";"9.047619"
"Vinmonopolet";"2202701";"Antica Distilleria Quaglia Maliarda Rosso";"Antica Distilleria Quaglia Maliarda Rosso";"0";"244.9";"0.75";"326.53";"Vermouth";"Glass";"17";"1.9207842"
"Vinmonopolet";"2203102";"Greywacke Late Harvest Riesling 2011";"Greywacke Late Harvest Riesling";"2011";"239.9";"0.38";"639.73";"White wine";"Glass";"12";"5.260965"
"Vinmonopolet";"2203201";"Greywacke Riesling 2018";"Greywacke Riesling";"2018";"259.9";"0.75";"346.53";"White wine";"Glass";"12.5";"2.7722666"
"Vinmonopolet";"2203301";"Oddero Dolcetto d'Alba 2018";"Oddero Dolcetto d'Alba";"2018";"249.9";"0.75";"333.2";"RÃ¸dvin";"Glass";"13";"2.563077"
"Vinmonopolet";"2204102";"KyrÃ¶ Napue Gin";"KyrÃ¶ Napue Gin";"0";"499.9";"0.5";"999.8";"Gin";"Glass";"46.3";"2.1593952"
"Vinmonopolet";"2205001";"Franco Conterno Cascina Sciulun Barbera d'Alba Superiore 2017";"Franco Conterno Cascina Sciulun Barbera d'Alba Superiore";"2017";"199";"0.75";"265.33";"RÃ¸dvin";"Glass";"14.5";"1.829885"
"Vinmonopolet";"2205301";"Negro Onorata Langhe 2018";"Negro Onorata Langhe";"2018";"197.9";"0.75";"263.87";"White wine";"Glass";"13";"2.0297434"
"Vinmonopolet";"2205601";"Brockmans Premium Gin";"Brockmans Premium Gin";"0";"575";"0.7";"821.43";"Gin";"Glass";"40";"2.0535715"
"Vinmonopolet";"2206001";"Egge GÃ¥rd One 2016";"Egge GÃ¥rd One";"2016";"409.5";"0.75";"546";"Sparkling wine";"Glass";"13";"4.2"
"Vinmonopolet";"2206102";"Gammel Egge";"Gammel Egge";"2016";"328";"0.5";"656";"Bitter	";"Glass";"35";"1.8742857"
"Vinmonopolet";"2206301";"Jean Claude Courtault Chablis 2017";"Jean Claude Courtault Chablis";"2017";"225.1";"0.75";"300.13";"White wine";"Glass";"12.5";"2.4010668"
"Vinmonopolet";"2206901";"Delord Bas Armagnac Hors d`Age";"Delord Bas Armagnac Hors d`Age";"0";"630";"0.7";"900";"Grape spirit";"Glass";"40";"2.25"
"Vinmonopolet";"2207501";"Castell'in Villa La Gazzara Rosato 2018";"Castell'in Villa La Gazzara Rosato";"2018";"239.9";"0.75";"319.87";"RosÃ©vin";"Glass";"12";"2.6655555"
"Vinmonopolet";"2207701";"San Giorgio Cacciacone 2012";"San Giorgio Cacciacone";"2012";"279.9";"0.75";"373.2";"RÃ¸dvin";"Glass";"13.5";"2.7644444"
"Vinmonopolet";"2207801";"Donna Olimpia Bolgheri Rosso 2014";"Donna Olimpia Bolgheri Rosso";"2014";"198.9";"0.75";"265.2";"RÃ¸dvin";"Glass";"13.5";"1.9644444"
"Vinmonopolet";"2207901";"Donna Olimpia Millepassi Bolgheri Superiore 2013";"Donna Olimpia Millepassi Bolgheri Superiore";"2013";"374.8";"0.75";"499.73";"RÃ¸dvin";"Glass";"14.5";"3.4464366"
"Vinmonopolet";"2208002";"Pierre Amadieu CÃ´tes du RhÃ´ne Roulepierre 2015";"Pierre Amadieu CÃ´tes du RhÃ´ne Roulepierre";"2015";"99.9";"0.38";"266.4";"RÃ¸dvin";"Glass";"13.5";"1.9473685"
"Vinmonopolet";"2208101";"Boeckel Brandluft Riesling 2018";"Boeckel Brandluft Riesling";"2018";"215";"0.75";"286.67";"White wine";"Glass";"13";"2.2051282"
"Vinmonopolet";"2208201";"Boeckel Riesling 2018";"Boeckel Riesling";"2018";"172";"0.75";"229.33";"White wine";"Glass";"13";"1.7641026"
"Vinmonopolet";"2208301";"Boeckel Pinot Gris 2018";"Boeckel Pinot Gris";"2018";"224";"0.75";"298.67";"White wine";"Glass";"13.5";"2.2123456"
"Vinmonopolet";"2208601";"Salon Le Mesnil Blanc de Blancs Brut 2007";"Salon Le Mesnil Blanc de Blancs Brut";"2007";"3299.9";"0.75";"4399.87";"Champagne, brut";"Glass";"12";"36.665554"
"Vinmonopolet";"2208701";"Delamotte Brut RosÃ©";"Delamotte Brut RosÃ©";"0";"519.9";"0.75";"693.2";"Champagne, rosÃ©";"Glass";"12";"5.776667"
"Vinmonopolet";"2208801";"Delamotte Blanc de Blancs Brut 2007";"Delamotte Blanc de Blancs Brut";"2007";"539.9";"0.75";"719.87";"Champagne, brut";"Glass";"12";"5.998889"
"Vinmonopolet";"2208901";"Delamotte Brut";"Delamotte Brut";"0";"419.9";"0.75";"559.87";"Champagne, brut";"Glass";"12";"4.6655555"
"Vinmonopolet";"2209001";"Delamotte Blanc de Blancs Brut";"Delamotte Blanc de Blancs Brut";"0";"469.9";"0.75";"626.53";"Champagne, brut";"Glass";"12";"5.221111"
"Vinmonopolet";"2210101";"Radio-Coteau Cherry Camp Sonoma Coast Syrah 2012";"Radio-Coteau Cherry Camp Sonoma Coast Syrah";"2012";"549";"0.75";"732";"RÃ¸dvin";"Glass";"13.4";"5.4626865"
"Vinmonopolet";"2210201";"County Line North Coast Chardonnay 2014";"County Line North Coast Chardonnay";"2014";"349";"0.75";"465.33";"White wine";"Glass";"13.6";"3.4215686"
"Vinmonopolet";"2210401";"Ch. d'Esclans Les Clans 2018";"Ch. d'Esclans Les Clans";"2018";"499.9";"0.75";"666.53";"RosÃ©vin";"Glass";"14";"4.7609525"
"Vinmonopolet";"2210601";"Ch. dÂ´Esclans Whispering Angel 2018";"Ch. dÂ´Esclans Whispering Angel";"2018";"259.9";"0.75";"346.53";"RosÃ©vin";"Glass";"13";"2.665641"
"Vinmonopolet";"2211001";"Tezza Pinot Grigio 2018";"Tezza Pinot Grigio";"2018";"139.9";"0.75";"186.53";"White wine";"Glass";"12";"1.5544444"
"Vinmonopolet";"2211101";"Torlasco Moscato d'Asti 2013";"Torlasco Moscato d'Asti";"2013";"99.9";"0.75";"133.2";"Sparkling wine";"Glass";"5.5";"2.4218183"
"Vinmonopolet";"2211501";"Les Jamelles Grenache 2016";"Les Jamelles Grenache";"2016";"179.2";"0.75";"238.93";"RÃ¸dvin";"Glass";"13.5";"1.7698765"
"Vinmonopolet";"2211801";"Les Jamelles Cepage Rare Carignan 2016";"Les Jamelles Cepage Rare Carignan";"2016";"172.2";"0.75";"229.6";"RÃ¸dvin";"Glass";"13";"1.7661538"
"Vinmonopolet";"2212401";"Soerlie VS ***";"Soerlie VS ***";"0";"419";"0.7";"598.57";"Grape spirit";"Glass";"40";"1.4964286"
"Vinmonopolet";"2212806";"Henri Bourgeois Les Baronnes Sancerre RosÃ©";"Henri Bourgeois Les Baronnes Sancerre RosÃ©";"2017";"459.9";"2";"229.95";"RosÃ©vin";"Bag-in-box";"12.5";"1.8396"
"Vinmonopolet";"2213501";"Marq. de Reinosa Cecios Rosado";"Marq. de Reinosa Cecios Rosado";"0";"149.1";"0.75";"198.8";"RosÃ©vin";"Glass";"13.5";"1.4725927"
"Vinmonopolet";"2214001";"Battenfeld-Spanier MÃ¶lsheim Riesling Trocken 2019";"Battenfeld-Spanier MÃ¶lsheim Riesling Trocken";"2019";"229.9";"0.75";"306.53";"White wine";"Glass";"12.5";"2.4522667"
"Vinmonopolet";"2214401";"Markus Molitor Edition 5. Wehlener Klosterberg Riesling SpÃ¤tlese Feinherb 2007";"Markus Molitor Edition 5. Wehlener Klosterberg Riesling SpÃ¤tlese Feinherb";"2007";"250.3";"0.75";"333.73";"White wine";"Glass";"11.5";"2.902029"
"Vinmonopolet";"2215301";"Von Buhl Riesling Brut 2017";"Von Buhl Riesling Brut";"2017";"269.9";"0.75";"359.87";"Sparkling wine";"Glass";"12.5";"2.8789332"
"Vinmonopolet";"2216106";"50Â° Rheingau Riesling Trocken 2018";"50Â° Rheingau Riesling Trocken";"2018";"384.9";"2";"192.45";"White wine";"Bag-in-box";"12";"1.60375"
"Vinmonopolet";"2216501";"Planas Albareda Brut";"Planas Albareda Brut";"0";"171.3";"0.75";"228.4";"Sparkling wine";"Glass";"11.5";"1.986087"
"Vinmonopolet";"2216902";"Montagliari Vin Santo del Chianti Classico 1990";"Montagliari Vin Santo del Chianti Classico";"1990";"442.9";"0.5";"885.8";"White wine";"Glass";"16";"5.53625"
"Vinmonopolet";"2217001";"Weing. Stadt Mainz Schwarzriesling Rose 2018";"Weing. Stadt Mainz Schwarzriesling Rose";"2018";"119.9";"0.75";"159.87";"RosÃ©vin";"Glass";"11.5";"1.390145"
"Vinmonopolet";"2217101";"Weing. Stadt Mainz Rhein Riesling Trocken 2019";"Weing. Stadt Mainz Rhein Riesling Trocken";"2019";"134.9";"0.75";"179.87";"White wine";"Glass";"12";"1.4988889"
"Vinmonopolet";"2217801";"Knez Demuth Pinot Noir 2014";"Knez Demuth Pinot Noir";"2014";"528";"0.75";"704";"RÃ¸dvin";"Glass";"13.3";"5.293233"
"Vinmonopolet";"2218101";"Copain Laureles Grade Chardonnay 2013";"Copain Laureles Grade Chardonnay";"2013";"498";"0.75";"664";"White wine";"Glass";"13.5";"4.9185185"
"Vinmonopolet";"2218301";"Ch. Mosse Rivesaltes 1946";"Ch. Mosse Rivesaltes";"1946";"1999";"0.75";"2665.33";"Fortified wine";"Glass";"18";"14.807407"
"Vinmonopolet";"2218501";"Les Vins ContÃ©s Poivre et Sel 2018";"Les Vins ContÃ©s Poivre et Sel";"2018";"249";"0.75";"332";"RÃ¸dvin";"Glass";"11";"3.0181818"
"Vinmonopolet";"2218701";"Les Vins ContÃ©s Le Puits 2018";"Les Vins ContÃ©s Le Puits";"2018";"214";"0.75";"285.33";"White wine";"Glass";"11.5";"2.4811594"
"Vinmonopolet";"2218801";"La grange aux belles Le Vin de Jardin 2018";"La grange aux belles Le Vin de Jardin";"2018";"199";"0.75";"265.33";"RÃ¸dvin";"Glass";"11";"2.4121213"
"Vinmonopolet";"2219502";"Egge GÃ¥rd Hvalerakevitt";"Egge GÃ¥rd Hvalerakevitt";"2015";"349";"0.5";"698";"Aquavit";"Glass";"37.5";"1.8613334"
"Vinmonopolet";"2219601";"Lacheteau Rose dÂ´Anjou 2019";"Lacheteau Rose dÂ´Anjou";"2019";"134.9";"0.75";"179.87";"RosÃ©vin";"Plast";"11";"1.6351514"
"Vinmonopolet";"2219606";"Lacheteau Rose dÂ´Anjou 2019";"Lacheteau Rose dÂ´Anjou";"2019";"324.9";"2.25";"144.4";"RosÃ©vin";"Bag-in-box";"11";"1.3127272"
"Vinmonopolet";"2219701";"Bassermann-Jordan Forster Ungeheuer Ziegler Riesling Trocken 2018";"Bassermann-Jordan Forster Ungeheuer Ziegler Riesling Trocken";"2018";"289.9";"0.75";"386.53";"White wine";"Glass";"12.5";"3.0922666"
"Vinmonopolet";"2220001";"Neiss Weissherbst Pinot Noir RosÃ© Trocken 2014";"Neiss Weissherbst Pinot Noir RosÃ© Trocken";"2014";"179.6";"0.75";"239.47";"RosÃ©vin";"Glass";"12.5";"1.9157335"
"Vinmonopolet";"2220201";"Voirin-Jumel Grand Cru Blanc de Blancs Brut";"Voirin-Jumel Grand Cru Blanc de Blancs Brut";"2016";"319";"0.75";"425.33";"Champagne, brut";"Glass";"12";"3.5444446"
"Vinmonopolet";"2220601";"Fernand et Laurent Pillot Chassagne-Montrachet 2016";"Fernand et Laurent Pillot Chassagne-Montrachet";"2016";"459";"0.75";"612";"White wine";"Glass";"13.5";"4.5333333"
"Vinmonopolet";"2220701";"Fernand et Laurent Pillot Puligny-Montrachet Noyers Brets 2016";"Fernand et Laurent Pillot Puligny-Montrachet Noyers Brets";"2016";"495";"0.75";"660";"White wine";"Glass";"13.5";"4.888889"
"Vinmonopolet";"2220801";"Dom. des HÃ¢tes Chablis 2014";"Dom. des HÃ¢tes Chablis";"2014";"189";"0.75";"252";"White wine";"Glass";"13";"1.9384615"
"Vinmonopolet";"2221001";"Rolet CÃ´tes du Jura La dent de Charnet Chardonnay 2018";"Rolet CÃ´tes du Jura La dent de Charnet Chardonnay";"2018";"255";"0.75";"340";"White wine";"Glass";"12.5";"2.72"
"Vinmonopolet";"2221101";"Montenidoli Vernaccia di San Gimignano Fiore 2014";"Montenidoli Vernaccia di San Gimignano Fiore";"2014";"279";"0.75";"372";"White wine";"Glass";"13.5";"2.7555556"
"Vinmonopolet";"2221201";"Montenidoli Vernaccia di San Gimignano Tradizionale 2016";"Montenidoli Vernaccia di San Gimignano Tradizionale";"2016";"249";"0.75";"332";"White wine";"Glass";"13.5";"2.4592593"
"Vinmonopolet";"2221301";"Montenidoli Vernaccia di San Gimignano Carato 2011";"Montenidoli Vernaccia di San Gimignano Carato";"2011";"319";"0.75";"425.33";"White wine";"Glass";"13.5";"3.1506174"
"Vinmonopolet";"2221401";"La Tordera Treviso Prosecco Frizzante 2016";"La Tordera Treviso Prosecco Frizzante";"2016";"139";"0.75";"185.33";"Sparkling white wine";"Glass";"10.5";"1.7650794"
"Vinmonopolet";"2221601";"La Tordera Otreval Valdobbiadene Prosecco Superiore Uten sukker 2017";"La Tordera Otreval Valdobbiadene Prosecco Superiore Uten sukker";"2017";"197";"0.75";"262.67";"Sparkling wine";"Glass";"11.5";"2.2840579"
"Vinmonopolet";"2221605";"La Tordera OT Otreval Valdobbiadene 2016";"La Tordera OT Otreval Valdobbiadene";"2016";"389";"1.5";"259.33";"Sparkling wine";"Glass";"12";"2.161111"
"Vinmonopolet";"2222802";"SnÃ¤llerÃ¶ds MÃ¤skdrÃ¤ngen Akvavit";"SnÃ¤llerÃ¶ds MÃ¤skdrÃ¤ngen Akvavit";"0";"239.9";"0.5";"479.8";"Aquavit";"Glass";"40";"1.1995"
"Vinmonopolet";"2222902";"SnÃ¤llerÃ¶ds BokhÃ¥llarens Akvavit.";"SnÃ¤llerÃ¶ds BokhÃ¥llarens Akvavit.";"0";"239.9";"0.5";"479.8";"Aquavit";"Glass";"38";"1.2626315"
"Vinmonopolet";"2223002";"SnÃ¤llerÃ¶ds Jungfru BrÃ¤nnvin";"SnÃ¤llerÃ¶ds Jungfru BrÃ¤nnvin";"0";"239.9";"0.5";"479.8";"Other spirit";"Glass";"38";"1.2626315"
"Vinmonopolet";"2224501";"Fleuriet Sancerre Tradition Blanc 2017";"Fleuriet Sancerre Tradition Blanc";"2017";"284.9";"0.75";"379.87";"White wine";"Glass";"13";"2.9220512"
"Vinmonopolet";"2224601";"Clemens Busch Marienburg Rothenpfad GG 2017";"Clemens Busch Marienburg Rothenpfad GG";"2017";"389.9";"0.75";"519.87";"White wine";"Glass";"12.5";"4.158933"
"Vinmonopolet";"2224701";"Clemens Busch Vom Grauen Schiefer Riesling Trocken 2017";"Clemens Busch Vom Grauen Schiefer Riesling Trocken";"2017";"254.9";"0.75";"339.87";"White wine";"Glass";"11";"3.089697"
"Vinmonopolet";"2224801";"Clemens Busch Marienburg Fahrlay GG 2016";"Clemens Busch Marienburg Fahrlay GG";"2016";"434.9";"0.75";"579.87";"White wine";"Glass";"12.5";"4.638933"
"Vinmonopolet";"2224901";"JuvÃ© y Camps MilesimÃ© Brut";"JuvÃ© y Camps MilesimÃ© Brut";"2016";"249.9";"0.75";"333.2";"Sparkling wine";"Glass";"12";"2.7766666"
"Vinmonopolet";"2225001";"JuvÃ© y Camps Essential Brut";"JuvÃ© y Camps Essential Brut";"2016";"189.9";"0.75";"253.2";"Sparkling wine";"Glass";"12";"2.11"
"Vinmonopolet";"2225101";"JuvÃ© y Camps Gran Reserva Brut";"JuvÃ© y Camps Gran Reserva Brut";"2015";"339.9";"0.75";"453.2";"Sparkling wine";"Glass";"12";"3.7766666"
"Vinmonopolet";"2225901";"Faiveley Rully Les Villeranges 2017";"Faiveley Rully Les Villeranges";"2017";"259.9";"0.75";"346.53";"White wine";"Glass";"13";"2.665641"
"Vinmonopolet";"2226201";"Il Civettaio Montecucco Sangiovese 2014";"Il Civettaio Montecucco Sangiovese";"2014";"219.9";"0.75";"293.2";"RÃ¸dvin";"Glass";"13.5";"2.1718519"
"Vinmonopolet";"2226301";"Balthasar Ress Hattenheimer Riesling Feinherb 2018";"Balthasar Ress Hattenheimer Riesling Feinherb";"2018";"205";"0.75";"273.33";"White wine";"Glass";"10.5";"2.6031747"
"Vinmonopolet";"2226601";"Douglas Laing's Timorous Beastie";"Douglas Laing's Timorous Beastie";"0";"599.9";"0.7";"857";"Whisky";"Glass";"46.8";"1.8311967"
"Vinmonopolet";"2226603";"Douglas Laing's Timorous Beastie";"Douglas Laing's Timorous Beastie";"0";"78";"0.05";"1560";"Whisky";"Glass";"46.8";"3.3333333"
"Vinmonopolet";"2226703";"Douglas Laing's Rock Oyster";"Douglas Laing's Rock Oyster";"0";"78";"0.05";"1560";"Whisky";"Glass";"46.8";"3.3333333"
"Vinmonopolet";"2228801";"Valeir Coffee Likeur";"Valeir Coffee Likeur";"0";"365";"0.7";"521.43";"LikÃ¸r";"Glass";"18";"2.8968256"
"Vinmonopolet";"2230002";"SnÃ¤llerÃ¶ds Herr Berntsons Besk";"SnÃ¤llerÃ¶ds Herr Berntsons Besk";"0";"239.9";"0.5";"479.8";"Bitter	";"Glass";"38";"1.2626315"
"Vinmonopolet";"2230101";"Bod. Hispano-Suizas Tantum Ergo Pinot Noir RosÃ© Brut Nature 2012";"Bod. Hispano-Suizas Tantum Ergo Pinot Noir RosÃ© Brut Nature";"2012";"369.9";"0.75";"493.2";"Musserende vin, rosÃ©";"Glass";"12";"4.11"
"Vinmonopolet";"2230201";"Bod. Hispano-Suizas Impromptu Sauvignon Blanc 2015";"Bod. Hispano-Suizas Impromptu Sauvignon Blanc";"2015";"249.9";"0.75";"333.2";"White wine";"Glass";"13";"2.563077"
"Vinmonopolet";"2230301";"Bottega Petalo Prosecco";"Bottega Petalo Prosecco";"0";"169.9";"0.75";"226.53";"Sparkling wine";"Glass";"11";"2.059394"
"Vinmonopolet";"2230501";"Collina del Solle Spritz Pronol";"Collina del Solle Spritz Pronol";"0";"134.9";"0.75";"179.87";"Flavoured wine	";"Glass";"6.5";"2.7671793"
"Vinmonopolet";"2231601";"Claude Cazals La Chapelle du Clos Grand Cru Blanc de Blancs Brut";"Claude Cazals La Chapelle du Clos Grand Cru Blanc de Blancs Brut";"2014";"678";"0.75";"904";"Champagne, brut";"Glass";"12.5";"7.232"
"Vinmonopolet";"2231801";"Castero Trebbiano d'Abruzzo 2018";"Castero Trebbiano d'Abruzzo";"2018";"124.9";"0.75";"166.53";"White wine";"Glass";"11.5";"1.448116"
"Vinmonopolet";"2232001";"Molino Ausario Barbera d'Alba 2015";"Molino Ausario Barbera d'Alba";"2015";"219.3";"0.75";"292.4";"RÃ¸dvin";"Glass";"14.5";"2.0165517"
"Vinmonopolet";"2232101";"Molino Selvaggia Piemonte Rosso 2018";"Molino Selvaggia Piemonte Rosso";"2018";"164.5";"0.75";"219.33";"RÃ¸dvin";"Glass";"14";"1.5666667"
"Vinmonopolet";"2232702";"Monkey 47 Sloe Gin";"Monkey 47 Sloe Gin";"0";"414.9";"0.5";"829.8";"LikÃ¸r";"Glass";"29";"2.8613794"
"Vinmonopolet";"2232901";"Vidigal Dona Belmira 2013";"Vidigal Dona Belmira";"2013";"159.9";"0.75";"213.2";"RÃ¸dvin";"Glass";"13";"1.64"
"Vinmonopolet";"2233302";"Ch. de Montifaud V.S.";"Ch. de Montifaud V.S.";"0";"309.9";"0.5";"619.8";"Grape spirit";"Plast";"40";"1.5495"
"Vinmonopolet";"2234301";"Casa Santos Lima Bons-Ventos Vinho Leve 2019";"Casa Santos Lima Bons-Ventos Vinho Leve";"2019";"99.9";"0.75";"133.2";"White wine";"Glass";"9.5";"1.4021053"
"Vinmonopolet";"2234801";"Ciro Biondi Outis Etna Rosso 2017";"Ciro Biondi Outis Etna Rosso";"2017";"344.2";"0.75";"458.93";"RÃ¸dvin";"Glass";"13";"3.5302565"
"Vinmonopolet";"2237501";"Pierre Ponnelle Meursault 2016";"Pierre Ponnelle Meursault";"2016";"529.9";"0.75";"706.53";"White wine";"Glass";"13";"5.434872"
"Vinmonopolet";"2237601";"Tsarine RosÃ© Brut";"Tsarine RosÃ© Brut";"0";"319.9";"0.75";"426.53";"Champagne, rosÃ©";"Glass";"12";"3.5544443"
"Vinmonopolet";"2238101";"Naranjas ChÃ© Tarongino 2014";"Naranjas ChÃ© Tarongino";"2014";"89.8";"0.75";"119.73";"Fruit wine";"Glass";"7";"1.7104763"
"Vinmonopolet";"2238401";"Eraldo Revelli Otto Filari Dogliani 2016";"Eraldo Revelli Otto Filari Dogliani";"2016";"210";"0.75";"280";"RÃ¸dvin";"Glass";"12";"2.3333333"
"Vinmonopolet";"2238405";"Eraldo Revelli Otto Filari Dogliani 2016";"Eraldo Revelli Otto Filari Dogliani";"2016";"399.9";"1.5";"266.6";"RÃ¸dvin";"Glass";"12";"2.2216666"
"Vinmonopolet";"2238901";"Reh Kendermann Riesling vom Kalkstein 2018";"Reh Kendermann Riesling vom Kalkstein";"2018";"149.9";"0.75";"199.87";"White wine";"Glass";"13";"1.5374359"
"Vinmonopolet";"2240601";"Adega Algueira Ribeira Sacra Mencia 2015";"Adega Algueira Ribeira Sacra Mencia";"2015";"195.1";"0.75";"260.13";"RÃ¸dvin";"Glass";"12.5";"2.0810668"
"Vinmonopolet";"2240701";"Adega Algueira Carravel Ribeira Sacra 2015";"Adega Algueira Carravel Ribeira Sacra";"2015";"334.2";"0.75";"445.6";"RÃ¸dvin";"Glass";"13";"3.4276924"
"Vinmonopolet";"2240801";"Adega Algueira Brandan Ribeira Sacra Godello 2015";"Adega Algueira Brandan Ribeira Sacra Godello";"2015";"147.1";"0.75";"196.13";"White wine";"Glass";"12.5";"1.5690668"
"Vinmonopolet";"2240901";"Adega Algueira Cortezada Ribeira Sacra 2017";"Adega Algueira Cortezada Ribeira Sacra";"2017";"304.8";"0.75";"406.4";"White wine";"Glass";"13";"3.1261537"
"Vinmonopolet";"2241001";"Maetierra Libalis RosÃ© 2018";"Maetierra Libalis RosÃ©";"2018";"128.9";"0.75";"171.87";"RosÃ©vin";"Glass";"12.5";"1.3749332"
"Vinmonopolet";"2241301";"Cara Nord Negre Conca de BarberÃ  2015";"Cara Nord Negre Conca de BarberÃ";"2015";"195";"0.75";"260";"RÃ¸dvin";"Glass";"14";"1.8571428"
"Vinmonopolet";"2242402";"Spirit of Hven Summer Spirit";"Spirit of Hven Summer Spirit";"0";"545";"0.5";"1090";"Vodka";"Glass";"38";"2.868421"
"Vinmonopolet";"2242502";"Spirit of Hven Vodka";"Spirit of Hven Vodka";"0";"555";"0.5";"1110";"Vodka";"Glass";"40";"2.775"
"Vinmonopolet";"2242802";"Seven Stars No. 3 Phecda Single Malt";"Seven Stars No. 3 Phecda Single Malt";"0";"999";"0.5";"1998";"Whisky";"Glass";"45";"4.44"
"Vinmonopolet";"2243301";"Drappier Sans Ajout de Soufre Brut Nature";"Drappier Sans Ajout de Soufre Brut Nature";"0";"419.9";"0.75";"559.87";"Champagne extra brut";"Glass";"12";"4.6655555"
"Vinmonopolet";"2243401";"Drappier Brut Nature RosÃ©";"Drappier Brut Nature RosÃ©";"0";"409.9";"0.75";"546.53";"Champagne, rosÃ©";"Glass";"12";"4.5544443"
"Vinmonopolet";"2244801";"Carussin Completo";"Carussin Completo";"0";"189.9";"1";"189.9";"RÃ¸dvin";"Glass";"11.5";"1.6513042"
"Vinmonopolet";"2245101";"Cavalchina Prendina Garda Riesling 2018";"Cavalchina Prendina Garda Riesling";"2018";"229.9";"0.75";"306.53";"White wine";"Glass";"12";"2.5544443"
"Vinmonopolet";"2245201";"Bosco del Merlo Prosecco Brut 2017";"Bosco del Merlo Prosecco Brut";"2017";"149.9";"0.75";"199.87";"Sparkling wine";"Glass";"11.5";"1.737971"
"Vinmonopolet";"2245301";"'L LAC Lugana 2017";"'L LAC Lugana";"2017";"219.9";"0.75";"293.2";"White wine";"Glass";"14";"2.0942857"
"Vinmonopolet";"2245701";"Ch. de Roquefort Les MÃ»res 2014";"Ch. de Roquefort Les MÃ»res";"2014";"159.6";"0.75";"212.8";"RÃ¸dvin";"Glass";"13.5";"1.5762963"
"Vinmonopolet";"2245801";"Grossot Chablis Premier Cru Vaucopin 2017";"Grossot Chablis Premier Cru Vaucopin";"2017";"354.9";"0.75";"473.2";"White wine";"Glass";"13";"3.6399999"
"Vinmonopolet";"2246101";"Riffel Riesling Trocken 2018";"Riffel Riesling Trocken";"2018";"184.5";"0.75";"246";"White wine";"Glass";"12.5";"1.968"
"Vinmonopolet";"2246406";"Ca' Rugate Soave 2019";"Ca' Rugate Soave";"2019";"479.9";"3";"159.97";"White wine";"Bag-in-box";"11.5";"1.3910145"
"Vinmonopolet";"2246501";"Terre Nere Etna Rosso 2018";"Terre Nere Etna Rosso";"2018";"255";"0.75";"340";"RÃ¸dvin";"Glass";"13.5";"2.5185184"
"Vinmonopolet";"2246901";"Altamente Pie Franco Monastrell 2018";"Altamente Pie Franco Monastrell";"2018";"169.9";"0.75";"226.53";"RÃ¸dvin";"Glass";"14";"1.6180952"
"Vinmonopolet";"2247001";"Dom. Pfister CrÃ©mant d'Alsace";"Dom. Pfister CrÃ©mant d'Alsace";"2017";"269";"0.75";"358.67";"Sparkling wine";"Glass";"12.5";"2.8693333"
"Vinmonopolet";"2247101";"Dom. Pfister Grand Cru Engelberg Riesling 2015";"Dom. Pfister Grand Cru Engelberg Riesling";"2015";"379";"0.75";"505.33";"White wine";"Glass";"13.5";"3.7432098"
"Vinmonopolet";"2247201";"Dom. Pfister CuvÃ©e 8 2014";"Dom. Pfister CuvÃ©e 8";"2014";"290";"0.75";"386.67";"White wine";"Glass";"13";"2.974359"
"Vinmonopolet";"2247301";"Dom. Pfister Tradition Pinot Gris 2016";"Dom. Pfister Tradition Pinot Gris";"2016";"289";"0.75";"385.33";"White wine";"Glass";"13.5";"2.854321"
"Vinmonopolet";"2247401";"Dom. Pfister Tradition Riesling 2015";"Dom. Pfister Tradition Riesling";"2015";"259";"0.75";"345.33";"White wine";"Glass";"12.5";"2.7626667"
"Vinmonopolet";"2247501";"Dom. Pfister Pinot Blanc 2017";"Dom. Pfister Pinot Blanc";"2017";"269";"0.75";"358.67";"White wine";"Glass";"12.5";"2.8693333"
"Vinmonopolet";"2247701";"Zuccardi Tito 2016";"Zuccardi Tito";"2016";"249.9";"0.75";"333.2";"RÃ¸dvin";"Glass";"14.5";"2.297931"
"Vinmonopolet";"2248006";"Laroche Chardonnay L";"Laroche Chardonnay L";"2019";"259.9";"1.5";"173.27";"White wine";"Pouch";"12";"1.4438889"
"Vinmonopolet";"2248502";"Minttu Peppermint";"Minttu Peppermint";"0";"264.9";"0.5";"529.8";"LikÃ¸r";"Glass";"35";"1.5137142"
"Vinmonopolet";"2248901";"Lignier Chambolle-Musigny 2014";"Lignier Chambolle-Musigny";"2014";"525";"0.75";"700";"RÃ¸dvin";"Glass";"13";"5.3846154"
"Vinmonopolet";"2249201";"Lignier Gevrey-Chambertin 1er Cru Les Combottes 2014";"Lignier Gevrey-Chambertin 1er Cru Les Combottes";"2014";"798";"0.75";"1064";"RÃ¸dvin";"Glass";"13";"8.184615"
"Vinmonopolet";"2249301";"Ten. Olim Bauda Nebbiolo d'Alba San Pietro 2012";"Ten. Olim Bauda Nebbiolo d'Alba San Pietro";"2012";"245";"0.75";"326.67";"RÃ¸dvin";"Glass";"14";"2.3333333"
"Vinmonopolet";"2249401";"Lignier Volnay Premier Cru 2014";"Lignier Volnay Premier Cru";"2014";"479";"0.75";"638.67";"RÃ¸dvin";"Glass";"13";"4.9128203"
"Vinmonopolet";"2249601";"Ten. Olim Bauda Moscato d'Asti Centive 2017";"Ten. Olim Bauda Moscato d'Asti Centive";"2017";"145";"0.75";"193.33";"White wine";"Glass";"5";"3.8666666"
"Vinmonopolet";"2250206";"Casa Nogal 2018";"Casa Nogal";"2018";"409.9";"3";"136.63";"RÃ¸dvin";"Bag-in-box";"13";"1.0510256"
"Vinmonopolet";"2250801";"Allendorf Illusion Exklusiv Fruchtig 2016";"Allendorf Illusion Exklusiv Fruchtig";"2016";"129.7";"0.75";"172.93";"White wine";"Glass";"11";"1.5721211"
"Vinmonopolet";"2251201";"Dom. Bois de la Neuve 2019";"Dom. Bois de la Neuve";"2019";"149.9";"0.75";"199.87";"RosÃ©vin";"Glass";"12.5";"1.5989332"
"Vinmonopolet";"2252001";"Wongraven Senza Compromesso Piemonte Rosato 2018";"Wongraven Senza Compromesso Piemonte Rosato";"2018";"189.9";"0.75";"253.2";"RosÃ©vin";"Glass";"12";"2.11"
"Vinmonopolet";"2252101";"Anima de Raimat Tinto 2017";"Anima de Raimat Tinto";"2017";"149.6";"0.75";"199.47";"RÃ¸dvin";"Glass";"13.5";"1.477531"
"Vinmonopolet";"2252201";"Anima de Raimat Blanco 2017";"Anima de Raimat Blanco";"2017";"144.6";"0.75";"192.8";"White wine";"Glass";"12.5";"1.5424001"
"Vinmonopolet";"2254706";"Ch. de La GreffiÃ¨re MÃ¢con La Roche Vineuse 2019";"Ch. de La GreffiÃ¨re MÃ¢con La Roche Vineuse";"2019";"559.9";"3";"186.63";"White wine";"Bag-in-box";"12.5";"1.4930668"
"Vinmonopolet";"2255101";"Casa Gheller Treviso Prosecco";"Casa Gheller Treviso Prosecco";"0";"173";"0.75";"230.67";"Sparkling wine";"Glass";"11";"2.0969696"
"Vinmonopolet";"2255205";"Ch. Berne Grand Recolte RosÃ© 2018";"Ch. Berne Grand Recolte RosÃ©";"2018";"449.9";"1.5";"299.93";"RosÃ©vin";"Glass";"12.5";"2.3994668"
"Vinmonopolet";"2255301";"Ileana Vigneti delle Dolomiti Pinot Grigio 2016";"Ileana Vigneti delle Dolomiti Pinot Grigio";"2016";"109.9";"0.75";"146.53";"White wine";"Glass";"12.5";"1.1722667"
"Vinmonopolet";"2255601";"Paul Ginglinger Pinot Blanc 2013";"Paul Ginglinger Pinot Blanc";"2013";"189.9";"0.75";"253.2";"White wine";"Glass";"12.5";"2.0256"
"Vinmonopolet";"2256201";"A.D. Coutelas Louis Victor Solera Brut";"A.D. Coutelas Louis Victor Solera Brut";"0";"399.9";"0.75";"533.2";"Champagne, brut";"Glass";"12";"4.443333"
"Vinmonopolet";"2256205";"A.D. Coutelas Louis Victor Solera Brut";"A.D. Coutelas Louis Victor Solera Brut";"0";"989";"1.5";"659.33";"Champagne, brut";"Glass";"12";"5.4944444"
"Vinmonopolet";"2257101";"Nicolas Feuillatte Grand Cru Blanc de Noirs Brut 2010";"Nicolas Feuillatte Grand Cru Blanc de Noirs Brut";"2010";"591.9";"0.75";"789.2";"Champagne, brut";"Glass";"12";"6.576667"
"Vinmonopolet";"2258001";"Barone Montalto Collezione de Famiglia Passivento Bianco 2018";"Barone Montalto Collezione de Famiglia Passivento Bianco";"2018";"164.9";"0.75";"219.87";"White wine";"Glass";"12.5";"1.7589333"
"Vinmonopolet";"2258501";"Topf Riesling Wechselberg 2014";"Topf Riesling Wechselberg";"2014";"149.9";"0.75";"199.87";"White wine";"Glass";"12.5";"1.5989332"
"Vinmonopolet";"2258806";"Casa Nostra Appassimento 2014";"Casa Nostra Appassimento";"2014";"399.9";"3";"133.3";"RÃ¸dvin";"Bag-in-box";"13";"1.0253845"
"Vinmonopolet";"2260801";"Spindler Forst Jesuitengarten SpÃ¤tlese Trocken 2015";"Spindler Forst Jesuitengarten SpÃ¤tlese Trocken";"2015";"388";"0.75";"517.33";"White wine";"Glass";"14";"3.695238"
"Vinmonopolet";"2261401";"De Montille Beaune 1er Cru Les GrÃ¨ves 2011";"De Montille Beaune 1er Cru Les GrÃ¨ves";"2011";"597.8";"0.75";"797.07";"RÃ¸dvin";"Glass";"12.5";"6.376533"
"Vinmonopolet";"2261501";"De Montille Pommard 1er Cru Les PÃ©zerolles 2011";"De Montille Pommard 1er Cru Les PÃ©zerolles";"2011";"789.9";"0.75";"1053.2";"RÃ¸dvin";"Glass";"12.5";"8.4256"
"Vinmonopolet";"2261601";"De Montille Pommard 1er Cru Les Rugiens-bas 2011";"De Montille Pommard 1er Cru Les Rugiens-bas";"2011";"999.8";"0.75";"1333.07";"RÃ¸dvin";"Glass";"12.5";"10.664534"
"Vinmonopolet";"2261701";"De Montille Pommard 1er Cru Les Grands Ãpenots 2011";"De Montille Pommard 1er Cru Les Grands Ãpenots";"2011";"779.8";"0.75";"1039.73";"RÃ¸dvin";"Glass";"12.5";"8.317866"
"Vinmonopolet";"2261901";"De Montille Volnay 1er Cru Les Taillepieds 2011";"De Montille Volnay 1er Cru Les Taillepieds";"2011";"808.9";"0.75";"1078.53";"RÃ¸dvin";"Glass";"12.5";"8.628267"
"Vinmonopolet";"2262301";"Deux Montille Montagny 1er Cru Les CoÃ¨res 2015";"Deux Montille Montagny 1er Cru Les CoÃ¨res";"2015";"398";"0.75";"530.67";"White wine";"Glass";"12.5";"4.245333"
"Vinmonopolet";"2262805";"Ch. de Beaucastel ChÃ¢teauneuf-du-Pape Rouge 2012";"Ch. de Beaucastel ChÃ¢teauneuf-du-Pape Rouge";"2012";"1399.9";"1.5";"933.27";"RÃ¸dvin";"Glass";"14.5";"6.4363217"
"Vinmonopolet";"2262901";"La Vieille Ferme RosÃ© 2019";"La Vieille Ferme RosÃ©";"2019";"145";"0.75";"193.33";"RosÃ©vin";"Glass";"13";"1.4871795"
"Vinmonopolet";"2263201";"Chave Circa Saint-Joseph Blanc 2017";"Chave Circa Saint-Joseph Blanc";"2017";"299.9";"0.75";"399.87";"White wine";"Glass";"14.5";"2.7577012"
"Vinmonopolet";"2263301";"Ch. Miraval 2019";"Ch. Miraval";"2019";"225.1";"0.75";"300.13";"RosÃ©vin";"Glass";"13";"2.308718"
"Vinmonopolet";"2263701";"Leroux Bourgogne Rouge 2018";"Leroux Bourgogne Rouge";"2018";"296";"0.75";"394.67";"RÃ¸dvin";"Glass";"12.5";"3.1573334"
"Vinmonopolet";"2263901";"Loichet Ladoix Bois de GrÃ©chons 2013";"Loichet Ladoix Bois de GrÃ©chons";"2013";"419.9";"0.75";"559.87";"White wine";"Glass";"13";"4.3066664"
"Vinmonopolet";"2264001";"Red Car Sonoma Coast Pinot Noir 2016";"Red Car Sonoma Coast Pinot Noir";"2016";"439";"0.75";"585.33";"RÃ¸dvin";"Glass";"13.3";"4.4010024"
"Vinmonopolet";"2264901";"Equipo Navazos Casa del Inca Pedro XimÃ©nez 2017";"Equipo Navazos Casa del Inca Pedro XimÃ©nez";"2017";"399.9";"0.75";"533.2";"Sherry";"Glass";"15";"3.5546665"
"Vinmonopolet";"2265001";"Equipo Navazos OVNI Pedro XimÃ©nez 2017";"Equipo Navazos OVNI Pedro XimÃ©nez";"2017";"224.9";"0.75";"299.87";"White wine";"Glass";"12";"2.4988887"
"Vinmonopolet";"2265301";"Villa Wolf Pinot Noir RosÃ© 2018";"Villa Wolf Pinot Noir RosÃ©";"2018";"154.9";"0.75";"206.53";"RosÃ©vin";"Glass";"11.5";"1.795942"
"Vinmonopolet";"2265402";"Ten. Castellaro Malvasia delle Lipari 2015";"Ten. Castellaro Malvasia delle Lipari";"2015";"210";"0.38";"560";"White wine";"Glass";"12.5";"4.4210525"
"Vinmonopolet";"2266401";"Gallet Maury TuilÃ© 1996";"Gallet Maury TuilÃ©";"1996";"419";"0.75";"558.67";"Fortified wine";"Glass";"17";"3.2862744"
"Vinmonopolet";"2266801";"Ch. Pichon-Longueville Baron 2010";"Ch. Pichon-Longueville Baron";"2010";"2199";"0.75";"2932";"RÃ¸dvin";"Glass";"13.5";"21.71852"
"Vinmonopolet";"2266901";"Cap Royal Bordeaux SupÃ©rieur 2016";"Cap Royal Bordeaux SupÃ©rieur";"2016";"185";"0.75";"246.67";"RÃ¸dvin";"Glass";"13";"1.8974359"
"Vinmonopolet";"2267001";"Ch. Suduiraut 2009";"Ch. Suduiraut";"2009";"939";"0.75";"1252";"White wine";"Glass";"14";"8.942857"
"Vinmonopolet";"2268401";"Equipo Navazos La Bota 68 de Fino Macharnudo Alto";"Equipo Navazos La Bota 68 de Fino Macharnudo Alto";"2016";"389.9";"0.75";"519.87";"Sherry";"Glass";"15";"3.4657776"
"Vinmonopolet";"2268501";"Devils Corner Riesling 2015";"Devils Corner Riesling";"2015";"149.9";"0.75";"199.87";"White wine";"Glass";"12.5";"1.5989332"
"Vinmonopolet";"2268802";"Aasgaard Strandakevitt";"Aasgaard Strandakevitt";"0";"365";"0.5";"730";"Aquavit";"Glass";"40";"1.825"
"Vinmonopolet";"2269002";"Harahorn Gin";"Harahorn Gin";"0";"399";"0.5";"798";"Gin";"Glass";"46";"1.7347826"
"Vinmonopolet";"2269003";"Harahorn Gin";"Harahorn Gin";"0";"69.9";"0.05";"1398";"Gin";"Plast";"46";"3.0391304"
"Vinmonopolet";"2269102";"Elgakevitt";"Elgakevitt";"0";"364";"0.5";"728";"Aquavit";"Glass";"38";"1.9157895"
"Vinmonopolet";"2269201";"Solsidens Sommer Aquavit";"Solsidens Sommer Aquavit";"0";"445";"0.7";"635.71";"Aquavit";"Glass";"38";"1.6729324"
"Vinmonopolet";"2269801";"De Montille Nuits-Saint-Georges 1er Cru Aux Thorey 2011";"De Montille Nuits-Saint-Georges 1er Cru Aux Thorey";"2011";"635.9";"0.75";"847.87";"RÃ¸dvin";"Glass";"12.5";"6.7829337"
"Vinmonopolet";"2271001";"Svenska Eldvatten WeiRon";"Svenska Eldvatten WeiRon";"0";"740";"0.7";"1057.14";"Rum";"Glass";"50";"2.1142857"
"Vinmonopolet";"2271601";"Captain Morgan White Rum";"Captain Morgan White Rum";"0";"329.9";"0.7";"471.29";"Rum";"Glass";"37.5";"1.2567619"
"Vinmonopolet";"2271602";"Captain Morgan White Rum";"Captain Morgan White Rum";"0";"249.9";"0.5";"499.8";"Rum";"Glass";"37.5";"1.3327999"
"Vinmonopolet";"2271901";"Bereche Les Beaux Regards Premier Cru 2017";"Bereche Les Beaux Regards Premier Cru";"2017";"861";"0.75";"1148";"Champagne, brut";"Glass";"12";"9.566667"
"Vinmonopolet";"2272101";"La Tordera Brunei Valdobbiadene Prosecco Superiore Brut 2014";"La Tordera Brunei Valdobbiadene Prosecco Superiore Brut";"2014";"179";"0.75";"238.67";"Sparkling wine";"Glass";"11.5";"2.0753622"
"Vinmonopolet";"2274001";"Dacasto Duilio Vianus RosÃ© 2016";"Dacasto Duilio Vianus RosÃ©";"2016";"220.7";"0.75";"294.27";"RosÃ©vin";"Glass";"12.5";"2.3541334"
"Vinmonopolet";"2274507";"FrÃ¼h KÃ¶lsch Mini Keg";"FrÃ¼h KÃ¶lsch Mini Keg";"0";"473.6";"5";"94.72";"Light ale";"";"4.8";"1.9733332"
"Vinmonopolet";"2274801";"Villa Giada Dedicato... Barbera dÂ´Asti Superiore 2016";"Villa Giada Dedicato... Barbera dÂ´Asti Superiore";"2016";"339.9";"0.75";"453.2";"RÃ¸dvin";"Glass";"15";"3.0213332"
"Vinmonopolet";"2280701";"Eblin-Fuchs CrÃ©mant d`Alsace Blanc de Blancs Brut";"Eblin-Fuchs CrÃ©mant d`Alsace Blanc de Blancs Brut";"0";"230";"0.75";"306.67";"Sparkling wine";"Glass";"12";"2.5555556"
"Vinmonopolet";"2280801";"Marie Brizard Liqueur Fleur de Sureau - HylleblomstlikÃ¸r";"Marie Brizard Liqueur Fleur de Sureau - HylleblomstlikÃ¸r";"0";"232.9";"0.7";"332.71";"LikÃ¸r";"Glass";"20";"1.6635714"
"Vinmonopolet";"2284401";"Stellenrust Block 28 Chenin Blanc 2017";"Stellenrust Block 28 Chenin Blanc";"2017";"172.9";"0.75";"230.53";"White wine";"Glass";"13";"1.7733333"
"Vinmonopolet";"2288804";"Wine Cup Merlot";"Wine Cup Merlot";"0";"39.9";"0.19";"213.37";"RÃ¸dvin";"Plast";"12";"1.7500001"
"Vinmonopolet";"2288904";"Wine Cup Chardonnay";"Wine Cup Chardonnay";"0";"39.9";"0.19";"213.37";"White wine";"Plast";"12";"1.7500001"
"Vinmonopolet";"2289004";"Wine Cup Veneto RosÃ©";"Wine Cup Veneto RosÃ©";"0";"39.9";"0.19";"213.37";"RosÃ©vin";"Plast";"12";"1.7500001"
"Vinmonopolet";"2291101";"Paraschos Skala 2009";"Paraschos Skala";"2009";"319.8";"0.75";"426.4";"RÃ¸dvin";"Glass";"14";"3.0457141"
"Vinmonopolet";"2292501";"Il Palagio Chianti Classico 2014";"Il Palagio Chianti Classico";"2014";"178";"0.75";"237.33";"RÃ¸dvin";"Glass";"14";"1.6952381"
"Vinmonopolet";"2294901";"Ch. Ksara 2015";"Ch. Ksara";"2015";"279.9";"0.75";"373.2";"RÃ¸dvin";"Glass";"14";"2.6657143"
"Vinmonopolet";"2296701";"Dom. Daniel Rion Vosne-RomanÃ©e 2017";"Dom. Daniel Rion Vosne-RomanÃ©e";"2017";"679.9";"0.75";"906.53";"RÃ¸dvin";"Glass";"13.5";"6.715062"
"Vinmonopolet";"2297601";"Ligier Cremant du Jura RosÃ© Brut";"Ligier Cremant du Jura RosÃ© Brut";"0";"199.9";"0.75";"266.53";"Musserende vin, rosÃ©";"Glass";"12";"2.221111"
"Vinmonopolet";"2299001";"Star of Bombay";"Star of Bombay";"0";"560.9";"0.7";"801.29";"Gin";"Glass";"47.5";"1.6869174"
"Vinmonopolet";"2299601";"Armorik Classic Breton Single Malt Whisky";"Armorik Classic Breton Single Malt Whisky";"0";"710";"0.7";"1014.29";"Whisky";"Glass";"46";"2.204969"
"Vinmonopolet";"2299901";"Ch. Paveil de Luze 2014";"Ch. Paveil de Luze";"2014";"295";"0.75";"393.33";"RÃ¸dvin";"Glass";"13";"3.025641"
"Vinmonopolet";"2331901";"Brasilberg";"Brasilberg";"0";"689.9";"1";"689.9";"Bitter	";"Glass";"42";"1.6426191"
"Vinmonopolet";"2332002";"Oud Beersel Framboise";"Oud Beersel Framboise";"0";"94.9";"0.38";"253.07";"SurÃ¸l";"Glass";"5";"4.994737"
"Vinmonopolet";"2332201";"ViÃ±a Real Reserva 2014";"ViÃ±a Real Reserva";"2014";"269.9";"0.75";"359.87";"RÃ¸dvin";"Glass";"13.5";"2.665679"
"Vinmonopolet";"2332301";"ViÃ±a Real Gran Reserva 2006";"ViÃ±a Real Gran Reserva";"2006";"350";"0.75";"466.67";"RÃ¸dvin";"Glass";"13.5";"3.4567902"
"Vinmonopolet";"2347301";"Fermoy Estate Merlot 2005";"Fermoy Estate Merlot";"2005";"315.7";"0.75";"420.93";"RÃ¸dvin";"Glass";"13";"3.237949"
"Vinmonopolet";"2358901";"Ch. Croix Cardinale 2011";"Ch. Croix Cardinale";"2011";"515";"0.75";"686.67";"RÃ¸dvin";"Glass";"15";"4.577778"
"Vinmonopolet";"2359801";"Ch. dÂ´Agassac 2003";"Ch. dÂ´Agassac";"2003";"678.9";"0.75";"905.2";"RÃ¸dvin";"Glass";"13";"6.963077"
"Vinmonopolet";"2370601";"OntaÃ±Ã³n Crianza 2015";"OntaÃ±Ã³n Crianza";"2015";"249.9";"0.75";"333.2";"RÃ¸dvin";"Glass";"14";"2.3799999"
"Vinmonopolet";"2370701";"OntaÃ±Ã³n Reserva 2010";"OntaÃ±Ã³n Reserva";"2010";"325";"0.75";"433.33";"RÃ¸dvin";"Glass";"14";"3.0952382"
"Vinmonopolet";"2371901";"OntaÃ±Ã³n Gran Reserva 2010";"OntaÃ±Ã³n Gran Reserva";"2010";"429";"0.75";"572";"RÃ¸dvin";"Glass";"13.5";"4.237037"
"Vinmonopolet";"2378001";"K The Boy Grenache 2015";"K The Boy Grenache";"2015";"540";"0.75";"720";"RÃ¸dvin";"Glass";"15";"4.8"
"Vinmonopolet";"2391601";"BenRiach 10YO Single Malt";"BenRiach 10YO Single Malt";"0";"519.9";"0.7";"742.71";"Whisky";"Glass";"43";"1.7272426"
"Vinmonopolet";"2399701";"Contratto Blanc de Blancs Brut 2015";"Contratto Blanc de Blancs Brut";"2015";"399";"0.75";"532";"Sparkling wine";"Glass";"12.5";"4.256"
"Vinmonopolet";"2399901";"Don Julio 1942";"Don Julio";"0";"1699";"0.7";"2427.14";"Fruit spirit";"Glass";"38";"6.387218"
"Vinmonopolet";"2403001";"Stefano Mancinelli Lacrima di Morro d'Alba 2015";"Stefano Mancinelli Lacrima di Morro d'Alba";"2015";"258";"0.75";"344";"RÃ¸dvin";"Glass";"13";"2.646154"
"Vinmonopolet";"2406402";"To Ãl Garden of Eden";"To Ãl Garden of Eden";"0";"69.9";"0.33";"211.82";"India pale ale";"Glass";"6.4";"3.309659"
"Vinmonopolet";"2412301";"Les Cinq Pattes Blanc 2013";"Les Cinq Pattes Blanc";"2013";"189";"0.75";"252";"White wine";"Glass";"12";"2.1"
"Vinmonopolet";"2424601";"Les Cinq Pattes Rouge 2013";"Les Cinq Pattes Rouge";"2013";"189";"0.75";"252";"RÃ¸dvin";"Glass";"12";"2.1"
"Vinmonopolet";"2437301";"Henri Delagrange Aloxe-Corton Les Caillettes 2013";"Henri Delagrange Aloxe-Corton Les Caillettes";"2013";"338.4";"0.75";"451.2";"RÃ¸dvin";"Glass";"13";"3.4707692"
"Vinmonopolet";"2474501";"Henri Delagrange Pommard Les Vaumuriens Hauts 2013";"Henri Delagrange Pommard Les Vaumuriens Hauts";"2013";"429";"0.75";"572";"RÃ¸dvin";"Glass";"13";"4.4"
"Vinmonopolet";"2480701";"Mesta Tempranillo RosÃ© 2019";"Mesta Tempranillo RosÃ©";"2019";"123.9";"0.75";"165.2";"RosÃ©vin";"Glass";"12";"1.3766667"
"Vinmonopolet";"2483901";"Villa Trasqua Trasgaia 2011";"Villa Trasqua Trasgaia";"2011";"329.8";"0.75";"439.73";"RÃ¸dvin";"Glass";"13";"3.382564"
"Vinmonopolet";"2555101";"Guido Porro Barolo Giannetto 2015";"Guido Porro Barolo Giannetto";"2015";"419.5";"0.75";"559.33";"RÃ¸dvin";"Glass";"14.5";"3.8574712"
"Vinmonopolet";"2556801";"Marc Roy Gevrey-Chambertin La Justice 2013";"Marc Roy Gevrey-Chambertin La Justice";"2013";"527.7";"0.75";"703.6";"RÃ¸dvin";"Glass";"13.5";"5.211852"
"Vinmonopolet";"2557101";"Rinaldi Langhe Freisa 2017";"Rinaldi Langhe Freisa";"2017";"449.9";"0.75";"599.87";"RÃ¸dvin";"Glass";"13.5";"4.4434566"
"Vinmonopolet";"2557701";"Doc`s Raspberry Hard Apple Cider";"Doc`s Raspberry Hard Apple Cider";"0";"99.5";"0.65";"153.08";"Cider";"Glass";"5.5";"2.783217"
"Vinmonopolet";"2570701";"Sourz Rainbow Ice";"Sourz Rainbow Ice";"0";"197.9";"0.7";"282.71";"LikÃ¸r";"Glass";"15";"1.8847619"
"Vinmonopolet";"2626901";"Melsheimer Molun Reiler Mullay-Hofberg Riesling Trocken 2017";"Melsheimer Molun Reiler Mullay-Hofberg Riesling Trocken";"2017";"249";"0.75";"332";"White wine";"Glass";"11.5";"2.8869565"
"Vinmonopolet";"2630001";"Melsheimer Lentum Riesling Trocken 2015";"Melsheimer Lentum Riesling Trocken";"2015";"299";"0.75";"398.67";"White wine";"Glass";"11";"3.6242423"
"Vinmonopolet";"2636601";"Luis Seabra Xisto Cru 2017";"Luis Seabra Xisto Cru";"2017";"369";"0.75";"492";"White wine";"Glass";"12.5";"3.936"
"Vinmonopolet";"2641401";"Luis Seabra Granito Cru Alvarinho 2018";"Luis Seabra Granito Cru Alvarinho";"2018";"285";"0.75";"380";"White wine";"Glass";"12.5";"3.04"
"Vinmonopolet";"2663806";"Settesoli Cataratto Chardonnay 2019";"Settesoli Cataratto Chardonnay";"2019";"369";"3";"123";"White wine";"Bag-in-box";"12.5";"0.984"
"Vinmonopolet";"2664601";"Blairmohr Blended Malt 8 YO";"Blairmohr Blended Malt 8 YO";"0";"439.9";"0.7";"628.43";"Whisky";"Glass";"43";"1.4614618"
"Vinmonopolet";"2669806";"Boutique Cellars Swartland Reserve 2019";"Boutique Cellars Swartland Reserve";"2019";"419.9";"3";"139.97";"RÃ¸dvin";"Bag-in-box";"13";"1.0766666"
"Vinmonopolet";"2675601";"Methode Ancienne Chardonnay 2016";"Methode Ancienne Chardonnay";"2016";"415";"0.75";"553.33";"White wine";"Glass";"13.5";"4.0987654"
"Vinmonopolet";"2676201";"Springfield MÃ©thode Ancienne Cabernet Sauvignon 2013";"Springfield MÃ©thode Ancienne Cabernet Sauvignon";"2013";"485";"0.75";"646.67";"RÃ¸dvin";"Glass";"13";"4.974359"
"Vinmonopolet";"2694802";"Oslo HÃ¥ndverksdestilleri Marka Bitter";"Oslo HÃ¥ndverksdestilleri Marka Bitter";"0";"329.9";"0.5";"659.8";"Bitter	";"Glass";"35";"1.8851428"
"Vinmonopolet";"2696901";"Kiralyudvar Tokaji Furmint Sec 2016";"Kiralyudvar Tokaji Furmint Sec";"2016";"349";"0.75";"465.33";"White wine";"Glass";"12";"3.8777778"
"Vinmonopolet";"2697002";"Kiralyudvar Tokaji CuveÃ© Ilona 2010";"Kiralyudvar Tokaji CuveÃ© Ilona";"2010";"479";"0.5";"958";"White wine";"Glass";"11.5";"8.330435"
"Vinmonopolet";"2697101";"Cuilleron Saint-Joseph L`Amarybelle 2012";"Cuilleron Saint-Joseph L`Amarybelle";"2012";"298.9";"0.75";"398.53";"RÃ¸dvin";"Glass";"12.5";"3.1882665"
"Vinmonopolet";"2698901";"Dr GÃ¤nz Winzenheimer Rosenheck Riesling trocken 2014";"Dr GÃ¤nz Winzenheimer Rosenheck Riesling trocken";"2014";"130";"0.75";"173.33";"White wine";"Glass";"12";"1.4444444"
"Vinmonopolet";"2699601";"Ca`Bunotti Soave 2018";"Ca`Bunotti Soave";"2018";"119.9";"0.75";"159.87";"White wine";"Glass";"11.5";"1.390145"
"Vinmonopolet";"2709602";"Barekstens Gin Fatlagret";"Barekstens Gin Fatlagret";"0";"449";"0.5";"898";"Gin";"Glass";"46";"1.952174"
"Vinmonopolet";"2714301";"Tour des Gendres Bergerac Sec 2017";"Tour des Gendres Bergerac Sec";"2017";"159.9";"0.75";"213.2";"White wine";"Glass";"12";"1.7766666"
"Vinmonopolet";"2714701";"Fermoy Estate Chardonnay 2007";"Fermoy Estate Chardonnay";"2007";"254.9";"0.75";"339.87";"White wine";"Glass";"12";"2.8322222"
"Vinmonopolet";"2716101";"Ambroise Nuits-Saint-Georges 1er Cru En Rue de Chaux 2011";"Ambroise Nuits-Saint-Georges 1er Cru En Rue de Chaux";"2011";"497.9";"0.75";"663.87";"RÃ¸dvin";"Glass";"13.5";"4.917531"
"Vinmonopolet";"2722201";"Ambroise Nuits-Saint-Georges 2012";"Ambroise Nuits-Saint-Georges";"2012";"479";"0.75";"638.67";"RÃ¸dvin";"Glass";"13";"4.9128203"
"Vinmonopolet";"2722701";"Ambroise Nuits-Saint-Georges Les Hauts Pruliers 2013";"Ambroise Nuits-Saint-Georges Les Hauts Pruliers";"2013";"499";"0.75";"665.33";"RÃ¸dvin";"Glass";"13";"5.1179485"
"Vinmonopolet";"2736704";"Dom. Gueguen Chablis 2017";"Dom. Gueguen Chablis";"2017";"109";"0.25";"436";"White wine";"Plast";"12";"3.6333334"
"Vinmonopolet";"2738401";"Freixenet RosÃ© Brut";"Freixenet RosÃ© Brut";"0";"159.5";"0.75";"212.67";"Musserende vin, rosÃ©";"Glass";"12";"1.7722223"
"Vinmonopolet";"2738601";"Pascal Clement Montagny 1er Cru Les CoÃ¨res 2018";"Pascal Clement Montagny 1er Cru Les CoÃ¨res";"2018";"299.9";"0.75";"399.87";"White wine";"Glass";"13";"3.0758975"
"Vinmonopolet";"2738701";"Fritz MÃ¼ller Perlwein MÃ¼ller-Thurgau Trocken";"Fritz MÃ¼ller Perlwein MÃ¼ller-Thurgau Trocken";"0";"179.9";"0.75";"239.87";"Sparkling white wine";"Glass";"11.5";"2.085797"
"Vinmonopolet";"2738801";"Fritz MÃ¼ller Perlwein Rosa Trocken";"Fritz MÃ¼ller Perlwein Rosa Trocken";"0";"179.9";"0.75";"239.87";"Perlende vin, rosÃ©";"Glass";"11.5";"2.085797"
"Vinmonopolet";"2740105";"Argiano Brunello di Montalcino 2013";"Argiano Brunello di Montalcino";"2013";"922.1";"1.5";"614.73";"RÃ¸dvin";"Glass";"14";"4.390952"
"Vinmonopolet";"2742801";"Rabbit Ridge Allure de Robles RosÃ© 2014";"Rabbit Ridge Allure de Robles RosÃ©";"2014";"99.8";"0.75";"133.07";"RosÃ©vin";"Glass";"13.6";"0.9784314"
"Vinmonopolet";"2745801";"Kongsgaard Napa Valley Chardonnay 2017";"Kongsgaard Napa Valley Chardonnay";"2017";"889";"0.75";"1185.33";"White wine";"Glass";"14.1";"8.406619"
"Vinmonopolet";"2758401";"FÃ¨lsina Fontalloro 2015";"FÃ¨lsina Fontalloro";"2015";"474.9";"0.75";"633.2";"RÃ¸dvin";"Glass";"13.5";"4.69037"
"Vinmonopolet";"2759901";"Sorelle Bronca Particella 68 Valdobbiadene Prosecco Superiore";"Sorelle Bronca Particella 68 Valdobbiadene Prosecco Superiore";"0";"232";"0.75";"309.33";"Sparkling wine";"Glass";"11";"2.8121212"
"Vinmonopolet";"2760101";"Sorelle Bronca Valdobbiadene Prosecco Superiore Brut";"Sorelle Bronca Valdobbiadene Prosecco Superiore Brut";"0";"210";"0.75";"280";"Sparkling wine";"Glass";"11";"2.5454545"
"Vinmonopolet";"2763201";"Frescobaldi Pomino Bianco 2016";"Frescobaldi Pomino Bianco";"2016";"229.1";"0.75";"305.47";"White wine";"Glass";"12.5";"2.4437335"
"Vinmonopolet";"2767401";"SmÃ¥ sure Sour Shot jordbÃ¦r";"SmÃ¥ sure Sour Shot jordbÃ¦r";"0";"299.9";"1";"299.9";"LikÃ¸r";"Glass";"16.4";"1.8286586"
"Vinmonopolet";"2772202";"Mooseshot";"Mooseshot";"0";"325";"0.5";"650";"Bitter	";"Glass";"37.5";"1.7333333"
"Vinmonopolet";"2772208";"Mooseshot (10x5cl)";"Mooseshot (10x5cl)";"0";"373.4";"0.5";"746.8";"Bitter	";"Ãvrig";"37.5";"1.9914666"
"Vinmonopolet";"2772802";"NÃ¸isom Corvus Saison Imperial Stout";"NÃ¸isom Corvus Saison Imperial Stout";"0";"77.8";"0.33";"235.76";"Porter and stout";"Glass";"10.2";"2.311349"
"Vinmonopolet";"2772902";"NÃ¸isom Black IPA";"NÃ¸isom Black IPA";"0";"70.9";"0.5";"141.8";"India pale ale";"Glass";"6.8";"2.085294"
"Vinmonopolet";"2773701";"De Conti PetÂ´ natÂ´ 2018";"De Conti PetÂ´ natÂ´";"2018";"189.9";"0.75";"253.2";"Sparkling white wine";"Glass";"11";"2.3018181"
"Vinmonopolet";"2774301";"Dr. Loosen Wehlener Sonnenuhr Riesling SpÃ¤tlese 2017";"Dr. Loosen Wehlener Sonnenuhr Riesling SpÃ¤tlese";"2017";"249";"0.75";"332";"White wine";"Glass";"7.5";"4.4266667"
"Vinmonopolet";"2775201";"I Clivi San Pietro Friulano 2017";"I Clivi San Pietro Friulano";"2017";"249.9";"0.75";"333.2";"White wine";"Glass";"12.5";"2.6655998"
"Vinmonopolet";"2775902";"Ole Smoky White LightninÂ´ Moonshine";"Ole Smoky White LightninÂ´ Moonshine";"0";"349.9";"0.5";"699.8";"Other spirit";"Glass";"50";"1.3996"
"Vinmonopolet";"2776801";"Cuilleron Sybel Syrah RosÃ© 2016";"Cuilleron Sybel Syrah RosÃ©";"2016";"249";"0.75";"332";"RosÃ©vin";"Glass";"12.5";"2.656"
"Vinmonopolet";"2776901";"Cant. Terlano Pinot Bianco 2016";"Cant. Terlano Pinot Bianco";"2016";"220.2";"0.75";"293.6";"White wine";"Glass";"13";"2.2584615"
"Vinmonopolet";"2777401";"August Eser Hattenheim Wisselbrunnen Riesling";"August Eser Hattenheim Wisselbrunnen Riesling";"0";"180.4";"0.75";"240.53";"White wine";"Glass";"10.5";"2.2907937"
"Vinmonopolet";"2780202";"Eiker Saison";"Eiker Saison";"0";"63";"0.33";"190.91";"Saison farmhouse ale";"Glass";"7.1";"2.6888604"
"Vinmonopolet";"2780302";"Eiker Melkestout";"Eiker Melkestout";"0";"62.8";"0.33";"190.3";"Porter and stout";"Glass";"5.5";"3.4600549"
"Vinmonopolet";"2789101";"Cascina Montagnola Morasso Colli Tortonesi Timorasso 2013";"Cascina Montagnola Morasso Colli Tortonesi Timorasso";"2013";"297";"0.75";"396";"White wine";"Glass";"15.5";"2.5548387"
"Vinmonopolet";"2792702";"Liefmans Kriek Brut";"Liefmans Kriek Brut";"2019";"60.9";"0.33";"184.55";"SurÃ¸l";"Glass";"6";"3.0757575"
"Vinmonopolet";"2796002";"Liefmans Goudenband";"Liefmans Goudenband";"2018";"63.9";"0.33";"193.64";"SurÃ¸l";"Glass";"8";"2.4204545"
"Vinmonopolet";"2796201";"Ch. Cantemerle 2004";"Ch. Cantemerle";"2004";"678.9";"0.75";"905.2";"RÃ¸dvin";"Glass";"13";"6.963077"
"Vinmonopolet";"2797901";"Ch. Petit-Village 2004";"Ch. Petit-Village";"2004";"1059";"0.75";"1412";"RÃ¸dvin";"Glass";"13";"10.861539"
"Vinmonopolet";"2822101";"Neumer Weinmann Riesling Herrnsheimer 2018";"Neumer Weinmann Riesling Herrnsheimer";"2018";"164.9";"0.75";"219.87";"White wine";"Glass";"12";"1.8322221"
"Vinmonopolet";"2822201";"Weing. Schmitt Riesling Kalkmergel 2015";"Weing. Schmitt Riesling Kalkmergel";"2015";"189.6";"0.75";"252.8";"White wine";"Glass";"12.5";"2.0224001"
"Vinmonopolet";"2828901";"Old English Gin";"Old English Gin";"0";"514";"0.7";"734.29";"Gin";"Glass";"44";"1.6688312"
"Vinmonopolet";"2829001";"Intellego Kedungu 2017";"Intellego Kedungu";"2017";"239.9";"0.75";"319.87";"RÃ¸dvin";"Glass";"12";"2.6655555"
"Vinmonopolet";"2829101";"Graci Etna Rosato 2018";"Graci Etna Rosato";"2018";"289.9";"0.75";"386.53";"RosÃ©vin";"Glass";"12.5";"3.0922666"
"Vinmonopolet";"2830501";"Cant. Terlano Chardonnay Kreuth 2017";"Cant. Terlano Chardonnay Kreuth";"2017";"277.4";"0.75";"369.87";"White wine";"Glass";"13.5";"2.739753"
"Vinmonopolet";"2831501";"Caperitif Kaapse Dief";"Caperitif Kaapse Dief";"0";"329.9";"0.75";"439.87";"Vermouth";"Glass";"16.5";"2.6658585"
"Vinmonopolet";"2832201";"Domino de la Vega Bobal en Calma 2014";"Domino de la Vega Bobal en Calma";"2014";"169.9";"0.75";"226.53";"RÃ¸dvin";"Glass";"13.5";"1.6780246"
"Vinmonopolet";"2832502";"Harald HÃ¥rfagre Akevitt";"Harald HÃ¥rfagre Akevitt";"0";"375";"0.5";"750";"Aquavit";"Glass";"40";"1.875"
"Vinmonopolet";"2833301";"Ch. de la Jaubertie Blanc 2017";"Ch. de la Jaubertie Blanc";"2017";"172";"0.75";"229.33";"White wine";"Glass";"13";"1.7641026"
"Vinmonopolet";"2833601";"Casanova di Neri Brunello di Montalcino 2013";"Casanova di Neri Brunello di Montalcino";"2013";"569";"0.75";"758.67";"RÃ¸dvin";"Glass";"14.5";"5.232184"
"Vinmonopolet";"2833701";"Casanova di Neri IbBianco di Casanova di Neri 2014";"Casanova di Neri IbBianco di Casanova di Neri";"2014";"199";"0.75";"265.33";"White wine";"Glass";"12";"2.211111"
"Vinmonopolet";"2834102";"Kiralyudvar Tokaji Aszu 6 Puttonyos 2007";"Kiralyudvar Tokaji Aszu 6 Puttonyos";"2007";"689";"0.5";"1378";"White wine";"Glass";"10.5";"13.12381"
"Vinmonopolet";"2834401";"Marion Valpolicella Superiore 2015";"Marion Valpolicella Superiore";"2015";"353.5";"0.75";"471.33";"RÃ¸dvin";"Glass";"14";"3.3666666"
"Vinmonopolet";"2834501";"Marion Amarone della Valpolicella 2011";"Marion Amarone della Valpolicella";"2011";"552.7";"0.75";"736.93";"RÃ¸dvin";"Glass";"16";"4.6058335"
"Vinmonopolet";"2834904";"Mari Join the Lama 2015";"Mari Join the Lama";"2015";"59.9";"0.2";"299.5";"Flavoured wine	";"Glass";"5.5";"5.4454546"
"Vinmonopolet";"2835101";"Launois Veuve Clemence Grand Cru Brut";"Launois Veuve Clemence Grand Cru Brut";"0";"355";"0.75";"473.33";"Champagne, brut";"Glass";"12";"3.9444444"
"Vinmonopolet";"2837204";"St. Feuillien Grisette Blonde";"St. Feuillien Grisette Blonde";"0";"37.9";"0.25";"151.6";"Light ale";"Glass";"5.5";"2.7563636"
"Vinmonopolet";"2837901";"Ch. Prieure Lichine 2010";"Ch. Prieure Lichine";"2010";"955";"0.75";"1273.33";"RÃ¸dvin";"Glass";"14";"9.095238"
"Vinmonopolet";"2837905";"Ch. Prieure Lichine 2010";"Ch. Prieure Lichine";"2010";"1669";"1.5";"1112.67";"RÃ¸dvin";"Glass";"14";"7.947619"
"Vinmonopolet";"2838101";"Ch. Prieure-Lichine 2012";"Ch. Prieure-Lichine";"2012";"629";"0.75";"838.67";"RÃ¸dvin";"Glass";"13";"6.451282"
"Vinmonopolet";"2838105";"Ch. PrieurÃ©-Lichine 2012";"Ch. PrieurÃ©-Lichine";"2012";"1175";"1.5";"783.33";"RÃ¸dvin";"Glass";"13";"6.025641"
"Vinmonopolet";"2838501";"Ch. d Issan 2012";"Ch. d Issan";"2012";"979";"0.75";"1305.33";"RÃ¸dvin";"Glass";"13";"10.041026"
"Vinmonopolet";"2838701";"Ch. Giscours 2010";"Ch. Giscours";"2010";"1489";"0.75";"1985.33";"RÃ¸dvin";"Glass";"13.5";"14.706173"
"Vinmonopolet";"2838901";"Ch. Ormes de Pez 2011";"Ch. Ormes de Pez";"2011";"399.9";"0.75";"533.2";"RÃ¸dvin";"Glass";"13";"4.101538"
"Vinmonopolet";"2839001";"Ch. Ormes de Pez 2012";"Ch. Ormes de Pez";"2012";"499";"0.75";"665.33";"RÃ¸dvin";"Glass";"13";"5.1179485"
"Vinmonopolet";"2839301";"Clos Fourtet 2012";"Clos Fourtet";"2012";"1529";"0.75";"2038.67";"RÃ¸dvin";"Glass";"13.5";"15.101234"
"Vinmonopolet";"2839601";"Ch. Camensac 2012";"Ch. Camensac";"2012";"489";"0.75";"652";"RÃ¸dvin";"Glass";"13";"5.0153847"
"Vinmonopolet";"2840101";"Clos Fourtet 2011";"Clos Fourtet";"2011";"1198";"0.75";"1597.33";"RÃ¸dvin";"Glass";"13.5";"11.832099"
"Vinmonopolet";"2840201";"La Closerie de Fourtet 2011";"La Closerie de Fourtet";"2011";"459";"0.75";"612";"RÃ¸dvin";"Glass";"13";"4.707692"
"Vinmonopolet";"2840701";"Ch. Suduiraut 2002";"Ch. Suduiraut";"2002";"659";"0.75";"878.67";"White wine";"Glass";"13.5";"6.508642"
"Vinmonopolet";"2840801";"Capucana Cachaca";"Capucana Cachaca";"0";"589.9";"0.7";"842.71";"Other spirit";"Glass";"42";"2.0064628"
"Vinmonopolet";"2840901";"Bersano Nizza Riserva 2014";"Bersano Nizza Riserva";"2014";"259.9";"0.75";"346.53";"RÃ¸dvin";"Glass";"14.5";"2.389885"
"Vinmonopolet";"2841101";"Uva Mira The Single Tree Chardonnay 2014";"Uva Mira The Single Tree Chardonnay";"2014";"479";"0.75";"638.67";"White wine";"Glass";"13.5";"4.730864"
"Vinmonopolet";"2842606";"Marques de las Cuevas";"Marques de las Cuevas";"0";"389.9";"3";"129.97";"RÃ¸dvin";"Bag-in-box";"13";"0.9997436"
"Vinmonopolet";"2842701";"Ch. d'Agassac 2011";"Ch. d'Agassac";"2011";"359";"0.75";"478.67";"RÃ¸dvin";"Glass";"13";"3.6820512"
"Vinmonopolet";"2842901";"Terre di Leone Il Re Pazzo Valpolicella Classico Ripasso 2017";"Terre di Leone Il Re Pazzo Valpolicella Classico Ripasso";"2017";"232.6";"0.75";"310.13";"RÃ¸dvin";"Glass";"14";"2.215238"
"Vinmonopolet";"2843101";"Schwartzhog KrÃ¤uter Liqueur";"Schwartzhog KrÃ¤uter Liqueur";"0";"429.9";"0.7";"614.14";"LikÃ¸r";"Glass";"36.7";"1.6734138"
"Vinmonopolet";"2843301";"Walnut Block Nutcracker Sauvignon Blanc 2017";"Walnut Block Nutcracker Sauvignon Blanc";"2017";"209.9";"0.75";"279.87";"White wine";"Glass";"13.5";"2.0730863"
"Vinmonopolet";"2843401";"Walnut Block Nutcracker Pinot Noir 2016";"Walnut Block Nutcracker Pinot Noir";"2016";"325";"0.75";"433.33";"RÃ¸dvin";"Glass";"13.5";"3.2098765"
"Vinmonopolet";"2843501";"Woodford Reserve Distiller's Select";"Woodford Reserve Distiller's Select";"0";"624.9";"0.7";"892.71";"Whisky";"Glass";"43.2";"2.0664682"
"Vinmonopolet";"2843901";"PÃ©piÃ¨re Clisson Muscadet SÃ¨vre et Maine 2017";"PÃ©piÃ¨re Clisson Muscadet SÃ¨vre et Maine";"2017";"279.9";"0.75";"373.2";"White wine";"Glass";"12";"3.11"
"Vinmonopolet";"2844201";"Minuty Prestige 2016";"Minuty Prestige";"2016";"264.9";"0.75";"353.2";"RosÃ©vin";"Glass";"13";"2.716923"
"Vinmonopolet";"2844305";"Minuty Prestige 2017";"Minuty Prestige";"2017";"529.8";"1.5";"353.2";"RosÃ©vin";"Glass";"13";"2.716923"
"Vinmonopolet";"2845001";"Bod. Antonio Alcaraz Milenium Casa Vital 2016";"Bod. Antonio Alcaraz Milenium Casa Vital";"2016";"388.7";"0.75";"518.27";"RÃ¸dvin";"Glass";"13.5";"3.8390124"
"Vinmonopolet";"2845101";"Bod. Antonio Alcaraz Age Casa Vital 2011";"Bod. Antonio Alcaraz Age Casa Vital";"2011";"189.8";"0.75";"253.07";"RÃ¸dvin";"Glass";"13.5";"1.874568"
"Vinmonopolet";"2847901";"Opihr Oriental Spiced London Dry Gin";"Opihr Oriental Spiced London Dry Gin";"0";"549.9";"0.7";"785.57";"Gin";"Glass";"42.5";"1.8484035"
"Vinmonopolet";"2848002";"Balholm Handverkcider med humle";"Balholm Handverkcider med humle";"0";"76.5";"0.5";"153";"Cider";"Glass";"6";"2.55"
"Vinmonopolet";"2848102";"Balholm Cider med malt";"Balholm Cider med malt";"0";"76.5";"0.5";"153";"Cider";"Glass";"6";"2.55"
"Vinmonopolet";"2849101";"Mustiguillo Mestizaje El Terrerazo 2014";"Mustiguillo Mestizaje El Terrerazo";"2014";"149.8";"0.75";"199.73";"RÃ¸dvin";"Glass";"13.5";"1.4795063"
"Vinmonopolet";"2850101";"Terada Honke Daigo nu Shizuku";"Terada Honke Daigo nu Shizuku";"2014";"460";"0.72";"638.89";"Sake";"Glass";"11";"5.8080807"
"Vinmonopolet";"2851501";"Bod. Barahonda Carro Monastrell ViÃ±as Viejas 2018";"Bod. Barahonda Carro Monastrell ViÃ±as Viejas";"2018";"134.9";"0.75";"179.87";"RÃ¸dvin";"Glass";"14";"1.2847619"
"Vinmonopolet";"2851506";"Barahonda Carro Monastrell ViÃ±as Viejas";"Barahonda Carro Monastrell ViÃ±as Viejas";"0";"449.9";"3";"149.97";"RÃ¸dvin";"Bag-in-box";"13.5";"1.1108642"
"Vinmonopolet";"2852401";"O.P. Anderson Extra Aquavit";"O.P. Anderson Extra Aquavit";"0";"339.9";"0.7";"485.57";"Aquavit";"Glass";"40";"1.2139286"
"Vinmonopolet";"2852501";"Ca'Vendri Amarone della Valpolicella 2016";"Ca'Vendri Amarone della Valpolicella";"2016";"259.9";"0.75";"346.53";"RÃ¸dvin";"Glass";"15";"2.3102221"
"Vinmonopolet";"2852606";"Giovanni Barcelli Barbera";"Giovanni Barcelli Barbera";"2018";"459.9";"3";"153.3";"RÃ¸dvin";"Bag-in-box";"13";"1.1792308"
"Vinmonopolet";"2852701";"Tronnes VSOP RÃ©serve";"Tronnes VSOP RÃ©serve";"0";"469";"1";"469";"Grape spirit";"Glass";"36";"1.3027778"
"Vinmonopolet";"2852901";"Clos de Tafall 2017";"Clos de Tafall";"2017";"193.5";"0.75";"258";"RÃ¸dvin";"Glass";"14.5";"1.7793103"
"Vinmonopolet";"2853501";"Cornarea Roero Arneis 2018";"Cornarea Roero Arneis";"2018";"199.4";"0.75";"265.87";"White wine";"Glass";"13.5";"1.9693826"
"Vinmonopolet";"2853801";"Cornarea Nebbiolo d'Alba 2017";"Cornarea Nebbiolo d'Alba";"2017";"218";"0.75";"290.67";"RÃ¸dvin";"Glass";"13.5";"2.1530864"
"Vinmonopolet";"2853901";"Balthasar Ress Schloss Reichartshausen Riesling Kabinett 2016";"Balthasar Ress Schloss Reichartshausen Riesling Kabinett";"2016";"199.9";"0.75";"266.53";"White wine";"Glass";"8";"3.3316665"
"Vinmonopolet";"2854006";"Signature Series Figli Luigi Oddero Piemonte Rosso";"Signature Series Figli Luigi Oddero Piemonte Rosso";"2016";"419.9";"3";"139.97";"RÃ¸dvin";"Bag-in-box";"12.5";"1.1197333"
"Vinmonopolet";"2854101";"Ampeleia Cabernet Franc Vigna dellÂ´Asina 2018";"Ampeleia Cabernet Franc Vigna dellÂ´Asina";"2018";"309.9";"0.75";"413.2";"RÃ¸dvin";"Glass";"12";"3.4433331"
"Vinmonopolet";"2855402";"O'Hara's Leann FollÃ¡in Extra Irish Stout";"O'Hara's Leann FollÃ¡in Extra Irish Stout";"0";"56.9";"0.5";"113.8";"Porter and stout";"Glass";"6";"1.8966668"
"Vinmonopolet";"2855602";"Austmann MÃ¸rk Skog";"Austmann MÃ¸rk Skog";"0";"58.9";"0.33";"178.49";"Special";"Glass";"6";"2.9747474"
"Vinmonopolet";"2856102";"Johnnie Walker Red Label";"Johnnie Walker Red Label";"0";"269.9";"0.5";"539.8";"Whisky";"Glass";"40";"1.3495"
"Vinmonopolet";"2857901";"Felsina Chianti Classico Riserva 2016";"Felsina Chianti Classico Riserva";"2016";"300";"0.75";"400";"RÃ¸dvin";"Glass";"13.5";"2.9629629"
"Vinmonopolet";"2862701";"Cuilleron Condrieu La Petite CÃ´te 2014";"Cuilleron Condrieu La Petite CÃ´te";"2014";"388.9";"0.75";"518.53";"White wine";"Glass";"13";"3.9887178"
"Vinmonopolet";"2864902";"Aja HÃ¸stlÃ¸v Amber";"Aja HÃ¸stlÃ¸v Amber";"0";"46.9";"0.33";"142.12";"Red/amber";"Glass";"5.5";"2.584022"
"Vinmonopolet";"2865801";"PflÃ¼ger Buntsandstein Riesling trocken 2019";"PflÃ¼ger Buntsandstein Riesling trocken";"2019";"159.9";"0.75";"213.2";"White wine";"Glass";"12";"1.7766666"
"Vinmonopolet";"2866201";"Mud House Pinot Noir 2018";"Mud House Pinot Noir";"2018";"179.9";"0.75";"239.87";"RÃ¸dvin";"Glass";"13";"1.8451282"
"Vinmonopolet";"2866301";"Mud House Sauvignon Blanc";"Mud House Sauvignon Blanc";"2019";"139.9";"0.75";"186.53";"White wine";"Glass";"12.5";"1.4922667"
"Vinmonopolet";"2866701";"Bushmills Black Bush Irish Whiskey";"Bushmills Black Bush Irish Whiskey";"0";"511.9";"0.7";"731.29";"Whisky";"Glass";"40";"1.8282143"
"Vinmonopolet";"2867201";"The Liberator The Francophile Chenin Blanc 2018";"The Liberator The Francophile Chenin Blanc";"2018";"169.9";"0.75";"226.53";"White wine";"Glass";"13.5";"1.6780246"
"Vinmonopolet";"2867301";"The Liberator The Francophile Syrah 2016";"The Liberator The Francophile Syrah";"2016";"169.9";"0.75";"226.53";"RÃ¸dvin";"Glass";"14";"1.6180952"
"Vinmonopolet";"2867702";"Mikkeller Beer Geek Dessert";"Mikkeller Beer Geek Dessert";"0";"109";"0.33";"330.3";"Porter and stout";"Glass";"12.1";"2.7297769"
"Vinmonopolet";"2867906";"Marques de Somera Tempranillo";"Marques de Somera Tempranillo";"2018";"409.9";"3";"136.63";"RÃ¸dvin";"Bag-in-box";"13";"1.0510256"
"Vinmonopolet";"2868201";"Les Ollieux Romanis CorbiÃ¨res 2018";"Les Ollieux Romanis CorbiÃ¨res";"2018";"174.9";"0.75";"233.2";"RÃ¸dvin";"Glass";"14";"1.6657143"
"Vinmonopolet";"2868301";"Philippe de Nantheuil Brut";"Philippe de Nantheuil Brut";"0";"314.9";"0.75";"419.87";"Champagne, brut";"Glass";"12";"3.4988887"
"Vinmonopolet";"2868901";"Arne og Carlos RÃ¸d Hyggevin";"Arne og Carlos RÃ¸d Hyggevin";"0";"119.9";"0.75";"159.87";"RÃ¸dvin";"Glass";"12";"1.3322222"
"Vinmonopolet";"2869801";"Ch. Clinet 2006";"Ch. Clinet";"2006";"1299";"0.75";"1732";"RÃ¸dvin";"Glass";"13.5";"12.82963"
"Vinmonopolet";"2869901";"Ch. Canon La Gaffeliere 2012";"Ch. Canon La Gaffeliere";"2012";"998";"0.75";"1330.67";"RÃ¸dvin";"Glass";"13.5";"9.856791"
"Vinmonopolet";"2870101";"La Sirene de Giscours 2012";"La Sirene de Giscours";"2012";"569";"0.75";"758.67";"RÃ¸dvin";"Glass";"12";"6.322222"
"Vinmonopolet";"2870401";"Ch. Beychevelle 2011";"Ch. Beychevelle";"2011";"1258";"0.75";"1677.33";"RÃ¸dvin";"Glass";"13";"12.902564"
"Vinmonopolet";"2870901";"Cutty Sark Prohibition";"Cutty Sark Prohibition";"0";"584.9";"0.7";"835.57";"Whisky";"Glass";"50";"1.6711429"
"Vinmonopolet";"2872101";"Ch. Haut-Madrac 2014";"Ch. Haut-Madrac";"2014";"299.9";"0.75";"399.87";"RÃ¸dvin";"Glass";"13";"3.0758975"
"Vinmonopolet";"2872401";"Heinrich Zweigelt 2016";"Heinrich Zweigelt";"2016";"199.9";"0.75";"266.53";"RÃ¸dvin";"Glass";"12";"2.221111"
"Vinmonopolet";"2872701";"Glenwood Blended Scotch Whisky";"Glenwood Blended Scotch Whisky";"0";"319.9";"0.7";"457";"Whisky";"Plast";"40";"1.1425"
"Vinmonopolet";"2872702";"Glenwood Blended Scotch Whisky";"Glenwood Blended Scotch Whisky";"0";"174.9";"0.35";"499.71";"Whisky";"Plast";"40";"1.2492857"
"Vinmonopolet";"2873201";"De Wetshof The Site Chardonnay 2013";"De Wetshof The Site Chardonnay";"2013";"329";"0.75";"438.67";"White wine";"Glass";"13";"3.374359"
"Vinmonopolet";"2874201";"Dom. d'Aupilhac Le Carignan Mont Baudile 2013";"Dom. d'Aupilhac Le Carignan Mont Baudile";"2013";"284";"0.75";"378.67";"RÃ¸dvin";"Glass";"13.5";"2.8049383"
"Vinmonopolet";"2874301";"Guigal La Turque CÃ´te RÃ´tie 2011";"Guigal La Turque CÃ´te RÃ´tie";"2011";"2199.9";"0.75";"2933.2";"RÃ¸dvin";"Glass";"13";"22.563076"
"Vinmonopolet";"2874401";"Guigal La Landonne CÃ´te RÃ´tie 2011";"Guigal La Landonne CÃ´te RÃ´tie";"2011";"2199.9";"0.75";"2933.2";"RÃ¸dvin";"Glass";"13";"22.563076"
"Vinmonopolet";"2874501";"Guigal La Mouline CÃ´te RÃ´tie 2011";"Guigal La Mouline CÃ´te RÃ´tie";"2011";"2199.9";"0.75";"2933.2";"RÃ¸dvin";"Glass";"13";"22.563076"
"Vinmonopolet";"2875601";"Ch. Barbe-Blanche 2013";"Ch. Barbe-Blanche";"2013";"264.9";"0.75";"353.2";"RÃ¸dvin";"Glass";"13";"2.716923"
"Vinmonopolet";"2875701";"Ch. Les Grands Marechaux 2008";"Ch. Les Grands Marechaux";"2008";"269";"0.75";"358.67";"RÃ¸dvin";"Glass";"13";"2.7589743"
"Vinmonopolet";"2875801";"Ch. Saint-Pierre de Corbian 2010";"Ch. Saint-Pierre de Corbian";"2010";"389";"0.75";"518.67";"RÃ¸dvin";"Glass";"14.5";"3.5770116"
"Vinmonopolet";"2875901";"Dalwhinnie Winter's Gold";"Dalwhinnie Winter's Gold";"0";"559.9";"0.7";"799.86";"Whisky";"Glass";"43";"1.860133"
"Vinmonopolet";"2876101";"Schwedhelm Wotanfels Riesling Trocken 2014";"Schwedhelm Wotanfels Riesling Trocken";"2014";"199.9";"0.75";"266.53";"White wine";"Glass";"12.5";"2.1322665"
"Vinmonopolet";"2876302";"Aja Bryggeri Pilen Pale Ale";"Aja Bryggeri Pilen Pale Ale";"0";"44.9";"0.33";"136.06";"Pale ale";"Glass";"6";"2.2676768"
"Vinmonopolet";"2876801";"JoÃ£o Portugal Ramos Alvarinho 2017";"JoÃ£o Portugal Ramos Alvarinho";"2017";"199.9";"0.75";"266.53";"White wine";"Glass";"13";"2.0502563"
"Vinmonopolet";"2877001";"Sour Fisk Sour Apple";"Sour Fisk Sour Apple";"0";"201.9";"0.7";"288.43";"LikÃ¸r";"Glass";"15";"1.9228572"
"Vinmonopolet";"2877101";"Sour Fisk Sour Cola";"Sour Fisk Sour Cola";"0";"215";"0.7";"307.14";"LikÃ¸r";"Glass";"15";"2.047619"
"Vinmonopolet";"2877202";"Ga-Jol GranatÃ¦ble";"Ga-Jol GranatÃ¦ble";"0";"209.9";"0.5";"419.8";"LikÃ¸r";"Plast";"16.4";"2.559756"
"Vinmonopolet";"2877401";"Villard Certitude Crozes-Hermitage 2016";"Villard Certitude Crozes-Hermitage";"2016";"355";"0.75";"473.33";"RÃ¸dvin";"Glass";"13";"3.6410255"
"Vinmonopolet";"2877501";"FranÃ§ois Villard Jouvet Cornas 2015";"FranÃ§ois Villard Jouvet Cornas";"2015";"465";"0.75";"620";"RÃ¸dvin";"Glass";"13";"4.769231"
"Vinmonopolet";"2877601";"Pol RÃ©my Brut";"Pol RÃ©my Brut";"0";"102.9";"0.75";"137.2";"Sparkling wine";"Glass";"11";"1.2472727"
"Vinmonopolet";"2879802";"Galliano L'Aperitivo";"Galliano L'Aperitivo";"0";"248.1";"0.5";"496.2";"Bitter	";"Glass";"24";"2.0675"
"Vinmonopolet";"2879902";"Galliano Amaretto";"Galliano Amaretto";"0";"244.9";"0.5";"489.8";"LikÃ¸r";"Glass";"28";"1.7492857"
"Vinmonopolet";"2880801";"Ch. Magondeau Beau Site";"Ch. Magondeau Beau Site";"2009";"274.9";"0.75";"366.53";"RÃ¸dvin";"Glass";"13.5";"2.7150617"
"Vinmonopolet";"2880901";"Dom. Raissac Les Carabenas Sam Eyde 2018";"Dom. Raissac Les Carabenas Sam Eyde";"2018";"189.9";"0.75";"253.2";"RÃ¸dvin";"Glass";"14.5";"1.7462069"
"Vinmonopolet";"2881102";"Gotlands Bryggeri Wisby Stout";"Gotlands Bryggeri Wisby Stout";"0";"44.9";"0.33";"136.06";"Porter and stout";"Glass";"5";"2.7212121"
"Vinmonopolet";"2881201";"Ca'del Bosco Curtefranca Rosso 2012";"Ca'del Bosco Curtefranca Rosso";"2012";"332.1";"0.75";"442.8";"RÃ¸dvin";"Glass";"13.5";"3.28"
"Vinmonopolet";"2882401";"CodornÃ­u CuvÃ©e Barcelona 1872 Brut";"CodornÃ­u CuvÃ©e Barcelona  Brut";"0";"149.9";"0.75";"199.87";"Sparkling wine";"Glass";"11.5";"1.737971"
"Vinmonopolet";"2882706";"Villa Borghetti Valpolicella 2018";"Villa Borghetti Valpolicella";"2018";"449.9";"3";"149.97";"RÃ¸dvin";"Bag-in-box";"12";"1.2497222"
"Vinmonopolet";"2883601";"Fenocchio Barbaresco";"Fenocchio Barbaresco";"2016";"259.9";"0.75";"346.53";"RÃ¸dvin";"Glass";"14";"2.475238"
"Vinmonopolet";"2883702";"Brouwerij De Molen Heksen & Trollen";"Brouwerij De Molen Heksen & Trollen";"0";"52.9";"0.33";"160.3";"Saison farmhouse ale";"Glass";"6.1";"2.6279185"
"Vinmonopolet";"2883901";"Bushmills";"Bushmills";"0";"589.9";"1";"589.9";"Whisky";"Glass";"40";"1.47475"
"Vinmonopolet";"2884201";"Clairin Casimir Rum Batch 2";"Clairin Casimir Rum Batch 2";"0";"719.9";"0.7";"1028.43";"Rum";"Glass";"50.2";"2.0486627"
"Vinmonopolet";"2884301";"Clairin Sajous Rum Batch 2";"Clairin Sajous Rum Batch 2";"0";"719.9";"0.7";"1028.43";"Rum";"Glass";"51";"2.0165267"
"Vinmonopolet";"2885801";"Cadenhead Glenlivet(Minmore) 42 YO Small Batch 1973";"Cadenhead Glenlivet(Minmore) 42 YO Small Batch";"1973";"3604.9";"0.7";"5149.86";"Whisky";"Glass";"40.2";"12.81059"
"Vinmonopolet";"2886201";"Jean Fillioux Grande Champagne 1994";"Jean Fillioux Grande Champagne";"1994";"1025";"0.7";"1464.29";"Grape spirit";"Glass";"42";"3.4863946"
"Vinmonopolet";"2888101";"R. Pouillon Brut Reserve";"R. Pouillon Brut Reserve";"0";"389.9";"0.75";"519.87";"Champagne, brut";"Glass";"12";"4.332222"
"Vinmonopolet";"2888201";"R. Pouillon Valnons Blanc de Blancs 2009";"R. Pouillon Valnons Blanc de Blancs";"2009";"510";"0.75";"680";"Champagne, brut";"Glass";"12";"5.6666665"
"Vinmonopolet";"2889002";"Hof ten Dormaal Vallen & Opstaan";"Hof ten Dormaal Vallen & Opstaan";"0";"69.9";"0.33";"211.82";"Porter and stout";"Glass";"9.3";"2.2776148"
"Vinmonopolet";"2890106";"Lavradores de Feitoria Douro Branco 2019";"Lavradores de Feitoria Douro Branco";"2019";"269.9";"2";"134.95";"White wine";"Bag-in-box";"12.5";"1.0796"
"Vinmonopolet";"2890404";"Corte delle Calli Prosecco Frizzante";"Corte delle Calli Prosecco Frizzante";"0";"44.3";"0.2";"221.5";"Sparkling white wine";"Glass";"11";"2.0136364"
"Vinmonopolet";"2890501";"Noble Vines 337 Cabernet Sauvignon 2016";"Noble Vines 337 Cabernet Sauvignon";"2016";"179.9";"0.75";"239.87";"RÃ¸dvin";"Glass";"14";"1.7133332"
"Vinmonopolet";"2890601";"Gnarly Head Petite Sirah 2016";"Gnarly Head Petite Sirah";"2016";"179.9";"0.75";"239.87";"RÃ¸dvin";"Glass";"14.5";"1.6542528"
"Vinmonopolet";"2890701";"Crave Vinyards Pinot Noir 2013";"Crave Vinyards Pinot Noir";"2013";"230";"0.75";"306.67";"RÃ¸dvin";"Glass";"13.5";"2.271605"
"Vinmonopolet";"2890901";"Stellenrust Old Vine Cinsaut 2015";"Stellenrust Old Vine Cinsaut";"2015";"209.9";"0.75";"279.87";"RÃ¸dvin";"Glass";"13.5";"2.0730863"
"Vinmonopolet";"2891001";"Pierre Ponnelle Pinot Noir 2018";"Pierre Ponnelle Pinot Noir";"2018";"139.9";"0.75";"186.53";"RÃ¸dvin";"Glass";"12.5";"1.4922667"
"Vinmonopolet";"2891006";"Pierre Ponnelle Pinot Noir 2018";"Pierre Ponnelle Pinot Noir";"2018";"519.9";"3";"173.3";"RÃ¸dvin";"Bag-in-box";"12.5";"1.3864001"
"Vinmonopolet";"2891101";"Terre di Kama Nero d'Avola 2017";"Terre di Kama Nero d'Avola";"2017";"150";"0.75";"200";"RÃ¸dvin";"Glass";"14";"1.4285715"
"Vinmonopolet";"2891301";"Riva Leone Barbera 2017";"Riva Leone Barbera";"2017";"159.9";"0.75";"213.2";"RÃ¸dvin";"Glass";"13";"1.64"
"Vinmonopolet";"2891501";"Poli Vaca Mora Amaro";"Poli Vaca Mora Amaro";"0";"475";"0.7";"678.57";"Bitter	";"Glass";"32";"2.1205359"
"Vinmonopolet";"2891601";"Alvise Lancieri Prosecco Extra Dry";"Alvise Lancieri Prosecco Extra Dry";"0";"145";"0.75";"193.33";"Sparkling wine";"Glass";"11";"1.7575758"
"Vinmonopolet";"2892401";"Christmann Gimmeldingen Riesling Trocken 2018";"Christmann Gimmeldingen Riesling Trocken";"2018";"239.9";"0.75";"319.87";"White wine";"Glass";"12";"2.6655555"
"Vinmonopolet";"2892701";"Tamellini Le Bine de Costiola Soave Classico 2016";"Tamellini Le Bine de Costiola Soave Classico";"2016";"179.9";"0.75";"239.87";"White wine";"Glass";"12";"1.9988889"
"Vinmonopolet";"2893101";"DiplomÃ¡tico Single Vintage 2005";"DiplomÃ¡tico Single Vintage";"2005";"1269";"0.7";"1812.86";"Rum";"Glass";"43";"4.215947"
"Vinmonopolet";"2893202";"HernÃ¶ London Dry Gin";"HernÃ¶ London Dry Gin";"2011";"439.9";"0.5";"879.8";"Gin";"Glass";"40.5";"2.1723456"
"Vinmonopolet";"2893302";"HernÃ¶ Navy Strength Gin";"HernÃ¶ Navy Strength Gin";"0";"529.9";"0.5";"1059.8";"Gin";"Glass";"57";"1.8592983"
"Vinmonopolet";"2893401";"Charles Heidsieck RosÃ© 2006";"Charles Heidsieck RosÃ©";"2006";"798";"0.75";"1064";"Champagne, rosÃ©";"Glass";"12";"8.866667"
"Vinmonopolet";"2893808";"Bache-Gabrielsen The Cognac Challenge (5x20cl)";"Bache-Gabrielsen The Cognac Challenge (5x20cl)";"0";"1290";"1";"1290";"Grape spirit";"Ãvrig";"40";"3.225"
"Vinmonopolet";"2895001";"Georg Mosbacher RosÃ© trocken 2018";"Georg Mosbacher RosÃ© trocken";"2018";"159.9";"0.75";"213.2";"RosÃ©vin";"Glass";"11.5";"1.853913"
"Vinmonopolet";"2895101";"Georg Mosbacher Deidesheimer Riesling trocken 2017";"Georg Mosbacher Deidesheimer Riesling trocken";"2017";"179.9";"0.75";"239.87";"White wine";"Glass";"12.5";"1.9189333"
"Vinmonopolet";"2895501";"Mas Codina Cava Brut Reserva 2016";"Mas Codina Cava Brut Reserva";"2016";"155";"0.75";"206.67";"Sparkling wine";"Glass";"12";"1.7222222"
"Vinmonopolet";"2896301";"Cant. Riondo Castelforte Partziale Appassimento Edizion Speciale 2016";"Cant. Riondo Castelforte Partziale Appassimento Edizion Speciale";"2016";"139.9";"0.75";"186.53";"RÃ¸dvin";"Glass";"14";"1.3323809"
"Vinmonopolet";"2896601";"Babcock Santa Barbara Pinot Noir 2018";"Babcock Santa Barbara Pinot Noir";"2018";"189.9";"0.75";"253.2";"RÃ¸dvin";"Glass";"12";"2.11"
"Vinmonopolet";"2897101";"Ch. La Tour de By 2011";"Ch. La Tour de By";"2011";"269.9";"0.75";"359.87";"RÃ¸dvin";"Glass";"13.5";"2.665679"
"Vinmonopolet";"2898001";"Carpineto Chianti Classico Riserva 2015";"Carpineto Chianti Classico Riserva";"2015";"234.9";"0.75";"313.2";"RÃ¸dvin";"Glass";"13.5";"2.32"
"Vinmonopolet";"2898005";"Carpineto Chianti Classico Riserva";"Carpineto Chianti Classico Riserva";"2015";"529.9";"1.5";"353.27";"RÃ¸dvin";"Glass";"13.5";"2.6167903"
"Vinmonopolet";"2898501";"Saint-Cosme Little James Basket Press";"Saint-Cosme Little James Basket Press";"2019";"179.9";"0.75";"239.87";"RÃ¸dvin";"Glass";"14";"1.7133332"
"Vinmonopolet";"2898601";"Saint-Cosme Crozes-Hermitage 2017";"Saint-Cosme Crozes-Hermitage";"2017";"279";"0.75";"372";"RÃ¸dvin";"Glass";"13.5";"2.7555556"
"Vinmonopolet";"2898801";"Pascal Clement Pernand-Vergelesses Les Combottes 2018";"Pascal Clement Pernand-Vergelesses Les Combottes";"2018";"379.9";"0.75";"506.53";"White wine";"Glass";"13";"3.8964102"
"Vinmonopolet";"2898805";"ClÃ©ment Pernand-Vergelesses Les Combottes 2018";"ClÃ©ment Pernand-Vergelesses Les Combottes";"2018";"759.9";"1.5";"506.6";"White wine";"Glass";"13";"3.8969233"
"Vinmonopolet";"2898901";"Pascal Clement Pommard 1er Cru Clos de Verger 2013";"Pascal Clement Pommard 1er Cru Clos de Verger";"2013";"719.9";"0.75";"959.87";"RÃ¸dvin";"Glass";"13";"7.38359"
"Vinmonopolet";"2899001";"Dirupi Valtellina Superiore 2011";"Dirupi Valtellina Superiore";"2011";"359.9";"0.75";"479.87";"RÃ¸dvin";"Glass";"14";"3.427619"
"Vinmonopolet";"2899101";"Dirupi OlÃ©! Rosso di Valtellina 2016";"Dirupi OlÃ©! Rosso di Valtellina";"2016";"289.9";"0.75";"386.53";"RÃ¸dvin";"Glass";"13.5";"2.8632097"
"Vinmonopolet";"2899201";"K.H. Schneider Domberg Riesling SpÃ¤tlese 2016";"K.H. Schneider Domberg Riesling SpÃ¤tlese";"2016";"259.9";"0.75";"346.53";"White wine";"Glass";"9";"3.8503702"
"Vinmonopolet";"2900201";"PJ KÃ¼hn Rheinschiefer Riesling Trocken 2018";"PJ KÃ¼hn Rheinschiefer Riesling Trocken";"2018";"239";"0.75";"318.67";"White wine";"Glass";"12";"2.6555555"
"Vinmonopolet";"2902001";"Villa Poggio Salvi Brunello di Montalcino Pomona 2012";"Villa Poggio Salvi Brunello di Montalcino Pomona";"2012";"989.9";"0.75";"1319.87";"RÃ¸dvin";"Glass";"14.5";"9.102529"
"Vinmonopolet";"2902501";"Equipo Navazos La Bota 77 de Florpower 2015";"Equipo Navazos La Bota 77 de Florpower";"2015";"319.9";"0.75";"426.53";"White wine";"Glass";"12";"3.5544443"
"Vinmonopolet";"2903102";"Kracher Non Vintage Trockenbeerenauslese";"Kracher Non Vintage Trockenbeerenauslese";"0";"239";"0.38";"637.33";"White wine";"Glass";"11";"5.7177033"
"Vinmonopolet";"2903201";"Patrice Moreux Pouilly-FumÃ© 2017";"Patrice Moreux Pouilly-FumÃ©";"2017";"249";"0.75";"332";"White wine";"Glass";"13";"2.5538461"
"Vinmonopolet";"2903301";"Patrice Moreux Sancerre 2018";"Patrice Moreux Sancerre";"2018";"254";"0.75";"338.67";"White wine";"Glass";"13";"2.6051283"
"Vinmonopolet";"2903401";"Ãnima Negra Ãn/2 2017";"Ãnima Negra Ãn/2";"2017";"309";"0.75";"412";"RÃ¸dvin";"Glass";"13";"3.1692307"
"Vinmonopolet";"2903501";"Ãnima Negra Ãn 2012";"Ãnima Negra Ãn";"2012";"499";"0.75";"665.33";"RÃ¸dvin";"Glass";"13.5";"4.9283953"
"Vinmonopolet";"2904806";"PrÃ­ncipe de Viana EdiciÃ³n Limitada 2014";"PrÃ­ncipe de Viana EdiciÃ³n Limitada";"2014";"439.9";"3";"146.63";"RÃ¸dvin";"Bag-in-box";"13";"1.1279488"
"Vinmonopolet";"2905101";"Vieux Ch. Saint-AndrÃ© 2014";"Vieux Ch. Saint-AndrÃ©";"2014";"199.8";"0.75";"266.4";"RÃ¸dvin";"Glass";"13";"2.0492308"
"Vinmonopolet";"2927201";"Mengoba Brezo Blanca 2018";"Mengoba Brezo Blanca";"2018";"192.9";"0.75";"257.2";"White wine";"Glass";"12.5";"2.0576"
"Vinmonopolet";"2928001";"Non Dos Sisto Na 2016";"Non Dos Sisto Na";"2016";"349.9";"0.75";"466.53";"RÃ¸dvin";"Glass";"13.5";"3.4558024"
"Vinmonopolet";"2938502";"Grimbergen Blonde";"Grimbergen Blonde";"0";"43.3";"0.33";"131.21";"Light ale";"Glass";"6.7";"1.9583898"
"Vinmonopolet";"2939802";"Brooklyn Sorachi Ace";"Brooklyn Sorachi Ace";"0";"45.9";"0.35";"129.3";"Saison farmhouse ale";"Glass";"7.2";"1.8214287"
"Vinmonopolet";"2940101";"Niepoort Lagar de Baixo 2017";"Niepoort Lagar de Baixo";"2017";"249.9";"0.75";"333.2";"RÃ¸dvin";"Glass";"12.5";"2.6655998"
"Vinmonopolet";"2941101";"Niepoort Poeirinho 2014";"Niepoort Poeirinho";"2014";"359.9";"0.75";"479.87";"RÃ¸dvin";"Glass";"11";"4.3624244"
"Vinmonopolet";"2941901";"Gianni Gagliardo Villa M CuvÃ©e Dolce";"Gianni Gagliardo Villa M CuvÃ©e Dolce";"0";"140.2";"0.75";"186.93";"Sparkling wine";"Glass";"6.5";"2.8758974"
"Vinmonopolet";"2944201";"Niepoort Vinhas Velhas Branco 2015";"Niepoort Vinhas Velhas Branco";"2015";"349.9";"0.75";"466.53";"White wine";"Glass";"11.5";"4.0568113"
"Vinmonopolet";"2945101";"Niepoort Conciso 2014";"Niepoort Conciso";"2014";"419.9";"0.75";"559.87";"RÃ¸dvin";"Glass";"12";"4.6655555"
"Vinmonopolet";"2952706";"La Bella Barbera 2018";"La Bella Barbera";"2018";"409.9";"3";"136.63";"RÃ¸dvin";"Bag-in-box";"13";"1.0510256"
"Vinmonopolet";"2953201";"Benito Ferrara Greco di Tufo Vigna Cicogna 2018";"Benito Ferrara Greco di Tufo Vigna Cicogna";"2018";"282.6";"0.75";"376.8";"White wine";"Glass";"13.5";"2.7911112"
"Vinmonopolet";"2961701";"Luigi Oddero Barolo 2012";"Luigi Oddero Barolo";"2012";"359.9";"0.75";"479.87";"RÃ¸dvin";"Glass";"14";"3.427619"
"Vinmonopolet";"2961901";"Monte del FrÃ¡ Skravlevin Corvina 2017";"Monte del FrÃ¡ Skravlevin Corvina";"2017";"159.9";"0.75";"213.2";"RÃ¸dvin";"Glass";"13";"1.64"
"Vinmonopolet";"2961906";"Monte del FrÃ¡ Skravlevin Corvina 2016";"Monte del FrÃ¡ Skravlevin Corvina";"2016";"489.9";"3";"163.3";"RÃ¸dvin";"Bag-in-box";"13";"1.2561538"
"Vinmonopolet";"2966101";"Terre di Kama Catarratto Pinot Grigio 2017";"Terre di Kama Catarratto Pinot Grigio";"2017";"142.9";"0.75";"190.53";"White wine";"Glass";"12.5";"1.5242666"
"Vinmonopolet";"2969102";"Oremus Tokaji Late Harvest 2017";"Oremus Tokaji Late Harvest";"2017";"289.9";"0.5";"579.8";"White wine";"Glass";"11.5";"5.041739"
"Vinmonopolet";"2977601";"Dom. de Bellene Bourgogne Maison Dieu Pinot Noir VV 2018";"Dom. de Bellene Bourgogne Maison Dieu Pinot Noir VV";"2018";"299.9";"0.75";"399.87";"RÃ¸dvin";"Glass";"13.5";"2.9619753"
"Vinmonopolet";"2977701";"Dom. de Bellene CÃ´te de Nuits-Villages VV 2017";"Dom. de Bellene CÃ´te de Nuits-Villages VV";"2017";"379.9";"0.75";"506.53";"RÃ¸dvin";"Glass";"13.5";"3.7520988"
"Vinmonopolet";"2980401";"Fontanafredda Silver Barbaresco 2014";"Fontanafredda Silver Barbaresco";"2014";"329.9";"0.75";"439.87";"RÃ¸dvin";"Glass";"13.5";"3.2582715"
"Vinmonopolet";"2980501";"Fontanafredda Silver Barbera d'Alba 2018";"Fontanafredda Silver Barbera d'Alba";"2018";"165.9";"0.75";"221.2";"RÃ¸dvin";"Glass";"13.5";"1.6385185"
"Vinmonopolet";"2980601";"Trimbach Pinot Gris RÃ©serve 2016";"Trimbach Pinot Gris RÃ©serve";"2016";"274.9";"0.75";"366.53";"White wine";"Glass";"13.5";"2.7150617"
"Vinmonopolet";"2980701";"Dom. de Bellene Savigny-Les-Beaune 2018";"Dom. de Bellene Savigny-Les-Beaune";"2018";"299.9";"0.75";"399.87";"White wine";"Glass";"13";"3.0758975"
"Vinmonopolet";"2980801";"Fernand et Laurent Pillot Chassagne-Montrachet Morgeot 2016";"Fernand et Laurent Pillot Chassagne-Montrachet Morgeot";"2016";"549";"0.75";"732";"White wine";"Glass";"13.5";"5.422222"
"Vinmonopolet";"2985501";"Scavino Barolo Bric del Fiasc 2014";"Scavino Barolo Bric del Fiasc";"2014";"999.9";"0.75";"1333.2";"RÃ¸dvin";"Glass";"14.5";"9.194483"
"Vinmonopolet";"2985505";"Scavino Barolo Bric del Fiasc 2014";"Scavino Barolo Bric del Fiasc";"2014";"2099.9";"1.5";"1399.93";"RÃ¸dvin";"Glass";"14.5";"9.654712"
"Vinmonopolet";"2985601";"Barolo Carobric 2014";"Barolo Carobric";"2014";"869.9";"0.75";"1159.87";"RÃ¸dvin";"Glass";"14.5";"7.9990807"
"Vinmonopolet";"2995201";"Abbazia di Novacella Alto Adige Valle Isarco Riesling 2014";"Abbazia di Novacella Alto Adige Valle Isarco Riesling";"2014";"248.9";"0.75";"331.87";"White wine";"Glass";"13.5";"2.4582715"
"Vinmonopolet";"3000101";"Azelia Barolo 2011";"Azelia Barolo";"2011";"399";"0.75";"532";"RÃ¸dvin";"Glass";"14.5";"3.6689656"
"Vinmonopolet";"3000201";"Cant. Valenti Norma Etna Rosso 2012";"Cant. Valenti Norma Etna Rosso";"2012";"179";"0.75";"238.67";"RÃ¸dvin";"Glass";"13.5";"1.7679012"
"Vinmonopolet";"3002401";"Havana Club 7 AÃ±os";"Havana Club 7 AÃ±os";"0";"419.9";"0.7";"599.86";"Rum";"Glass";"40";"1.4996428"
"Vinmonopolet";"3002501";"Ricard";"Ricard";"0";"409.9";"0.7";"585.57";"Other spirit";"Glass";"45";"1.3012699"
"Vinmonopolet";"3002602";"Estrella Inedit";"Estrella Inedit";"0";"45.5";"0.33";"137.88";"HveteÃ¸l";"Glass";"4.8";"2.8724744"
"Vinmonopolet";"3003001";"Carm Reserva 2016";"Carm Reserva";"2016";"249.9";"0.75";"333.2";"RÃ¸dvin";"Glass";"14";"2.3799999"
"Vinmonopolet";"3003201";"Carm SO2 Free 2011";"Carm SO2 Free";"2011";"269";"0.75";"358.67";"RÃ¸dvin";"Glass";"13.5";"2.65679"
"Vinmonopolet";"3003301";"Espelt Old Vines Garnacha Blanca 2018";"Espelt Old Vines Garnacha Blanca";"2018";"149.9";"0.75";"199.87";"White wine";"Glass";"13";"1.5374359"
"Vinmonopolet";"3003501";"Espelt Old Vines Garnacha 2018";"Espelt Old Vines Garnacha";"2018";"139.9";"0.75";"186.53";"RÃ¸dvin";"Glass";"13";"1.4348717"
"Vinmonopolet";"3003506";"Espelt Old Vines Garnacha 2018";"Espelt Old Vines Garnacha";"2018";"449.9";"3";"149.97";"RÃ¸dvin";"Bag-in-box";"13";"1.1535897"
"Vinmonopolet";"3003801";"By Braastad Cocktail Edition";"By Braastad Cocktail Edition";"0";"469.9";"0.7";"671.29";"Grape spirit";"Glass";"45";"1.4917461"
"Vinmonopolet";"3004101";"Lysholm Linie Madeira Casks";"Lysholm Linie Madeira Casks";"0";"499.9";"0.7";"714.14";"Aquavit";"Glass";"41.5";"1.7208261"
"Vinmonopolet";"3004701";"Defaix Chablis Vieilles Vignes 2015";"Defaix Chablis Vieilles Vignes";"2015";"256.9";"0.75";"342.53";"White wine";"Glass";"12.5";"2.7402666"
"Vinmonopolet";"3005001";"Reverdy Sancerre 2019";"Reverdy Sancerre";"2019";"234";"0.75";"312";"White wine";"Glass";"13";"2.4"
"Vinmonopolet";"3005502";"Rolet Arbois Vin de Paille 2015";"Rolet Arbois Vin de Paille";"2015";"380";"0.38";"1013.33";"White wine";"Glass";"15";"6.666667"
"Vinmonopolet";"3006301";"Rolet L'Etoile Chardonnay 2017";"Rolet L'Etoile Chardonnay";"2017";"249.9";"0.75";"333.2";"White wine";"Glass";"13";"2.563077"
"Vinmonopolet";"3006901";"Sandeman White Porto";"Sandeman White Porto";"0";"197.9";"0.75";"263.87";"Port wine";"Glass";"19.5";"1.3531624"
"Vinmonopolet";"3007001";"Martell X.O.";"Martell X.O.";"0";"1200";"0.7";"1714.29";"Grape spirit";"Glass";"40";"4.285714"
"Vinmonopolet";"3007201";"Chivas Royal Salute 21 YO";"Chivas Royal Salute 21 YO";"0";"1399";"0.7";"1998.57";"Whisky";"Glass";"40";"4.9964285"
"Vinmonopolet";"3007701";"ViÃ±a Zorzal Graciano 2013";"ViÃ±a Zorzal Graciano";"2013";"139.7";"0.75";"186.27";"RÃ¸dvin";"Glass";"13.5";"1.3797531"
"Vinmonopolet";"3007801";"Gotas de Mar AlbariÃ±o 2017";"Gotas de Mar AlbariÃ±o";"2017";"199.9";"0.75";"266.53";"White wine";"Glass";"13";"2.0502563"
"Vinmonopolet";"3007805";"Gotas del Mar AlbariÃ±o 2016";"Gotas del Mar AlbariÃ±o";"2016";"420";"1.5";"280";"White wine";"Glass";"13.5";"2.074074"
"Vinmonopolet";"3007901";"Dal Nostro Giardino Barbaresco 2012";"Dal Nostro Giardino Barbaresco";"2012";"189.9";"0.75";"253.2";"RÃ¸dvin";"Glass";"14";"1.8085713"
"Vinmonopolet";"3008501";"Clos de L'Obac Priorat 2006";"Clos de L'Obac Priorat";"2006";"842.7";"0.75";"1123.6";"RÃ¸dvin";"Glass";"14.5";"7.7489657"
"Vinmonopolet";"3009101";"Familia Oliveda Cava Brut RosÃ©";"Familia Oliveda Cava Brut RosÃ©";"0";"149.6";"0.75";"199.47";"Sparkling wine";"Glass";"11.5";"1.7344928"
"Vinmonopolet";"3009401";"Familia Oliveda Cava Brut Jove";"Familia Oliveda Cava Brut Jove";"0";"149.6";"0.75";"199.47";"Sparkling wine";"Glass";"11.5";"1.7344928"
"Vinmonopolet";"3009501";"Monastero Campanaio";"Monastero Campanaio";"0";"399.1";"0.75";"532.13";"RÃ¸dvin";"Glass";"13.5";"3.9417284"
"Vinmonopolet";"3009505";"Monastero Campanaio";"Monastero Campanaio";"0";"798.8";"1.5";"532.53";"RÃ¸dvin";"Glass";"13.5";"3.9446912"
"Vinmonopolet";"3009601";"Monastero La Pineta";"Monastero La Pineta";"0";"399.1";"0.75";"532.13";"RÃ¸dvin";"Glass";"13.5";"3.9417284"
"Vinmonopolet";"3009605";"Monastero La Pineta";"Monastero La Pineta";"0";"798.8";"1.5";"532.53";"RÃ¸dvin";"Glass";"13.5";"3.9446912"
"Vinmonopolet";"3009706";"Ramon Ramos Tinta de Toro";"Ramon Ramos Tinta de Toro";"2017";"452.8";"3";"150.93";"RÃ¸dvin";"Bag-in-box";"14";"1.0780952"
"Vinmonopolet";"3009901";"Tombacco Moscato Frizzante";"Tombacco Moscato Frizzante";"0";"139.4";"0.75";"185.87";"Sparkling white wine";"Glass";"7.5";"2.4782221"
"Vinmonopolet";"3010001";"Rocca di Frassinello Ornello";"Rocca di Frassinello Ornello";"0";"259.5";"0.75";"346";"RÃ¸dvin";"Glass";"14";"2.4714286"
"Vinmonopolet";"3010005";"Rocca di Frassinello Ornello";"Rocca di Frassinello Ornello";"0";"499.2";"1.5";"332.8";"RÃ¸dvin";"Glass";"14";"2.377143"
"Vinmonopolet";"3010501";"K.H. Schneider SchlossbÃ¶ckelheim Vulkanstein Riesling trocken 2016";"K.H. Schneider SchlossbÃ¶ckelheim Vulkanstein Riesling trocken";"2016";"249.9";"0.75";"333.2";"White wine";"Glass";"12";"2.7766666"
"Vinmonopolet";"3010705";"Matassa CuvÃ©e Marguerite 2018";"Matassa CuvÃ©e Marguerite";"2018";"659.9";"1.5";"439.93";"White wine";"Glass";"10.5";"4.1898413"
"Vinmonopolet";"3011501";"Ciacci Piccolomini d`Aragona Rosso di Montalcino 2016";"Ciacci Piccolomini d`Aragona Rosso di Montalcino";"2016";"389.5";"0.75";"519.33";"RÃ¸dvin";"Glass";"14";"3.709524"
"Vinmonopolet";"3011701";"Ciacci Piccolomini d`Aragona Brunello di Montalcino 2014";"Ciacci Piccolomini d`Aragona Brunello di Montalcino";"2014";"659.9";"0.75";"879.87";"RÃ¸dvin";"Glass";"14.5";"6.068046"
"Vinmonopolet";"3012101";"Markus Molitor Tradition Riesling 2018";"Markus Molitor Tradition Riesling";"2018";"134.9";"0.75";"179.87";"White wine";"Glass";"11.5";"1.564058"
"Vinmonopolet";"3012501";"Glenmorangie 18 Years Old";"Glenmorangie 18 Years Old";"0";"1039.9";"0.7";"1485.57";"Whisky";"Glass";"43";"3.4548175"
"Vinmonopolet";"3014201";"Quinta da Sequeira Tinto 2014";"Quinta da Sequeira Tinto";"2014";"149.9";"0.75";"199.87";"RÃ¸dvin";"Glass";"14";"1.427619"
"Vinmonopolet";"3014801";"Dom. Guillot-Broux Beaumont 2014";"Dom. Guillot-Broux Beaumont";"2014";"229.9";"0.75";"306.53";"RÃ¸dvin";"Glass";"12.5";"2.4522667"
"Vinmonopolet";"3015102";"Eiker IPA";"Eiker IPA";"0";"63.5";"0.33";"192.42";"India pale ale";"Glass";"6.6";"2.9155188"
"Vinmonopolet";"3015501";"Les Dauphins CÃ´tes du RhÃ´ne 2018";"Les Dauphins CÃ´tes du RhÃ´ne";"2018";"164.9";"0.75";"219.87";"RÃ¸dvin";"Glass";"14";"1.5704762"
"Vinmonopolet";"3015701";"Ricossa Barbera Appassimento 2018";"Ricossa Barbera Appassimento";"2018";"149.9";"0.75";"199.87";"RÃ¸dvin";"Glass";"13.5";"1.4804938"
"Vinmonopolet";"3016101";"Black Stallion Napa Valley Cabernet Sauvignon 2016";"Black Stallion Napa Valley Cabernet Sauvignon";"2016";"299.9";"0.75";"399.87";"RÃ¸dvin";"Glass";"14.5";"2.7577012"
"Vinmonopolet";"3016201";"Tullamore Dew";"Tullamore Dew";"0";"419.9";"0.7";"599.86";"Whisky";"Glass";"40";"1.4996428"
"Vinmonopolet";"3016202";"Tullamore Dew";"Tullamore Dew";"0";"249.9";"0.35";"714";"Whisky";"Glass";"40";"1.785"
"Vinmonopolet";"3016601";"Wachter Wiesler Ried Weinberg BlaufrÃ¤nkisch 2015";"Wachter Wiesler Ried Weinberg BlaufrÃ¤nkisch";"2015";"319.9";"0.75";"426.53";"RÃ¸dvin";"Glass";"13.5";"3.159506"
"Vinmonopolet";"3016901";"Wachter Wiesler Eisenberg Alte Reben BlaufrÃ¤nkish 2014";"Wachter Wiesler Eisenberg Alte Reben BlaufrÃ¤nkish";"2014";"489.9";"0.75";"653.2";"RÃ¸dvin";"Glass";"13.5";"4.8385186"
"Vinmonopolet";"3017101";"Cottini Amarone della Valpolicella 2014";"Cottini Amarone della Valpolicella";"2014";"370";"0.75";"493.33";"RÃ¸dvin";"Glass";"15.5";"3.1827958"
"Vinmonopolet";"3017201";"Cottini Valpolicella Ripasso 2016";"Cottini Valpolicella Ripasso";"2016";"230";"0.75";"306.67";"RÃ¸dvin";"Glass";"14.5";"2.1149426"
"Vinmonopolet";"3017301";"Cottini Valpolicella Classico 2019";"Cottini Valpolicella Classico";"2019";"190";"0.75";"253.33";"RÃ¸dvin";"Glass";"12.5";"2.0266666"
"Vinmonopolet";"3017501";"Mouton Cadet Saint Emilion RÃ©serve 2013";"Mouton Cadet Saint Emilion RÃ©serve";"2013";"329.9";"0.75";"439.87";"RÃ¸dvin";"Glass";"12.5";"3.5189333"
"Vinmonopolet";"3017801";"Penfolds Koonunga Hill Shiraz Cabernet 2018";"Penfolds Koonunga Hill Shiraz Cabernet";"2018";"146.9";"0.75";"195.87";"RÃ¸dvin";"Glass";"14.5";"1.3508046"
"Vinmonopolet";"3018001";"Finca Museum Numerus Clausus 2009";"Finca Museum Numerus Clausus";"2009";"719.4";"0.75";"959.2";"RÃ¸dvin";"Glass";"14.5";"6.615173"
"Vinmonopolet";"3019101";"Poggerino Chianti Classico 2017";"Poggerino Chianti Classico";"2017";"304";"0.75";"405.33";"RÃ¸dvin";"Glass";"14.5";"2.7954023"
"Vinmonopolet";"3019301";"Poggerino Bugialla Chianti Classico Riserva 2014";"Poggerino Bugialla Chianti Classico Riserva";"2014";"414";"0.75";"552";"RÃ¸dvin";"Glass";"14";"3.942857"
"Vinmonopolet";"3019601";"Klein Constantia Cabernet Sauvignon 2015";"Klein Constantia Cabernet Sauvignon";"2015";"289.9";"0.75";"386.53";"RÃ¸dvin";"Glass";"14.5";"2.6657472"
"Vinmonopolet";"3019701";"Kendall-Jackson Vintner's Reserve Pinot Noir 2017";"Kendall-Jackson Vintner's Reserve Pinot Noir";"2017";"299.9";"0.75";"399.87";"RÃ¸dvin";"Glass";"14.5";"2.7577012"
"Vinmonopolet";"3021801";"Balvenie Doublewood 12 YO";"Balvenie Doublewood 12 YO";"0";"649.9";"0.7";"928.43";"Whisky";"Glass";"40";"2.3210716"
"Vinmonopolet";"3022401";"Schmitt Gewurztraminer Glintzberg 2014";"Schmitt Gewurztraminer Glintzberg";"2014";"234";"0.75";"312";"White wine";"Glass";"13.4";"2.3283582"
"Vinmonopolet";"3026101";"Ch. Gravas 2016";"Ch. Gravas";"2016";"328";"0.75";"437.33";"White wine";"Glass";"13.5";"3.2395062"
"Vinmonopolet";"3026402";"Brocard Sainte Claire Chablis 2018";"Brocard Sainte Claire Chablis";"2018";"139.9";"0.38";"373.07";"White wine";"Glass";"13";"2.8319838"
"Vinmonopolet";"3026501";"Brocard MontÃ©e de Tonnerre Chablis 1. Cru 2015";"Brocard MontÃ©e de Tonnerre Chablis 1. Cru";"2015";"389.9";"0.75";"519.87";"White wine";"Glass";"13";"3.9989743"
"Vinmonopolet";"3027001";"Vaona Paverno Amarone della Valpolicella Classico 2014";"Vaona Paverno Amarone della Valpolicella Classico";"2014";"359";"0.75";"478.67";"RÃ¸dvin";"Glass";"15.5";"3.088172"
"Vinmonopolet";"3027301";"Montagnola Rodeo Colli Tortonesi Barbera 2013";"Montagnola Rodeo Colli Tortonesi Barbera";"2013";"294";"0.75";"392";"RÃ¸dvin";"Glass";"14.5";"2.7034483"
"Vinmonopolet";"3027501";"Valle Reale Montepulciano d'Abruzzo 2017";"Valle Reale Montepulciano d'Abruzzo";"2017";"174.9";"0.75";"233.2";"RÃ¸dvin";"Glass";"12.5";"1.8656"
"Vinmonopolet";"3027701";"Valle Reale Vigna di Capestrano Trebbiano d'Abruzzo 2015";"Valle Reale Vigna di Capestrano Trebbiano d'Abruzzo";"2015";"409.9";"0.75";"546.53";"White wine";"Glass";"12.5";"4.372267"
"Vinmonopolet";"3028801";"Sancerre La Grande Chatelaine 2014";"Sancerre La Grande Chatelaine";"2014";"419";"0.75";"558.67";"White wine";"Glass";"14";"3.9904761"
"Vinmonopolet";"3029501";"Dupont Bons VÃ¦ux";"Dupont Bons VÃ¦ux";"0";"135";"0.75";"180";"Trappist";"Glass";"9.5";"1.8947369"
"Vinmonopolet";"3029505";"Dupont Bons VÃ¦ux";"Dupont Bons VÃ¦ux";"0";"330";"1.5";"220";"Trappist";"Glass";"9.5";"2.3157895"
"Vinmonopolet";"3031001";"Courvoisier NapolÃ©on";"Courvoisier NapolÃ©on";"0";"966.9";"0.7";"1381.29";"Grape spirit";"Glass";"40";"3.4532144"
"Vinmonopolet";"3031101";"Courvoisier X.O.";"Courvoisier X.O.";"0";"1359.9";"0.7";"1942.71";"Grape spirit";"Glass";"40";"4.856786"
"Vinmonopolet";"3031402";"Dupont Moinette Blonde";"Dupont Moinette Blonde";"0";"57";"0.33";"172.73";"Trappist";"Glass";"8.5";"2.0320854"
"Vinmonopolet";"3031601";"Dupont Cervesia";"Dupont Cervesia";"0";"119.9";"0.75";"159.87";"Saison farmhouse ale";"Glass";"8";"1.9983333"
"Vinmonopolet";"3031901";"Dartigalongue Bas Armagnac X.O.";"Dartigalongue Bas Armagnac X.O.";"0";"589.9";"0.7";"842.71";"Grape spirit";"Glass";"40";"2.1067858"
"Vinmonopolet";"3032201";"Ratti Barolo Marcenasco 2016";"Ratti Barolo Marcenasco";"2016";"359.9";"0.75";"479.87";"RÃ¸dvin";"Glass";"14";"3.427619"
"Vinmonopolet";"3034901";"JosÃ© de Sousa 2017";"JosÃ© de Sousa";"2017";"239.9";"0.75";"319.87";"RÃ¸dvin";"Glass";"14.5";"2.205977"
"Vinmonopolet";"3035001";"JosÃ© Maria da Fonseca Quinta de Camarate 2015";"JosÃ© Maria da Fonseca Quinta de Camarate";"2015";"194.9";"0.75";"259.87";"RÃ¸dvin";"Glass";"13.5";"1.9249382"
"Vinmonopolet";"3035401";"Alambre Moscatel de SetÃºbal 2015";"Alambre Moscatel de SetÃºbal";"2015";"214.9";"0.75";"286.53";"Fortified wine";"Glass";"17.5";"1.6373333"
"Vinmonopolet";"3036101";"Saison Dupont";"Saison Dupont";"0";"109";"0.75";"145.33";"Saison farmhouse ale";"Glass";"6.5";"2.2358975"
"Vinmonopolet";"3036801";"Aire by Gazela";"Aire by Gazela";"0";"99.9";"0.75";"133.2";"Sparkling white wine";"Glass";"8.5";"1.5670588"
"Vinmonopolet";"3037101";"Boulard X.O. Calvados Pay d'Auge";"Boulard X.O. Calvados Pay d'Auge";"0";"669.9";"0.7";"957";"Fruit spirit";"Glass";"40";"2.3925002"
"Vinmonopolet";"3037302";"Boudier CrÃ¨me de Cassis de Dijon";"Boudier CrÃ¨me de Cassis de Dijon";"0";"192.1";"0.35";"548.86";"LikÃ¸r";"Glass";"20";"2.7442858"
"Vinmonopolet";"3038501";"Dom. des Tours Vaucluse 2015";"Dom. des Tours Vaucluse";"2015";"299";"0.75";"398.67";"RÃ¸dvin";"Glass";"12";"3.3222222"
"Vinmonopolet";"3038701";"Sierra Cantabria Crianza 2015";"Sierra Cantabria Crianza";"2015";"189.9";"0.75";"253.2";"RÃ¸dvin";"Glass";"14";"1.8085713"
"Vinmonopolet";"3039001";"Grosjean Gamay 2016";"Grosjean Gamay";"2016";"224";"0.75";"298.67";"RÃ¸dvin";"Glass";"13";"2.297436"
"Vinmonopolet";"3041301";"Laroche Petit Chablis 2018";"Laroche Petit Chablis";"2018";"189.9";"0.75";"253.2";"White wine";"Glass";"12";"2.11"
"Vinmonopolet";"3041401";"Laroche Chablis St. Martin 2018";"Laroche Chablis St. Martin";"2018";"264.9";"0.75";"353.2";"White wine";"Glass";"12.5";"2.8256"
"Vinmonopolet";"3041405";"St. Martin Chablis 2018";"St. Martin Chablis";"2018";"489.9";"1.5";"326.6";"White wine";"Glass";"12.5";"2.6128"
"Vinmonopolet";"3041902";"Copperhead Gin";"Copperhead Gin";"0";"529.9";"0.5";"1059.8";"Gin";"Glass";"40";"2.6495001"
"Vinmonopolet";"3042801";"Dopff & Irion Les Murailles Riesling 2010";"Dopff & Irion Les Murailles Riesling";"2010";"199.9";"0.75";"266.53";"White wine";"Glass";"12";"2.221111"
"Vinmonopolet";"3043401";"J. Moreau & Fils Chablis 2018";"J. Moreau & Fils Chablis";"2018";"204.9";"0.75";"273.2";"White wine";"Glass";"12.5";"2.1856"
"Vinmonopolet";"3043405";"J. Moreau Chablis 2018";"J. Moreau Chablis";"2018";"389.9";"1.5";"259.93";"White wine";"Glass";"12.5";"2.0794666"
"Vinmonopolet";"3043601";"J. Moreau & Fils Chablis Grand Cru Valmur 2014";"J. Moreau & Fils Chablis Grand Cru Valmur";"2014";"729.9";"0.75";"973.2";"White wine";"Glass";"13";"7.486154"
"Vinmonopolet";"3044006";"Georges Duboeuf Pinot Noir";"Georges Duboeuf Pinot Noir";"0";"439.9";"3";"146.63";"RÃ¸dvin";"Bag-in-box";"12.5";"1.1730666"
"Vinmonopolet";"3044301";"Santa Tresa Terre Siciliane Frappato 2018";"Santa Tresa Terre Siciliane Frappato";"2018";"154.9";"0.75";"206.53";"RÃ¸dvin";"Glass";"13.5";"1.5298765"
"Vinmonopolet";"3044901";"Ch. Latour-Martillac Rouge 2011";"Ch. Latour-Martillac Rouge";"2011";"448";"0.75";"597.33";"RÃ¸dvin";"Glass";"13.5";"4.424691"
"Vinmonopolet";"3045301";"Soalheiro Vinho Verde Alvarinho 2019";"Soalheiro Vinho Verde Alvarinho";"2019";"189.9";"0.75";"253.2";"White wine";"Glass";"12.5";"2.0256"
"Vinmonopolet";"3045501";"Ch. Latour-Martillac 2012";"Ch. Latour-Martillac";"2012";"499.9";"0.75";"666.53";"RÃ¸dvin";"Glass";"13.5";"4.937284"
"Vinmonopolet";"3045801";"Miss Schmitt Liebfraumilch 2017";"Miss Schmitt Liebfraumilch";"2017";"125.9";"0.75";"167.87";"White wine";"Glass";"8.5";"1.974902"
"Vinmonopolet";"3045901";"Hennessy Paradis";"Hennessy Paradis";"0";"8199.9";"0.7";"11714.14";"Grape spirit";"Glass";"40";"29.285358"
"Vinmonopolet";"3045905";"Hennessy Paradis";"Hennessy Paradis";"0";"21000";"1.5";"14000";"Grape spirit";"Glass";"40";"35"
"Vinmonopolet";"3046201";"Crasto Douro Red 2018";"Crasto Douro Red";"2018";"174.9";"0.75";"233.2";"RÃ¸dvin";"Glass";"14.5";"1.6082758"
"Vinmonopolet";"3047801";"Ch. Latour-Martillac Blanc 2014";"Ch. Latour-Martillac Blanc";"2014";"435";"0.75";"580";"White wine";"Glass";"13";"4.4615383"
"Vinmonopolet";"3047901";"Mouton Cadet Reserve MÃ©doc 2015";"Mouton Cadet Reserve MÃ©doc";"2015";"184.9";"0.75";"246.53";"RÃ¸dvin";"Glass";"12.5";"1.9722666"
"Vinmonopolet";"3048101";"CÃ©bÃ¨ne Les BancÃ¨ls 2013";"CÃ©bÃ¨ne Les BancÃ¨ls";"2013";"262";"0.75";"349.33";"RÃ¸dvin";"Glass";"14";"2.495238"
"Vinmonopolet";"3048602";"XantÃ© Original Poire au Cognac";"XantÃ© Original Poire au Cognac";"0";"319.9";"0.5";"639.8";"LikÃ¸r";"Glass";"38";"1.6836842"
"Vinmonopolet";"3048801";"CÃ©bÃ¨ne Belle Lurette 2015";"CÃ©bÃ¨ne Belle Lurette";"2015";"260";"0.75";"346.67";"RÃ¸dvin";"Glass";"13";"2.6666667"
"Vinmonopolet";"3048901";"Ch. Lanessan 2008";"Ch. Lanessan";"2008";"274.9";"0.75";"366.53";"RÃ¸dvin";"Glass";"13";"2.819487"
"Vinmonopolet";"3049101";"Ch. Rauzan-SÃ©gla 2006";"Ch. Rauzan-SÃ©gla";"2006";"788";"0.75";"1050.67";"RÃ¸dvin";"Glass";"13";"8.082051"
"Vinmonopolet";"3049701";"Colla Dardi Le Rose Barolo Bussia 2011";"Colla Dardi Le Rose Barolo Bussia";"2011";"475";"0.75";"633.33";"RÃ¸dvin";"Glass";"14";"4.5238094"
"Vinmonopolet";"3050401";"Colla Barbaresco Roncaglie 2012";"Colla Barbaresco Roncaglie";"2012";"385.9";"0.75";"514.53";"RÃ¸dvin";"Glass";"14";"3.6752381"
"Vinmonopolet";"3050901";"Luigi Baudana Barolo Cru Baudana 2014";"Luigi Baudana Barolo Cru Baudana";"2014";"498";"0.75";"664";"RÃ¸dvin";"Glass";"13.5";"4.9185185"
"Vinmonopolet";"3051201";"Poggio Antico Brunello di Montalcino 2013";"Poggio Antico Brunello di Montalcino";"2013";"640";"0.75";"853.33";"RÃ¸dvin";"Glass";"14";"6.095238"
"Vinmonopolet";"3051301";"Massolino Barbera d'Alba 2017";"Massolino Barbera d'Alba";"2017";"233.9";"0.75";"311.87";"RÃ¸dvin";"Glass";"14.5";"2.1508045"
"Vinmonopolet";"3051701";"Vajra Dolcetto d'Alba 2018";"Vajra Dolcetto d'Alba";"2018";"192";"0.75";"256";"RÃ¸dvin";"Glass";"13.5";"1.8962963"
"Vinmonopolet";"3051901";"Roches Neuves La Marginale 2012";"Roches Neuves La Marginale";"2012";"359";"0.75";"478.67";"RÃ¸dvin";"Glass";"12.5";"3.8293333"
"Vinmonopolet";"3052301";"Delamain Pale & Dry XO";"Delamain Pale & Dry XO";"0";"789.9";"0.7";"1128.43";"Grape spirit";"Glass";"40";"2.8210716"
"Vinmonopolet";"3052303";"Delamain Pale & Dry XO";"Delamain Pale & Dry XO";"0";"78";"0.05";"1560";"Grape spirit";"Glass";"40";"3.8999999"
"Vinmonopolet";"3052304";"Delamain Pale & Dry Grande Champagne XO";"Delamain Pale & Dry Grande Champagne XO";"0";"250";"0.2";"1250";"Grape spirit";"Glass";"40";"3.125"
"Vinmonopolet";"3052305";"Delamain Pale & Dry XO";"Delamain Pale & Dry XO";"0";"1749";"1.5";"1166";"Grape spirit";"Glass";"40";"2.915"
"Vinmonopolet";"3052307";"Delamain Pale & Dry XO";"Delamain Pale & Dry XO";"0";"3920.1";"3";"1306.7";"Grape spirit";"Glass";"40";"3.26675"
"Vinmonopolet";"3053201";"Drappier Carte dâOr Brut";"Drappier Carte dâOr Brut";"0";"319.9";"0.75";"426.53";"Champagne, brut";"Glass";"12";"3.5544443"
"Vinmonopolet";"3053205";"Drappier Carte d'Or Brut";"Drappier Carte d'Or Brut";"0";"699.9";"1.5";"466.6";"Champagne, brut";"Glass";"12";"3.8883336"
"Vinmonopolet";"3053301";"Tommasi Valpolicella 2019";"Tommasi Valpolicella";"2019";"169.9";"0.75";"226.53";"RÃ¸dvin";"Glass";"12";"1.8877777"
"Vinmonopolet";"3055801";"Bushmills Malt 16 YO";"Bushmills Malt 16 YO";"0";"1027.9";"0.7";"1468.43";"Whisky";"Glass";"40";"3.6710715"
"Vinmonopolet";"3056901";"Veuve Cliquot Demi-Sec";"Veuve Cliquot Demi-Sec";"0";"464.9";"0.75";"619.87";"Champagne, other";"Glass";"12";"5.1655555"
"Vinmonopolet";"3058301";"Dom. Tariquet Classic 2019";"Dom. Tariquet Classic";"2019";"119.9";"0.75";"159.87";"White wine";"Glass";"10.5";"1.5225397"
"Vinmonopolet";"3058501";"Dom. Tariquet XO Bas Armagnac";"Dom. Tariquet XO Bas Armagnac";"0";"669.9";"0.7";"957";"Grape spirit";"Glass";"40";"2.3925002"
"Vinmonopolet";"3060901";"Castelnau de Suduiraut 2010";"Castelnau de Suduiraut";"2010";"319";"0.75";"425.33";"White wine";"Glass";"14";"3.0380952"
"Vinmonopolet";"3061501";"Blue Nun Gold Edition";"Blue Nun Gold Edition";"0";"129.9";"0.75";"173.2";"Flavoured wine	";"Glass";"11";"1.5745454"
"Vinmonopolet";"3061504";"Blue Nun Sparkling Gold Edition";"Blue Nun Sparkling Gold Edition";"0";"49.9";"0.2";"249.5";"Flavoured wine	";"Glass";"11";"2.2681818"
"Vinmonopolet";"3063601";"Comando G La Bruja de Rozas 2018";"Comando G La Bruja de Rozas";"2018";"274.9";"0.75";"366.53";"RÃ¸dvin";"Glass";"14.5";"2.527816"
"Vinmonopolet";"3065001";"Valdo Spritz Time";"Valdo Spritz Time";"0";"123.4";"0.75";"164.53";"Flavoured wine	";"Glass";"8.5";"1.9356863"
"Vinmonopolet";"3065801";"Captain Morgan Spiced Gold";"Captain Morgan Spiced Gold";"0";"339.9";"0.7";"485.57";"Other spirit";"Glass";"35";"1.387347"
"Vinmonopolet";"3065802";"Captain Morgan Spiced Gold";"Captain Morgan Spiced Gold";"0";"199.9";"0.35";"571.14";"Other spirit";"Glass";"35";"1.6318368"
"Vinmonopolet";"3065805";"Captain Morgan Spiced Gold";"Captain Morgan Spiced Gold";"0";"689.9";"1.5";"459.93";"Other spirit";"Glass";"35";"1.3140953"
"Vinmonopolet";"3067201";"Bombay Sapphire London Dry";"Bombay Sapphire London Dry";"0";"399.9";"0.7";"571.29";"Gin";"Glass";"40";"1.4282143"
"Vinmonopolet";"3068901";"Charlemagne Blanc de Blancs RÃ©serve, Brut";"Charlemagne Blanc de Blancs RÃ©serve, Brut";"0";"399";"0.75";"532";"Champagne, brut";"Glass";"12";"4.4333334"
"Vinmonopolet";"3068902";"Charlemagne Blanc de Blancs RÃ©serve, Brut";"Charlemagne Blanc de Blancs RÃ©serve, Brut";"0";"239.9";"0.38";"639.73";"Champagne, brut";"Glass";"12";"5.260965"
"Vinmonopolet";"3068905";"Charlemagne Blanc de Blancs RÃ©serve, Brut";"Charlemagne Blanc de Blancs RÃ©serve, Brut";"0";"999.9";"1.5";"666.6";"Champagne, brut";"Glass";"12";"5.5550003"
"Vinmonopolet";"3069601";"Casa Real 2012";"Casa Real";"2012";"750";"0.75";"1000";"RÃ¸dvin";"Glass";"14";"7.142857"
"Vinmonopolet";"3070501";"Henry Natter Sancerre 2018";"Henry Natter Sancerre";"2018";"219.9";"0.75";"293.2";"White wine";"Glass";"14";"2.0942857"
"Vinmonopolet";"3071601";"Fabien Jouves Tu Vin Plus aux SoirÃ©es 2017";"Fabien Jouves Tu Vin Plus aux SoirÃ©es";"2017";"224.9";"0.75";"299.87";"RÃ¸dvin";"Glass";"13";"2.3066666"
"Vinmonopolet";"3071801";"Mas del PÃ©riÃ© Les Escures 2017";"Mas del PÃ©riÃ© Les Escures";"2017";"219.9";"0.75";"293.2";"RÃ¸dvin";"Glass";"12.5";"2.3456"
"Vinmonopolet";"3072601";"La Vieille Ferme 2019";"La Vieille Ferme";"2019";"139.9";"0.75";"186.53";"RÃ¸dvin";"Glass";"13";"1.4348717"
"Vinmonopolet";"3072605";"La Vieille Ferme 2018";"La Vieille Ferme";"2018";"299.9";"1.5";"199.93";"RÃ¸dvin";"Glass";"13.5";"1.4809877"
"Vinmonopolet";"3072606";"La Vieille Ferme";"La Vieille Ferme";"2018";"479.9";"3";"159.97";"RÃ¸dvin";"Bag-in-box";"13.5";"1.1849383"
"Vinmonopolet";"3073502";"Ch. Gravas 2016";"Ch. Gravas";"2016";"185";"0.38";"493.33";"White wine";"Glass";"13.5";"3.606238"
"Vinmonopolet";"3073601";"Dom. de la Solitude 2014";"Dom. de la Solitude";"2014";"345";"0.75";"460";"White wine";"Glass";"13";"3.5384614"
"Vinmonopolet";"3074101";"Delamain Ancestral Grande Champagne Cask #116-181";"Delamain Ancestral Grande Champagne Cask #116-181";"0";"3750";"0.7";"5357.14";"Grape spirit";"Glass";"43";"12.458472"
"Vinmonopolet";"3074301";"Delamain TrÃ¨s VÃ©nÃ©rÃ©";"Delamain TrÃ¨s VÃ©nÃ©rÃ©";"0";"2440";"0.7";"3485.71";"Grape spirit";"Glass";"40";"8.714286"
"Vinmonopolet";"3074701";"De Chastenay CrÃ©mant de Bourgogne Blanc de Blancs Brut";"De Chastenay CrÃ©mant de Bourgogne Blanc de Blancs Brut";"0";"204.9";"0.75";"273.2";"Sparkling wine";"Glass";"12.5";"2.1856"
"Vinmonopolet";"3079001";"Quinta dos Roques 2016";"Quinta dos Roques";"2016";"179.9";"0.75";"239.87";"RÃ¸dvin";"Glass";"13.5";"1.77679"
"Vinmonopolet";"3079306";"Le Mas";"Le Mas";"0";"405.4";"3";"135.13";"RÃ¸dvin";"Bag-in-box";"13.5";"1.0009876"
"Vinmonopolet";"3079701";"Pago de Carraovejas Cuesta de las Liebres 2014";"Pago de Carraovejas Cuesta de las Liebres";"2014";"1299.8";"0.75";"1733.07";"RÃ¸dvin";"Glass";"15.5";"11.181076"
"Vinmonopolet";"3080801";"Boffa Vigna Cua Longa Barbera d'Asti 2015";"Boffa Vigna Cua Longa Barbera d'Asti";"2015";"245";"0.75";"326.67";"RÃ¸dvin";"Glass";"13";"2.5128205"
"Vinmonopolet";"3081201";"La Costa Brigante 2013";"La Costa Brigante";"2013";"239.9";"0.75";"319.87";"RÃ¸dvin";"Glass";"12.5";"2.5589333"
"Vinmonopolet";"3081701";"Robert Mondavi Woodbridge Zinfandel 2014";"Robert Mondavi Woodbridge Zinfandel";"2014";"159.9";"0.75";"213.2";"RÃ¸dvin";"Glass";"13.5";"1.5792592"
"Vinmonopolet";"3083101";"Taylor's 10 Year Old Tawny";"Taylor's 10 Year Old Tawny";"0";"339.9";"0.75";"453.2";"Port wine";"Glass";"20";"2.266"
"Vinmonopolet";"3083305";"Ch. Campuget Invitation 2014";"Ch. Campuget Invitation";"2014";"359.9";"1.5";"239.93";"RÃ¸dvin";"Glass";"13";"1.845641"
"Vinmonopolet";"3083901";"La Chablisienne Petit Chablis Vibrant 2018";"La Chablisienne Petit Chablis Vibrant";"2018";"189.9";"0.75";"253.2";"White wine";"Glass";"12";"2.11"
"Vinmonopolet";"3084001";"La Chablisienne Chablis CuvÃ©e La Sereine 2016";"La Chablisienne Chablis CuvÃ©e La Sereine";"2016";"209.9";"0.75";"279.87";"White wine";"Glass";"12.5";"2.2389333"
"Vinmonopolet";"3084005";"La Chablisienne Chablis CuvÃ©e La Sereine 2015";"La Chablisienne Chablis CuvÃ©e La Sereine";"2015";"469.9";"1.5";"313.27";"White wine";"Glass";"12.5";"2.5061333"
"Vinmonopolet";"3084402";"Ch. de Campuget RosÃ© 2014";"Ch. de Campuget RosÃ©";"2014";"129.9";"0.38";"346.4";"RosÃ©vin";"Glass";"13";"2.6295545"
"Vinmonopolet";"3085401";"Vigna di Fontalle Chianti Classico Riserva 2013";"Vigna di Fontalle Chianti Classico Riserva";"2013";"259.9";"0.75";"346.53";"RÃ¸dvin";"Glass";"14.5";"2.389885"
"Vinmonopolet";"3085601";"El Ilusionista 2018";"El Ilusionista";"2018";"157.9";"0.75";"210.53";"RÃ¸dvin";"Glass";"14";"1.5038095"
"Vinmonopolet";"3086101";"Janneau Grand Armagnac VS";"Janneau Grand Armagnac VS";"0";"449.9";"0.7";"642.71";"Grape spirit";"Glass";"40";"1.6067858"
"Vinmonopolet";"3086501";"Bod. Trapiche Costa & Pampa Pinot Noir 2015";"Bod. Trapiche Costa & Pampa Pinot Noir";"2015";"229.9";"0.75";"306.53";"RÃ¸dvin";"Glass";"13.5";"2.2706172"
"Vinmonopolet";"3087802";"La Gitana Manzanilla";"La Gitana Manzanilla";"0";"172.9";"0.38";"461.07";"Sherry";"Glass";"15";"3.0333333"
"Vinmonopolet";"3087901";"Calvados Drouin Coeur de Lion V.S.O.P.";"Calvados Drouin Coeur de Lion V.S.O.P.";"0";"689.9";"0.7";"985.57";"Fruit spirit";"Glass";"40";"2.4639287"
"Vinmonopolet";"3088001";"Calvados Drouin Coeur de Lion Hors d'Age";"Calvados Drouin Coeur de Lion Hors d'Age";"0";"999.9";"0.7";"1428.43";"Fruit spirit";"Glass";"42";"3.4010205"
"Vinmonopolet";"3088101";"Calvados Drouin Coeur de Lion 1973";"Calvados Drouin Coeur de Lion";"1973";"2299.9";"0.7";"3285.57";"Fruit spirit";"Glass";"40";"8.213928"
"Vinmonopolet";"3089001";"Cloudy Bay Sauvignon Blanc 2019";"Cloudy Bay Sauvignon Blanc";"2019";"279.9";"0.75";"373.2";"White wine";"Glass";"13";"2.8707693"
"Vinmonopolet";"3089101";"Cinzano Extra Dry";"Cinzano Extra Dry";"0";"159.9";"0.75";"213.2";"Vermouth";"Glass";"14.8";"1.4405404"
"Vinmonopolet";"3089601";"Chateldon Cabernet Sauvignon Reserva 2013";"Chateldon Cabernet Sauvignon Reserva";"2013";"199.9";"0.75";"266.53";"RÃ¸dvin";"Glass";"13";"2.0502563"
"Vinmonopolet";"3089607";"Chateldon Cabernet Sauvignon Reserva 2011";"Chateldon Cabernet Sauvignon Reserva";"2011";"739";"3";"246.33";"RÃ¸dvin";"Glass";"13.5";"1.8246914"
"Vinmonopolet";"3091101";"Mas Amiel 2016";"Mas Amiel";"2016";"295";"0.75";"393.33";"Fortified wine";"Glass";"16.5";"2.3838384"
"Vinmonopolet";"3091102";"Mas Amiel 2015";"Mas Amiel";"2015";"175";"0.38";"466.67";"Fortified wine";"Glass";"16.5";"2.7910686"
"Vinmonopolet";"3091301";"Dom. de la VillaudiÃ¨re Sancerre 2019";"Dom. de la VillaudiÃ¨re Sancerre";"2019";"219.9";"0.75";"293.2";"White wine";"Glass";"13";"2.2553844"
"Vinmonopolet";"3091601";"Ch. Cantenac Brown 2012";"Ch. Cantenac Brown";"2012";"998";"0.75";"1330.67";"RÃ¸dvin";"Glass";"13.5";"9.856791"
"Vinmonopolet";"3093805";"Mastroberardino Radici Taurasi Riserva 2014";"Mastroberardino Radici Taurasi Riserva";"2014";"1100";"1.5";"733.33";"RÃ¸dvin";"Glass";"13.5";"5.432099"
"Vinmonopolet";"3093901";"Miss Schmitt Riesling Trocken";"Miss Schmitt Riesling Trocken";"0";"139.9";"0.75";"186.53";"White wine";"Glass";"11";"1.6957575"
"Vinmonopolet";"3098901";"Muga Reserva 2016";"Muga Reserva";"2016";"284.9";"0.75";"379.87";"RÃ¸dvin";"Glass";"14";"2.7133334"
"Vinmonopolet";"3098905";"Muga Reserva 2016";"Muga Reserva";"2016";"579.9";"1.5";"386.6";"RÃ¸dvin";"Glass";"14";"2.7614286"
"Vinmonopolet";"3099702";"La Chablisienne Chablis CuvÃ©e La Sereine 2015";"La Chablisienne Chablis CuvÃ©e La Sereine";"2015";"125";"0.38";"333.33";"White wine";"Glass";"12.5";"2.631579"
"Vinmonopolet";"3100301";"Dom. du Closel Jalousie SavenniÃ¨re 2016";"Dom. du Closel Jalousie SavenniÃ¨re";"2016";"318.9";"0.75";"425.2";"White wine";"Glass";"13.5";"3.1496296"
"Vinmonopolet";"3101501";"Beringer Zinfandel RosÃ© 2018";"Beringer Zinfandel RosÃ©";"2018";"99.9";"0.75";"133.2";"RosÃ©vin";"Glass";"10";"1.332"
"Vinmonopolet";"3101801";"Sunrise Cabernet Sauvignon 2019";"Sunrise Cabernet Sauvignon";"2019";"98.9";"0.75";"131.87";"RÃ¸dvin";"Glass";"11.5";"1.1466666"
"Vinmonopolet";"3101806";"Sunrise Cabernet Sauvignon 2019";"Sunrise Cabernet Sauvignon";"2019";"359.9";"3";"119.97";"RÃ¸dvin";"Bag-in-box";"11.5";"1.0431883"
"Vinmonopolet";"3102101";"Veuve Clicquot Vintage Reserve Brut 2012";"Veuve Clicquot Vintage Reserve Brut";"2012";"599.9";"0.75";"799.87";"Champagne, brut";"Glass";"12";"6.665556"
"Vinmonopolet";"3102201";"Veuve Clicquot RosÃ© RÃ©serve 2012";"Veuve Clicquot RosÃ© RÃ©serve";"2012";"639.9";"0.75";"853.2";"Champagne, rosÃ©";"Glass";"12";"7.11"
"Vinmonopolet";"3103005";"Dartigalongue Bas Armagnac 1979";"Dartigalongue Bas Armagnac";"1979";"1949.9";"1.5";"1299.93";"Grape spirit";"Glass";"40";"3.2498333"
"Vinmonopolet";"3105501";"Georg Breuer Nonnenberg Riesling 2017";"Georg Breuer Nonnenberg Riesling";"2017";"654.9";"0.75";"873.2";"White wine";"Glass";"12";"7.276667"
"Vinmonopolet";"3105701";"Breuer Berg Schlossberg Riesling 2017";"Breuer Berg Schlossberg Riesling";"2017";"729.9";"0.75";"973.2";"White wine";"Glass";"12";"8.110001"
"Vinmonopolet";"3105901";"Calvados Drouin Coeur de Lion Selection";"Calvados Drouin Coeur de Lion Selection";"0";"479.9";"0.7";"685.57";"Fruit spirit";"Glass";"40";"1.7139286"
"Vinmonopolet";"3110401";"Lenotti Amarone della Valpolicella Classico 2013";"Lenotti Amarone della Valpolicella Classico";"2013";"389.9";"0.75";"519.87";"RÃ¸dvin";"Glass";"15.5";"3.3539784"
"Vinmonopolet";"3112601";"Banfi Brunello di Montalcino 2015";"Banfi Brunello di Montalcino";"2015";"489.9";"0.75";"653.2";"RÃ¸dvin";"Glass";"13.5";"4.8385186"
"Vinmonopolet";"3112605";"Banfi Brunello di Montalcino 2014";"Banfi Brunello di Montalcino";"2014";"1049.9";"1.5";"699.93";"RÃ¸dvin";"Glass";"13.5";"5.1846914"
"Vinmonopolet";"3117403";"Jameson";"Jameson";"0";"49.9";"0.05";"998";"Whisky";"Glass";"40";"2.4950001"
"Vinmonopolet";"3118001";"La Chablisienne Chablis 1er Cru Mont de Milieu 2017";"La Chablisienne Chablis 1er Cru Mont de Milieu";"2017";"389";"0.75";"518.67";"White wine";"Glass";"13";"3.9897435"
"Vinmonopolet";"3119001";"Delane CrÃ©mant de Bourgogne Blanc de Noirs";"Delane CrÃ©mant de Bourgogne Blanc de Noirs";"0";"189.9";"0.75";"253.2";"Sparkling wine";"Glass";"12";"2.11"
"Vinmonopolet";"3119701";"Ch. La Tour Figeac 2014";"Ch. La Tour Figeac";"2014";"749.9";"0.75";"999.87";"RÃ¸dvin";"Glass";"13";"7.6912823"
"Vinmonopolet";"3121301";"Pirouette Fendant du Valais 2016";"Pirouette Fendant du Valais";"2016";"261.9";"0.75";"349.2";"White wine";"Glass";"11.5";"3.0365217"
"Vinmonopolet";"3123601";"Vajra Langhe Rosso 2018";"Vajra Langhe Rosso";"2018";"160";"0.75";"213.33";"RÃ¸dvin";"Glass";"13.5";"1.5802469"
"Vinmonopolet";"3124401";"Guigal Condrieu 2018";"Guigal Condrieu";"2018";"445.1";"0.75";"593.47";"White wine";"Glass";"14.5";"4.0928736"
"Vinmonopolet";"3127302";"Meteor Pils";"Meteor Pils";"0";"37";"0.33";"112.12";"Light lager";"Glass";"5";"2.2424242"
"Vinmonopolet";"3127901";"Castello di Ama Chianti Classico Gran Selezione San Lorenzo 2011";"Castello di Ama Chianti Classico Gran Selezione San Lorenzo";"2011";"375.3";"0.75";"500.4";"RÃ¸dvin";"Glass";"13.5";"3.7066665"
"Vinmonopolet";"3130001";"Il Grigio da San Felice Chianti Classico Riserva 2014";"Il Grigio da San Felice Chianti Classico Riserva";"2014";"325";"0.75";"433.33";"RÃ¸dvin";"Glass";"13";"3.3333333"
"Vinmonopolet";"3131101";"Havana Club AÃ±ejo Especial";"Havana Club AÃ±ejo Especial";"0";"387.9";"0.7";"554.14";"Rum";"Glass";"40";"1.3853571"
"Vinmonopolet";"3131701";"Quinta da Espiga 2017";"Quinta da Espiga";"2017";"139.9";"0.75";"186.53";"RÃ¸dvin";"Glass";"14";"1.3323809"
"Vinmonopolet";"3133001";"Dom. Tariquet PremiÃ¨res Grives 2018";"Dom. Tariquet PremiÃ¨res Grives";"2018";"219.9";"0.75";"293.2";"White wine";"Glass";"11.5";"2.549565"
"Vinmonopolet";"3133501";"Ch. de SÃ©griÃ¨s 2017";"Ch. de SÃ©griÃ¨s";"2017";"199.9";"0.75";"266.53";"RÃ¸dvin";"Glass";"14.5";"1.8381609"
"Vinmonopolet";"3133701";"Dom. d'AndÃ©zon 2018";"Dom. d'AndÃ©zon";"2018";"169.9";"0.75";"226.53";"RÃ¸dvin";"Glass";"14";"1.6180952"
"Vinmonopolet";"3133801";"Jean-Max Roger Sancerre Vieilles Vignes";"Jean-Max Roger Sancerre Vieilles Vignes";"2017";"295";"0.75";"393.33";"White wine";"Glass";"13";"3.025641"
"Vinmonopolet";"3139201";"Bouchard MÃ¢con-Lugny Saint-Pierre 2018";"Bouchard MÃ¢con-Lugny Saint-Pierre";"2018";"215.9";"0.75";"287.87";"White wine";"Glass";"12.5";"2.3029332"
"Vinmonopolet";"3140201";"Cloudy Bay Chardonnay 2017";"Cloudy Bay Chardonnay";"2017";"309.9";"0.75";"413.2";"White wine";"Glass";"13.5";"3.0607407"
"Vinmonopolet";"3140304";"Royal Tokaji Aszu Blue Label 5 Puttonyos 2013";"Royal Tokaji Aszu Blue Label 5 Puttonyos";"2013";"219.9";"0.25";"879.6";"White wine";"Glass";"11";"7.9963636"
"Vinmonopolet";"3148801";"Viviani Valpolicella 2017";"Viviani Valpolicella";"2017";"209.9";"0.75";"279.87";"RÃ¸dvin";"Glass";"13";"2.1528203"
"Vinmonopolet";"3148902";"Viviani Recioto della Valpolicella 2010";"Viviani Recioto della Valpolicella";"2010";"429.9";"0.5";"859.8";"RÃ¸dvin";"Glass";"12.5";"6.8784"
"Vinmonopolet";"3149001";"Viviani Amarone della Valpolicella 2013";"Viviani Amarone della Valpolicella";"2013";"409.9";"0.75";"546.53";"RÃ¸dvin";"Glass";"15.5";"3.5260215"
"Vinmonopolet";"3149101";"Prado Enea Gran Reserva 2011";"Prado Enea Gran Reserva";"2011";"649.9";"0.75";"866.53";"RÃ¸dvin";"Glass";"14";"6.189524"
"Vinmonopolet";"3149201";"Torre Muga Reserva 2015";"Torre Muga Reserva";"2015";"789.9";"0.75";"1053.2";"RÃ¸dvin";"Glass";"14.5";"7.2634487"
"Vinmonopolet";"3150101";"Wyndham Bin 444 Cabernet Sauvignon 2016";"Wyndham Bin 444 Cabernet Sauvignon";"2016";"154.9";"0.75";"206.53";"RÃ¸dvin";"Glass";"14.3";"1.444289"
"Vinmonopolet";"3160501";"Centine 2017";"Centine";"2017";"174.9";"0.75";"233.2";"RÃ¸dvin";"Glass";"13.5";"1.7274073"
"Vinmonopolet";"3160901";"J. Moreau & Fils Saint Bris Sauvignon 2017";"J. Moreau & Fils Saint Bris Sauvignon";"2017";"169.9";"0.75";"226.53";"White wine";"Glass";"12";"1.8877777"
"Vinmonopolet";"3161101";"Bouchard Beaune 1. Cru Marconnets 2013";"Bouchard Beaune 1. Cru Marconnets";"2013";"511.9";"0.75";"682.53";"RÃ¸dvin";"Glass";"13.5";"5.0558023"
"Vinmonopolet";"3161901";"Bouchard Chassagne-Montrachet 2018";"Bouchard Chassagne-Montrachet";"2018";"525.9";"0.75";"701.2";"White wine";"Glass";"13";"5.3938465"
"Vinmonopolet";"3161905";"Bouchard Chassagne-Montrachet 2017";"Bouchard Chassagne-Montrachet";"2017";"1071";"1.5";"714";"White wine";"Glass";"13";"5.4923077"
"Vinmonopolet";"3161907";"Bouchard Chassagne-Montrachet 2015";"Bouchard Chassagne-Montrachet";"2015";"2548.9";"3";"849.63";"White wine";"Glass";"13";"6.5356407"
"Vinmonopolet";"3164401";"Lan Crianza 2016";"Lan Crianza";"2016";"164.9";"0.75";"219.87";"RÃ¸dvin";"Glass";"13.5";"1.628642"
"Vinmonopolet";"3165801";"Villa Pattono 2013";"Villa Pattono";"2013";"359.9";"0.75";"479.87";"RÃ¸dvin";"Glass";"14";"3.427619"
"Vinmonopolet";"3168901";"Gran Lurton Cabernet Sauvignon Reserva 2018";"Gran Lurton Cabernet Sauvignon Reserva";"2018";"219.9";"0.75";"293.2";"RÃ¸dvin";"Glass";"15";"1.9546666"
"Vinmonopolet";"3170001";"Ostertag Pinot Gris Les Jardins 2017";"Ostertag Pinot Gris Les Jardins";"2017";"289.9";"0.75";"386.53";"White wine";"Glass";"13";"2.9733334"
"Vinmonopolet";"3171201";"Louis Jadot Bourgogne Couvent des Jacobins Rouge 2018";"Louis Jadot Bourgogne Couvent des Jacobins Rouge";"2018";"199.9";"0.75";"266.53";"RÃ¸dvin";"Glass";"12.5";"2.1322665"
"Vinmonopolet";"3171205";"Bourgogne Couvent des Jacobins 2017";"Bourgogne Couvent des Jacobins";"2017";"425";"1.5";"283.33";"RÃ¸dvin";"Glass";"12.5";"2.2666667"
"Vinmonopolet";"3175101";"MarquÃ©s de CÃ¡ceres Gran Reserva 2008";"MarquÃ©s de CÃ¡ceres Gran Reserva";"2008";"345";"0.75";"460";"RÃ¸dvin";"Glass";"14.5";"3.1724138"
"Vinmonopolet";"3175105";"MarquÃ©s de CÃ¡ceres Gran Reserva 2011";"MarquÃ©s de CÃ¡ceres Gran Reserva";"2011";"659.9";"1.5";"439.93";"RÃ¸dvin";"Glass";"14";"3.142381"
"Vinmonopolet";"3175401";"Larsen X.O.";"Larsen X.O.";"0";"559.9";"0.7";"799.86";"Grape spirit";"Glass";"40";"1.999643"
"Vinmonopolet";"3175501";"Peter Lehmann Barossa Shiraz 2014";"Peter Lehmann Barossa Shiraz";"2014";"194.9";"0.75";"259.87";"RÃ¸dvin";"Glass";"14.5";"1.7921839"
"Vinmonopolet";"3177901";"Paul Cluver Pinot Noir 2016";"Paul Cluver Pinot Noir";"2016";"276.8";"0.75";"369.07";"RÃ¸dvin";"Glass";"13.5";"2.733827"
"Vinmonopolet";"3182801";"LÃ©opold Gourmel Age du Fruit 10 Carats";"LÃ©opold Gourmel Age du Fruit 10 Carats";"0";"959.9";"0.7";"1371.29";"Grape spirit";"Glass";"41";"3.3445995"
"Vinmonopolet";"3183401";"LÃ©opold Gourmel Age des Fleurs 15 Carats";"LÃ©opold Gourmel Age des Fleurs 15 Carats";"0";"1360";"0.7";"1942.86";"Grape spirit";"Glass";"42";"4.62585"
"Vinmonopolet";"3183701";"LÃ©opold Gourmel Age des Ãpices 20 Carats";"LÃ©opold Gourmel Age des Ãpices 20 Carats";"0";"1620";"0.7";"2314.29";"Grape spirit";"Glass";"43";"5.38206"
"Vinmonopolet";"3185101";"Tribut Chablis 2016";"Tribut Chablis";"2016";"312";"0.75";"416";"White wine";"Glass";"12.5";"3.328"
"Vinmonopolet";"3185201";"Tribut Chablis 1. Cru Beauroy 2015";"Tribut Chablis 1. Cru Beauroy";"2015";"370";"0.75";"493.33";"White wine";"Glass";"13";"3.7948718"
"Vinmonopolet";"3185601";"Sartarelli Tralivio Verdicchio dei Castelli di Jesi Classico Superiore 2017";"Sartarelli Tralivio Verdicchio dei Castelli di Jesi Classico Superiore";"2017";"205";"0.75";"273.33";"White wine";"Glass";"14";"1.9523809"
"Vinmonopolet";"3186801";"Hochar PÃ¨re et Fils 2017";"Hochar PÃ¨re et Fils";"2017";"289.9";"0.75";"386.53";"RÃ¸dvin";"Glass";"14";"2.7609522"
"Vinmonopolet";"3187401";"Quintarelli Valpolicella Classico Superiore 2012";"Quintarelli Valpolicella Classico Superiore";"2012";"879.9";"0.75";"1173.2";"RÃ¸dvin";"Glass";"15";"7.8213334"
"Vinmonopolet";"3187405";"Quintarelli Valpolicella Classico Superiore 2008";"Quintarelli Valpolicella Classico Superiore";"2008";"2489.9";"1.5";"1659.93";"RÃ¸dvin";"Glass";"15";"11.066222"
"Vinmonopolet";"3187501";"G. Mascarello Barolo Monprivato 2013";"G. Mascarello Barolo Monprivato";"2013";"1429.9";"0.75";"1906.53";"RÃ¸dvin";"Glass";"13.5";"14.122469"
"Vinmonopolet";"3187601";"Vega Sicilia Unico 2009";"Vega Sicilia Unico";"2009";"3299.9";"0.75";"4399.87";"RÃ¸dvin";"Glass";"14";"31.427618"
"Vinmonopolet";"3188101";"Lan Gran Reserva 2011";"Lan Gran Reserva";"2011";"259.9";"0.75";"346.53";"RÃ¸dvin";"Glass";"14";"2.475238"
"Vinmonopolet";"3188901";"Bouchard CÃ´te de Beaune-Villages 2015";"Bouchard CÃ´te de Beaune-Villages";"2015";"297.9";"0.75";"397.2";"RÃ¸dvin";"Glass";"13";"3.0553846"
"Vinmonopolet";"3189301";"Bouchard Meursault 2016";"Bouchard Meursault";"2016";"496.9";"0.75";"662.53";"White wine";"Glass";"13.5";"4.9076543"
"Vinmonopolet";"3190601";"Prod. del Barbaresco 2016";"Prod. del Barbaresco";"2016";"359.9";"0.75";"479.87";"RÃ¸dvin";"Glass";"14.5";"3.309425"
"Vinmonopolet";"3190806";"Tariquet Classic 2019";"Tariquet Classic";"2019";"429.9";"3";"143.3";"White wine";"Bag-in-box";"10.5";"1.3647618"
"Vinmonopolet";"3191601";"Yalumba Oxford Landing Cabernet Sauvignon Shiraz 2016";"Yalumba Oxford Landing Cabernet Sauvignon Shiraz";"2016";"179";"0.75";"238.67";"RÃ¸dvin";"Glass";"13.5";"1.7679012"
"Vinmonopolet";"3192908";"Underberg Bitter (12x2cl)";"Underberg Bitter (12x2cl)";"0";"299.9";"0.24";"1249.58";"Bitter	";"Ãvrig";"44";"2.8399622"
"Vinmonopolet";"3193001";"Robert Vic Le Parc 2017";"Robert Vic Le Parc";"2017";"129.9";"0.75";"173.2";"RÃ¸dvin";"Glass";"12.5";"1.3856"
"Vinmonopolet";"3193301";"Portada 2018";"Portada";"2018";"106.9";"0.75";"142.53";"RÃ¸dvin";"Glass";"12";"1.1877778"
"Vinmonopolet";"3194001";"Pieropan Soave Classico 2019";"Pieropan Soave Classico";"2019";"164.9";"0.75";"219.87";"White wine";"Glass";"12";"1.8322221"
"Vinmonopolet";"3202001";"Freixenet Carta Nevada Semi Seco";"Freixenet Carta Nevada Semi Seco";"0";"124.9";"0.75";"166.53";"Sparkling wine";"Glass";"11.5";"1.448116"
"Vinmonopolet";"3202005";"Freixenet Carta Nevada Semi Seco";"Freixenet Carta Nevada Semi Seco";"0";"299.5";"1.5";"199.67";"Sparkling wine";"Glass";"11.5";"1.7362319"
"Vinmonopolet";"3202101";"Brillet X.O. Grande Champagne 1er Cru de Cognac";"Brillet X.O. Grande Champagne 1er Cru de Cognac";"0";"899.9";"0.7";"1285.57";"Grape spirit";"Glass";"40";"3.2139287"
"Vinmonopolet";"3202201";"Brillet TrÃ¨s Rare HÃ©ritage";"Brillet TrÃ¨s Rare HÃ©ritage";"0";"2849.9";"0.7";"4071.29";"Grape spirit";"Glass";"45";"9.047301"
"Vinmonopolet";"3202501";"Medinet 2015";"Medinet";"2015";"149.9";"1";"149.9";"RÃ¸dvin";"Glass";"12";"1.2491666"
"Vinmonopolet";"3202701";"Ravenswood Lodi Zinfandel 2017";"Ravenswood Lodi Zinfandel";"2017";"199.9";"0.75";"266.53";"RÃ¸dvin";"Glass";"14.5";"1.8381609"
"Vinmonopolet";"3203301";"Guigal Gigondas 2016";"Guigal Gigondas";"2016";"289.9";"0.75";"386.53";"RÃ¸dvin";"Glass";"15";"2.5768888"
"Vinmonopolet";"3203401";"Guigal ChÃ¢teauneuf-du-Pape 2016";"Guigal ChÃ¢teauneuf-du-Pape";"2016";"409.9";"0.75";"546.53";"RÃ¸dvin";"Glass";"15";"3.6435554"
"Vinmonopolet";"3203701";"Ostertag Les Jardins Riesling 2018";"Ostertag Les Jardins Riesling";"2018";"246";"0.75";"328";"White wine";"Glass";"13";"2.523077"
"Vinmonopolet";"3203901";"Merlin MÃ¢con La Roche Vineuse Vieilles Vignes 2017";"Merlin MÃ¢con La Roche Vineuse Vieilles Vignes";"2017";"282";"0.75";"376";"White wine";"Glass";"13.5";"2.785185"
"Vinmonopolet";"3204101";"Les Champs Perdrix Bourgogne Hautes-CÃ´tes-de Beaune 2013";"Les Champs Perdrix Bourgogne Hautes-CÃ´tes-de Beaune";"2013";"284";"0.75";"378.67";"White wine";"Glass";"12.5";"3.0293334"
"Vinmonopolet";"3204801";"Jon Bertelsen Prelude V.S.O.P.";"Jon Bertelsen Prelude V.S.O.P.";"0";"550";"0.7";"785.71";"Grape spirit";"Glass";"40";"1.9642857"
"Vinmonopolet";"3204802";"Jon Bertelsen Prelude V.S.O.P.";"Jon Bertelsen Prelude V.S.O.P.";"0";"400";"0.5";"800";"Grape spirit";"Glass";"40";"2"
"Vinmonopolet";"3208701";"Cascina Castelet Passum Barbera d'Asti Superiore 2016";"Cascina Castelet Passum Barbera d'Asti Superiore";"2016";"319.9";"0.75";"426.53";"RÃ¸dvin";"Glass";"15.5";"2.751828"
"Vinmonopolet";"3208705";"Cascina Castlet Passum Barbera d'Asti Superiore 2016";"Cascina Castlet Passum Barbera d'Asti Superiore";"2016";"659.9";"1.5";"439.93";"RÃ¸dvin";"Glass";"15";"2.932889"
"Vinmonopolet";"3209201";"Villa Maria Private Bin Sauvignon Blanc 2018";"Villa Maria Private Bin Sauvignon Blanc";"2018";"209.9";"0.75";"279.87";"White wine";"Glass";"13.5";"2.0730863"
"Vinmonopolet";"3210101";"Cant. Terlano Sauvignon Winkl 2017";"Cant. Terlano Sauvignon Winkl";"2017";"266.5";"0.75";"355.33";"White wine";"Glass";"13.5";"2.6320987"
"Vinmonopolet";"3211401";"Cant. Terlano Pinot Bianco Rarita 2005";"Cant. Terlano Pinot Bianco Rarita";"2005";"1026.8";"0.75";"1369.07";"White wine";"Glass";"14";"9.779048"
"Vinmonopolet";"3212501";"Coreto 2018";"Coreto";"2018";"99.9";"0.75";"133.2";"RÃ¸dvin";"Glass";"11.5";"1.158261"
"Vinmonopolet";"3214301";"Auchentoshan Three Wood Lowland Single Malt";"Auchentoshan Three Wood Lowland Single Malt";"0";"686.9";"0.7";"981.29";"Whisky";"Glass";"43";"2.28206"
"Vinmonopolet";"3214401";"Bowmore 15 YO";"Bowmore 15 YO";"0";"589.9";"0.7";"842.71";"Whisky";"Glass";"43";"1.9598007"
"Vinmonopolet";"3214701";"Ron Matusalem Platino";"Ron Matusalem Platino";"0";"419.9";"0.7";"599.86";"Rum";"Glass";"40";"1.4996428"
"Vinmonopolet";"3214801";"Ron Matusalem Clasico 10 Years Old";"Ron Matusalem Clasico 10 Years Old";"0";"489.9";"0.7";"699.86";"Rum";"Glass";"40";"1.7496428"
"Vinmonopolet";"3216101";"1800 Reserva Antigua AÃ±ejo";"Reserva Antigua AÃ±ejo";"0";"624.9";"0.7";"892.71";"Fruit spirit";"Glass";"38";"2.3492482"
"Vinmonopolet";"3216201";"Cuervo Reserva de la Familia";"Cuervo Reserva de la Familia";"0";"1499.9";"0.7";"2142.71";"Fruit spirit";"Glass";"38";"5.638722"
"Vinmonopolet";"3216901";"Jacob's Creek Sparkling Chardonnay Pinot Noir, Brut";"Jacob's Creek Sparkling Chardonnay Pinot Noir, Brut";"0";"113.9";"0.75";"151.87";"Sparkling wine";"Glass";"11.5";"1.3205798"
"Vinmonopolet";"3216904";"Jacob's Creek Sparkling Chardonnay Pinot Noir Brut";"Jacob's Creek Sparkling Chardonnay Pinot Noir Brut";"0";"49.9";"0.2";"249.5";"Sparkling wine";"Glass";"11.5";"2.1695652"
"Vinmonopolet";"3217202";"Jacopo Poli Grappa Torcolato";"Jacopo Poli Grappa Torcolato";"0";"599.9";"0.5";"1199.8";"Grape spirit";"Glass";"40";"2.9995"
"Vinmonopolet";"3221301";"Segada Red 2017";"Segada Red";"2017";"124.9";"0.75";"166.53";"RÃ¸dvin";"Glass";"13";"1.2810256"
"Vinmonopolet";"3221801";"Alain Brumont Chateau BouscassÃ© 2015";"Alain Brumont Chateau BouscassÃ©";"2015";"279";"0.75";"372";"RÃ¸dvin";"Glass";"13.5";"2.7555556"
"Vinmonopolet";"3222501";"Niepoort Late Bottled Vintage 2015";"Niepoort Late Bottled Vintage";"2015";"234.9";"0.75";"313.2";"Port wine";"Glass";"19.5";"1.6061538"
"Vinmonopolet";"3223901";"Poggio all'Oro Brunello di Montalcino 2010";"Poggio all'Oro Brunello di Montalcino";"2010";"1399.9";"0.75";"1866.53";"RÃ¸dvin";"Glass";"14";"13.332381"
"Vinmonopolet";"3224801";"Glenfiddich Solera Reserve 15 YO";"Glenfiddich Solera Reserve 15 YO";"0";"709.9";"0.7";"1014.14";"Whisky";"Glass";"40";"2.5353572"
"Vinmonopolet";"3224901";"Glenfiddich Ancient Reserve 18 YO";"Glenfiddich Ancient Reserve 18 YO";"0";"899.9";"0.7";"1285.57";"Whisky";"Glass";"40";"3.2139287"
"Vinmonopolet";"3229901";"Gosset Grande RÃ©serve Brut";"Gosset Grande RÃ©serve Brut";"0";"479";"0.75";"638.67";"Champagne, brut";"Glass";"12";"5.322222"
"Vinmonopolet";"3232401";"Defaix Chablis 1. Cru Les Lys 2005";"Defaix Chablis 1. Cru Les Lys";"2005";"386";"0.75";"514.67";"White wine";"Glass";"13";"3.9589744"
"Vinmonopolet";"3232801";"Mas Amiel 15 Ans d'Age";"Mas Amiel 15 Ans d'Age";"0";"420";"0.75";"560";"Fortified wine";"Glass";"16";"3.5"
"Vinmonopolet";"3233101";"Gato Negro Merlot 2018";"Gato Negro Merlot";"2018";"111.9";"0.75";"149.2";"RÃ¸dvin";"Glass";"13";"1.1476923"
"Vinmonopolet";"3236001";"Negro Barbera d'Alba Nicolon 2016";"Negro Barbera d'Alba Nicolon";"2016";"279.9";"0.75";"373.2";"RÃ¸dvin";"Glass";"15";"2.488"
"Vinmonopolet";"3237601";"Bacardi Gran Reserva 8 AÃ±os";"Bacardi Gran Reserva 8 AÃ±os";"0";"489.9";"0.7";"699.86";"Rum";"Glass";"40";"1.7496428"
"Vinmonopolet";"3240401";"Carrascal 2017";"Carrascal";"2017";"179.9";"0.75";"239.87";"RÃ¸dvin";"Glass";"13.5";"1.77679"
"Vinmonopolet";"3241501";"Dom. de la Janasse 2018";"Dom. de la Janasse";"2018";"156.9";"0.75";"209.2";"RÃ¸dvin";"Glass";"13.5";"1.5496296"
"Vinmonopolet";"3244801";"Ch. de Montifaud X.O.";"Ch. de Montifaud X.O.";"0";"959.9";"0.7";"1371.29";"Grape spirit";"Glass";"40";"3.4282146"
"Vinmonopolet";"3245102";"Bols CrÃ¨me de Cassis";"Bols CrÃ¨me de Cassis";"0";"209.9";"0.5";"419.8";"LikÃ¸r";"Glass";"17";"2.4694116"
"Vinmonopolet";"3245202";"Bols Melon";"Bols Melon";"0";"209.9";"0.5";"419.8";"LikÃ¸r";"Glass";"17";"2.4694116"
"Vinmonopolet";"3245302";"Bols Peach";"Bols Peach";"0";"209.9";"0.5";"419.8";"LikÃ¸r";"Glass";"17";"2.4694116"
"Vinmonopolet";"3245602";"Bols Apricot Brandy";"Bols Apricot Brandy";"0";"214.9";"0.5";"429.8";"LikÃ¸r";"Glass";"24";"1.7908332"
"Vinmonopolet";"3246002";"Bols Amaretto";"Bols Amaretto";"0";"214.9";"0.5";"429.8";"LikÃ¸r";"Glass";"24";"1.7908332"
"Vinmonopolet";"3246302";"Bols Triple Sec CuraÃ§ao";"Bols Triple Sec CuraÃ§ao";"0";"281.9";"0.5";"563.8";"LikÃ¸r";"Glass";"38";"1.4836842"
"Vinmonopolet";"3246702";"Chimay Trappist White";"Chimay Trappist White";"0";"56.9";"0.33";"172.42";"Trappist";"Glass";"8";"2.155303"
"Vinmonopolet";"3246802";"Chimay Trappist Blue";"Chimay Trappist Blue";"2017";"61.9";"0.33";"187.58";"Trappist";"Glass";"9";"2.084175"
"Vinmonopolet";"3247001";"Clos de l'Hermitage 2014";"Clos de l'Hermitage";"2014";"279.9";"0.75";"373.2";"RÃ¸dvin";"Glass";"14.5";"2.573793"
"Vinmonopolet";"3248101";"DestinÃ©a Sauvignon Blanc 2017";"DestinÃ©a Sauvignon Blanc";"2017";"159.9";"0.75";"213.2";"White wine";"Glass";"11.5";"1.853913"
"Vinmonopolet";"3249301";"Marques de Casa Concha Cabernet Sauvignon 2016";"Marques de Casa Concha Cabernet Sauvignon";"2016";"189.9";"0.75";"253.2";"RÃ¸dvin";"Glass";"13.5";"1.8755555"
"Vinmonopolet";"3249701";"Banfi Summus 2016";"Banfi Summus";"2016";"554.9";"0.75";"739.87";"RÃ¸dvin";"Glass";"14.5";"5.102529"
"Vinmonopolet";"3251101";"Nicolas Feuillatte Blanc de Blancs 2008";"Nicolas Feuillatte Blanc de Blancs";"2008";"535.9";"0.75";"714.53";"Champagne, brut";"Glass";"12";"5.954445"
"Vinmonopolet";"3254002";"Franziskaner Hefe-Weissbier NaturtrÃ¼b";"Franziskaner Hefe-Weissbier NaturtrÃ¼b";"0";"49.9";"0.5";"99.8";"HveteÃ¸l";"Glass";"5";"1.996"
"Vinmonopolet";"3257101";"Pelissero Barbera d'Alba Piani 2017";"Pelissero Barbera d'Alba Piani";"2017";"235";"0.75";"313.33";"RÃ¸dvin";"Glass";"15";"2.088889"
"Vinmonopolet";"3263401";"CuvÃ©e Maria No 99 X.O.";"CuvÃ©e Maria No 99 X.O.";"0";"699";"0.7";"998.57";"Grape spirit";"Glass";"40";"2.4964287"
"Vinmonopolet";"3263501";"CuvÃ©e SolÃ¨ne No 99 Vieux";"CuvÃ©e SolÃ¨ne No 99 Vieux";"0";"1190";"0.7";"1700";"Grape spirit";"Glass";"40";"4.25"
"Vinmonopolet";"3266806";"Campuget CuvÃ©e Jean-Lin Dalle";"Campuget CuvÃ©e Jean-Lin Dalle";"0";"459.9";"3";"153.3";"RÃ¸dvin";"Bag-in-box";"12.5";"1.2264"
"Vinmonopolet";"3267701";"Saracco Moscato d'Asti 2019";"Saracco Moscato d'Asti";"2019";"129.9";"0.75";"173.2";"Sparkling white wine";"Glass";"5";"3.4639997"
"Vinmonopolet";"3269801";"Martell L'Or";"Martell L'Or";"0";"15990";"0.7";"22842.86";"Grape spirit";"Glass";"40";"57.107143"
"Vinmonopolet";"3270301";"Montecillo Gran Reserva Especial 1981";"Montecillo Gran Reserva Especial";"1981";"679.9";"0.75";"906.53";"RÃ¸dvin";"Glass";"12.5";"7.252267"
"Vinmonopolet";"3270901";"Jean-Luc Colombo Les Abeilles CÃ´tes du RhÃ´ne 2017";"Jean-Luc Colombo Les Abeilles CÃ´tes du RhÃ´ne";"2017";"189";"0.75";"252";"RÃ¸dvin";"Glass";"13.5";"1.8666667"
"Vinmonopolet";"3271201";"Tsantalis Rapsani Reserve 2015";"Tsantalis Rapsani Reserve";"2015";"244.9";"0.75";"326.53";"RÃ¸dvin";"Glass";"13";"2.5117948"
"Vinmonopolet";"3271701";"Nicolas Feuillatte Demi Sec";"Nicolas Feuillatte Demi Sec";"0";"490.9";"0.75";"654.53";"Champagne, other";"Glass";"12";"5.4544444"
"Vinmonopolet";"3271901";"Citadelle Gin de France";"Citadelle Gin de France";"0";"509.9";"0.7";"728.43";"Gin";"Glass";"44";"1.6555195"
"Vinmonopolet";"3274501";"Jean-Louis Chavy Puligny-Montrachet Les Charmes 2017";"Jean-Louis Chavy Puligny-Montrachet Les Charmes";"2017";"540.1";"0.75";"720.13";"White wine";"Glass";"13";"5.539487"
"Vinmonopolet";"3274801";"Soler-Jov Cava Brut Reserva";"Soler-Jov Cava Brut Reserva";"0";"129.9";"0.75";"173.2";"Sparkling wine";"Glass";"11.5";"1.5060868"
"Vinmonopolet";"3274802";"Soler-JovÃ© Cava Brut Reserva";"Soler-JovÃ© Cava Brut Reserva";"0";"77.9";"0.38";"207.73";"Sparkling wine";"Glass";"11.5";"1.7826087"
"Vinmonopolet";"3274805";"Soler-JovÃ© Cava Brut Reserva";"Soler-JovÃ© Cava Brut Reserva";"0";"299.9";"1.5";"199.93";"Sparkling wine";"Glass";"11.5";"1.7385507"
"Vinmonopolet";"3276501";"Ron Matusalem Gran Reserva";"Ron Matusalem Gran Reserva";"0";"519.9";"0.7";"742.71";"Rum";"Glass";"40";"1.8567858"
"Vinmonopolet";"3278801";"Fontodi Chianti Classico 2017";"Fontodi Chianti Classico";"2017";"259.9";"0.75";"346.53";"RÃ¸dvin";"Glass";"14.5";"2.389885"
"Vinmonopolet";"3278802";"Fontodi Chianti Classico 2016";"Fontodi Chianti Classico";"2016";"149.9";"0.38";"399.73";"RÃ¸dvin";"Glass";"14.5";"2.720508"
"Vinmonopolet";"3278805";"Fontodi Chianti Classico 2016";"Fontodi Chianti Classico";"2016";"584.9";"1.5";"389.93";"RÃ¸dvin";"Glass";"14.5";"2.6891956"
"Vinmonopolet";"3279201";"Pio Cesare Barbaresco 2015";"Pio Cesare Barbaresco";"2015";"625";"0.75";"833.33";"RÃ¸dvin";"Glass";"14";"5.952381"
"Vinmonopolet";"3280401";"Meukow XO Gold Panther";"Meukow XO Gold Panther";"0";"1124.3";"0.7";"1606.14";"Grape spirit";"Glass";"40";"4.0153575"
"Vinmonopolet";"3281601";"Coppola Diamond Collection Claret 2018";"Coppola Diamond Collection Claret";"2018";"289.5";"0.75";"386";"RÃ¸dvin";"Glass";"13.5";"2.8592594"
"Vinmonopolet";"3281901";"Francis Ford Coppola Diamond Collection Chardonnay 2017";"Francis Ford Coppola Diamond Collection Chardonnay";"2017";"239.9";"0.75";"319.87";"White wine";"Glass";"13.5";"2.3693826"
"Vinmonopolet";"3283301";"Louis Jadot Saint-Aubin 2016";"Louis Jadot Saint-Aubin";"2016";"399.9";"0.75";"533.2";"White wine";"Glass";"13";"4.101538"
"Vinmonopolet";"3285901";"Terlaner I Grande Cuvee 2015";"Terlaner I Grande Cuvee";"2015";"1430.2";"0.75";"1906.93";"White wine";"Glass";"14.5";"13.151264"
"Vinmonopolet";"3286001";"PÃ¨ppoli Chianti Classico 2017";"PÃ¨ppoli Chianti Classico";"2017";"249";"0.75";"332";"RÃ¸dvin";"Glass";"13.5";"2.4592593"
"Vinmonopolet";"3286801";"Torre Oria Gran Reserva 2014";"Torre Oria Gran Reserva";"2014";"115.9";"0.75";"154.53";"RÃ¸dvin";"Glass";"13";"1.188718"
"Vinmonopolet";"3287501";"Cervaro della Sala 2018";"Cervaro della Sala";"2018";"485";"0.75";"646.67";"White wine";"Glass";"12.5";"5.173333"
"Vinmonopolet";"3288001";"Coquerel Fine Calvados";"Coquerel Fine Calvados";"0";"429.9";"0.7";"614.14";"Fruit spirit";"Glass";"40";"1.5353571"
"Vinmonopolet";"3288201";"Larsen V.S.O.P.";"Larsen V.S.O.P.";"0";"479.9";"0.7";"685.57";"Grape spirit";"Glass";"40";"1.7139286"
"Vinmonopolet";"3289101";"Farnese Montepulciano d'Abruzzo 2017";"Farnese Montepulciano d'Abruzzo";"2017";"135";"0.75";"180";"RÃ¸dvin";"Glass";"13";"1.3846154"
"Vinmonopolet";"3290401";"Monte Antico 2015";"Monte Antico";"2015";"135";"0.75";"180";"RÃ¸dvin";"Glass";"12.5";"1.44"
"Vinmonopolet";"3293901";"Hamilton Russell Vineyards Pinot Noir 2018";"Hamilton Russell Vineyards Pinot Noir";"2018";"499.9";"0.75";"666.53";"RÃ¸dvin";"Glass";"13.5";"4.937284"
"Vinmonopolet";"3294001";"Dom. des Malandes Chablis 2018";"Dom. des Malandes Chablis";"2018";"249.9";"0.75";"333.2";"White wine";"Glass";"12.5";"2.6655998"
"Vinmonopolet";"3294101";"Dom. des Malandes Chablis 1. Cru Vau de Vey 2018";"Dom. des Malandes Chablis 1. Cru Vau de Vey";"2018";"309.9";"0.75";"413.2";"White wine";"Glass";"13";"3.1784616"
"Vinmonopolet";"3294501";"Hamilton Russell Vineyards Chardonnay 2019";"Hamilton Russell Vineyards Chardonnay";"2019";"429.9";"0.75";"573.2";"White wine";"Glass";"13";"4.4092307"
"Vinmonopolet";"3295105";"Guigal CÃ´tes du RhÃ´ne 2016";"Guigal CÃ´tes du RhÃ´ne";"2016";"374.9";"1.5";"249.93";"RÃ¸dvin";"Glass";"14.5";"1.7236781"
"Vinmonopolet";"3295201";"Isole e Olena Chianti Classico 2016";"Isole e Olena Chianti Classico";"2016";"274.9";"0.75";"366.53";"RÃ¸dvin";"Glass";"14";"2.6180952"
"Vinmonopolet";"3295601";"Ragnaud-Sabourin No 10 V.S.O.P. Grande Champagne";"Ragnaud-Sabourin No 10 V.S.O.P. Grande Champagne";"0";"699.9";"0.7";"999.86";"Grape spirit";"Glass";"41";"2.438676"
"Vinmonopolet";"3295801";"Ragnaud-Sabourin No 20 RÃ©serve SpÃ©ciale Grande Champagne";"Ragnaud-Sabourin No 20 RÃ©serve SpÃ©ciale Grande Champagne";"0";"1029";"0.7";"1470";"Grape spirit";"Glass";"43";"3.4186046"
"Vinmonopolet";"3295901";"Ragnaud-Sabourin No 35 Fontvieille Grande Champagne";"Ragnaud-Sabourin No 35 Fontvieille Grande Champagne";"0";"1890";"0.7";"2700";"Grape spirit";"Glass";"43";"6.27907"
"Vinmonopolet";"3296001";"Jean Fillioux Reserve Familiale Grande Champagne";"Jean Fillioux Reserve Familiale Grande Champagne";"0";"2810.1";"0.7";"4014.43";"Grape spirit";"Glass";"40";"10.036072"
"Vinmonopolet";"3298001";"Louis Moreau Chablis 2018";"Louis Moreau Chablis";"2018";"215";"0.75";"286.67";"White wine";"Glass";"12.5";"2.2933333"
"Vinmonopolet";"3298002";"Louis Moreau Chablis 2018";"Louis Moreau Chablis";"2018";"129";"0.38";"344";"White wine";"Glass";"12.5";"2.7157896"
"Vinmonopolet";"3298005";"Louis Moreau Chablis 2017";"Louis Moreau Chablis";"2017";"559.9";"1.5";"373.27";"White wine";"Glass";"12.5";"2.9861336"
"Vinmonopolet";"3298101";"Louis Moreau Petit Chablis 2018";"Louis Moreau Petit Chablis";"2018";"209.9";"0.75";"279.87";"White wine";"Glass";"12";"2.3322222"
"Vinmonopolet";"3298301";"Louis Moreau Chablis 1er Cru Fourneaux 2017";"Louis Moreau Chablis 1er Cru Fourneaux";"2017";"369.9";"0.75";"493.2";"White wine";"Glass";"12.5";"3.9456"
"Vinmonopolet";"3300301";"Rosemount GewÃ¼rztraminer Riesling 2019";"Rosemount GewÃ¼rztraminer Riesling";"2019";"110.9";"0.75";"147.87";"White wine";"Glass";"10";"1.4786667"
"Vinmonopolet";"3300901";"Prunotto Barolo 2016";"Prunotto Barolo";"2016";"399";"0.75";"532";"RÃ¸dvin";"Glass";"14";"3.8"
"Vinmonopolet";"3301801";"Prunotto Barbaresco 2016";"Prunotto Barbaresco";"2016";"339";"0.75";"452";"RÃ¸dvin";"Glass";"14";"3.2285714"
"Vinmonopolet";"3302101";"Prunotto Barbera d'Alba 2019";"Prunotto Barbera d'Alba";"2019";"199";"0.75";"265.33";"RÃ¸dvin";"Glass";"14";"1.895238"
"Vinmonopolet";"3302602";"Tommasi Recioto Fiorato 2016";"Tommasi Recioto Fiorato";"2016";"235";"0.38";"626.67";"RÃ¸dvin";"Glass";"13";"4.757085"
"Vinmonopolet";"3304501";"Christian Drouin Pommeau de Normandie";"Christian Drouin Pommeau de Normandie";"0";"339.9";"0.7";"485.57";"Other spirit";"Glass";"17";"2.8563025"
"Vinmonopolet";"3307201";"Gran Feudo Rosado 2018";"Gran Feudo Rosado";"2018";"129.9";"0.75";"173.2";"RosÃ©vin";"Glass";"13";"1.3323076"
"Vinmonopolet";"3307301";"Cachaca 51";"Cachaca 51";"0";"369.9";"0.7";"528.43";"Other spirit";"Glass";"40";"1.3210714"
"Vinmonopolet";"3308001";"Mount Riley Sauvignon Blanc 2014";"Mount Riley Sauvignon Blanc";"2014";"179.9";"0.75";"239.87";"White wine";"Glass";"12.5";"1.9189333"
"Vinmonopolet";"3308501";"Absolut Mandrin";"Absolut Mandrin";"0";"354.9";"0.7";"507";"Vodka";"Glass";"40";"1.2675"
"Vinmonopolet";"3309102";"Ca'Rugate Recioto di Soave La Perlara 2015";"Ca'Rugate Recioto di Soave La Perlara";"2015";"299.9";"0.5";"599.8";"White wine";"Glass";"13.5";"4.4429626"
"Vinmonopolet";"3309201";"Poliziano Vino Nobile di Montepulciano Asinone 2016";"Poliziano Vino Nobile di Montepulciano Asinone";"2016";"499.9";"0.75";"666.53";"RÃ¸dvin";"Glass";"14.5";"4.5967817"
"Vinmonopolet";"3309301";"Poliziano Vino Nobile di Montepulciano 2016";"Poliziano Vino Nobile di Montepulciano";"2016";"299.9";"0.75";"399.87";"RÃ¸dvin";"Glass";"14.5";"2.7577012"
"Vinmonopolet";"3309401";"Poliziano Rosso di Montepulciano 2018";"Poliziano Rosso di Montepulciano";"2018";"185";"0.75";"246.67";"RÃ¸dvin";"Glass";"14.5";"1.7011495"
"Vinmonopolet";"3309405";"Poliziano Rosso di Montepulciano 2018";"Poliziano Rosso di Montepulciano";"2018";"399.9";"1.5";"266.6";"RÃ¸dvin";"Glass";"14.5";"1.8386207"
"Vinmonopolet";"3310601";"Bellavista Franciacorta Alma CuvÃ©e Brut";"Bellavista Franciacorta Alma CuvÃ©e Brut";"0";"325";"0.75";"433.33";"Sparkling wine";"Glass";"12.5";"3.4666667"
"Vinmonopolet";"3310701";"Feudi di San Gregorio Falanghina Sannio 2017";"Feudi di San Gregorio Falanghina Sannio";"2017";"219.9";"0.75";"293.2";"White wine";"Glass";"13.5";"2.1718519"
"Vinmonopolet";"3310801";"Feudi di San Gregorio Fiano di Avellino 2015";"Feudi di San Gregorio Fiano di Avellino";"2015";"229.9";"0.75";"306.53";"White wine";"Glass";"13.5";"2.2706172"
"Vinmonopolet";"3310901";"Feudi di San Gregorio Greco di Tufo 2019";"Feudi di San Gregorio Greco di Tufo";"2019";"169.9";"0.75";"226.53";"White wine";"Glass";"12.5";"1.8122666"
"Vinmonopolet";"3311201";"Feudi di San Gregorio Taurasi 2013";"Feudi di San Gregorio Taurasi";"2013";"279.9";"0.75";"373.2";"RÃ¸dvin";"Glass";"14";"2.6657143"
"Vinmonopolet";"3311301";"Rubrato Aglianico 2014";"Rubrato Aglianico";"2014";"209.9";"0.75";"279.87";"RÃ¸dvin";"Glass";"13.5";"2.0730863"
"Vinmonopolet";"3311501";"Rosaura 2018";"Rosaura";"2018";"149.9";"0.75";"199.87";"RosÃ©vin";"Glass";"12.5";"1.5989332"
"Vinmonopolet";"3311502";"Rosaura 2017";"Rosaura";"2017";"85.9";"0.38";"229.07";"RosÃ©vin";"Glass";"12.5";"1.8084211"
"Vinmonopolet";"3313601";"Monte Fiorentine Soave Classico 2018";"Monte Fiorentine Soave Classico";"2018";"225";"0.75";"300";"White wine";"Glass";"12.5";"2.4"
"Vinmonopolet";"3313801";"Ca'Rugate Soave Classico San Michele 2019";"Ca'Rugate Soave Classico San Michele";"2019";"145";"0.75";"193.33";"White wine";"Glass";"12";"1.6111112"
"Vinmonopolet";"3313802";"Ca'Rugate Soave Classico San Michele 2018";"Ca'Rugate Soave Classico San Michele";"2018";"87";"0.38";"232";"White wine";"Glass";"12";"1.9078947"
"Vinmonopolet";"3313901";"Accordini Valpolicella Classico 2018";"Accordini Valpolicella Classico";"2018";"179.9";"0.75";"239.87";"RÃ¸dvin";"Glass";"12.5";"1.9189333"
"Vinmonopolet";"3314001";"Valpolicella Classico Superiore Acinatico Ripasso 2018";"Valpolicella Classico Superiore Acinatico Ripasso";"2018";"209.9";"0.75";"279.87";"RÃ¸dvin";"Glass";"14";"1.9990475"
"Vinmonopolet";"3314005";"Valpolicella Classico Superiore Acinatico Ripasso 2017";"Valpolicella Classico Superiore Acinatico Ripasso";"2017";"499";"1.5";"332.67";"RÃ¸dvin";"Glass";"14";"2.3761904"
"Vinmonopolet";"3315405";"Pelissero Barbera d'Alba Piani 2017";"Pelissero Barbera d'Alba Piani";"2017";"489.9";"1.5";"326.6";"RÃ¸dvin";"Glass";"14.5";"2.2524137"
"Vinmonopolet";"3315501";"MalvirÃ  S. Guglielmo Langhe 2014";"MalvirÃ  S. Guglielmo Langhe";"2014";"279.9";"0.75";"373.2";"RÃ¸dvin";"Glass";"14";"2.6657143"
"Vinmonopolet";"3315801";"Ostertag Pinot Gris Fronholz 2017";"Ostertag Pinot Gris Fronholz";"2017";"369";"0.75";"492";"White wine";"Glass";"13";"3.7846153"
"Vinmonopolet";"3315901";"Billecart-Salmon Brut RosÃ©";"Billecart-Salmon Brut RosÃ©";"0";"696";"0.75";"928";"Champagne, rosÃ©";"Glass";"12";"7.733333"
"Vinmonopolet";"3316001";"Billecart-Salmon Grand Cru Blanc de Blancs Brut";"Billecart-Salmon Grand Cru Blanc de Blancs Brut";"0";"725";"0.75";"966.67";"Champagne, brut";"Glass";"12";"8.055555"
"Vinmonopolet";"3316101";"Malvira Roero Arneis Trinita 2018";"Malvira Roero Arneis Trinita";"2018";"232";"0.75";"309.33";"White wine";"Glass";"13";"2.3794873"
"Vinmonopolet";"3316301";"Matrot Meursault 2018";"Matrot Meursault";"2018";"478";"0.75";"637.33";"White wine";"Glass";"13";"4.902564"
"Vinmonopolet";"3316801";"Conterno-Fantino Bricco Bastia Dolcetto d'Alba 2016";"Conterno-Fantino Bricco Bastia Dolcetto d'Alba";"2016";"208.9";"0.75";"278.53";"RÃ¸dvin";"Glass";"13.5";"2.0632098"
"Vinmonopolet";"3316901";"Selvapiana Chianti Rufina 2018";"Selvapiana Chianti Rufina";"2018";"189.9";"0.75";"253.2";"RÃ¸dvin";"Glass";"13.5";"1.8755555"
"Vinmonopolet";"3317001";"Yvon Mau Colombard Chardonnay 2018";"Yvon Mau Colombard Chardonnay";"2018";"119.9";"0.75";"159.87";"White wine";"Glass";"11";"1.4533334"
"Vinmonopolet";"3317201";"Barco Reale di Carmignano 2016";"Barco Reale di Carmignano";"2016";"199";"0.75";"265.33";"RÃ¸dvin";"Glass";"13.5";"1.965432"
"Vinmonopolet";"3317301";"Henri Bourgeois Petit Bourgeois Sauvignon 2019";"Henri Bourgeois Petit Bourgeois Sauvignon";"2019";"164.9";"0.75";"219.87";"White wine";"Glass";"12.5";"1.7589333"
"Vinmonopolet";"3317302";"Henri Bourgeois Petit Bourgeois Sauvignon 2018";"Henri Bourgeois Petit Bourgeois Sauvignon";"2018";"89.9";"0.38";"239.73";"White wine";"Glass";"12.5";"1.8926316"
"Vinmonopolet";"3317801";"Niepoort Redoma 2017";"Niepoort Redoma";"2017";"399.9";"0.75";"533.2";"RÃ¸dvin";"Glass";"12.5";"4.2655997"
"Vinmonopolet";"3318201";"Dom. Long-Depaquit Chablis 2018";"Dom. Long-Depaquit Chablis";"2018";"279.9";"0.75";"373.2";"White wine";"Glass";"13";"2.8707693"
"Vinmonopolet";"3318901";"Terre Nere Etna Rosso Calderara Sottana 2016";"Terre Nere Etna Rosso Calderara Sottana";"2016";"444.9";"0.75";"593.2";"RÃ¸dvin";"Glass";"14";"4.2371426"
"Vinmonopolet";"3319101";"Terre Nere Etna Rosso Feudo de Mezzo 2016";"Terre Nere Etna Rosso Feudo de Mezzo";"2016";"399.8";"0.75";"533.07";"RÃ¸dvin";"Glass";"14";"3.8076189"
"Vinmonopolet";"3321602";"Serego Alighieri Grappa di Amarone";"Serego Alighieri Grappa di Amarone";"0";"459.9";"0.5";"919.8";"Grape spirit";"Glass";"40";"2.2995"
"Vinmonopolet";"3321701";"Masi Brolo di Campofiorin 2016";"Masi Brolo di Campofiorin";"2016";"209.9";"0.75";"279.87";"RÃ¸dvin";"Glass";"14";"1.9990475"
"Vinmonopolet";"3324101";"TrÃ©nel CuvÃ©e Rochebonne 2018";"TrÃ©nel CuvÃ©e Rochebonne";"2018";"159.9";"0.75";"213.2";"RÃ¸dvin";"Glass";"12.5";"1.7055999"
"Vinmonopolet";"3327501";"Castello di Farnetella Chianti Colli Senesi 2017";"Castello di Farnetella Chianti Colli Senesi";"2017";"149.9";"0.75";"199.87";"RÃ¸dvin";"Glass";"13";"1.5374359"
"Vinmonopolet";"3327701";"Palmer Brut RÃ©serve";"Palmer Brut RÃ©serve";"0";"399.9";"0.75";"533.2";"Champagne, brut";"Glass";"12";"4.443333"
"Vinmonopolet";"3327801";"Amazone de Palmer Brut";"Amazone de Palmer Brut";"0";"1300";"0.75";"1733.33";"Champagne, brut";"Glass";"12";"14.444445"
"Vinmonopolet";"3327901";"Ch. de Montifaud 1978";"Ch. de Montifaud";"1978";"1999.9";"0.7";"2857";"Grape spirit";"Glass";"43";"6.644186"
"Vinmonopolet";"3330206";"MarquÃ©s de ChivÃ© Tempranillo Crianza 2018";"MarquÃ©s de ChivÃ© Tempranillo Crianza";"2018";"399.9";"3";"133.3";"RÃ¸dvin";"Bag-in-box";"12";"1.1108333"
"Vinmonopolet";"3330802";"LÃ¸itens Aquavit LikÃ¸r";"LÃ¸itens Aquavit LikÃ¸r";"0";"324.9";"0.5";"649.8";"LikÃ¸r";"Glass";"38";"1.7099999"
"Vinmonopolet";"3332701";"Lauritz Aquavit Aass Bryggeri";"Lauritz Aquavit Aass Bryggeri";"0";"469.9";"0.7";"671.29";"Aquavit";"Glass";"41.5";"1.617556"
"Vinmonopolet";"3335201";"Riscal 1860 Tempranillo 2017";"Riscal  Tempranillo";"2017";"149.9";"0.75";"199.87";"RÃ¸dvin";"Glass";"13.5";"1.4804938"
"Vinmonopolet";"3335206";"Riscal 1860 Tempranillo 2019";"Riscal  Tempranillo";"2019";"419.9";"3";"139.97";"RÃ¸dvin";"Bag-in-box";"13.5";"1.0367901"
"Vinmonopolet";"3336702";"Bols Strawberry";"Bols Strawberry";"0";"209.9";"0.5";"419.8";"LikÃ¸r";"Glass";"17";"2.4694116"
"Vinmonopolet";"3337001";"Ch. Lafitte-Tramier 2010";"Ch. Lafitte-Tramier";"2010";"277.9";"0.75";"370.53";"RÃ¸dvin";"Glass";"13.5";"2.7446914"
"Vinmonopolet";"3337201";"Roger Groult VÃ©nÃ©rable Calvados";"Roger Groult VÃ©nÃ©rable Calvados";"0";"1049.9";"0.7";"1499.86";"Fruit spirit";"Glass";"41";"3.6581883"
"Vinmonopolet";"3339706";"J.P. Chenet Cabernet Syrah 2019";"J.P. Chenet Cabernet Syrah";"2019";"419.9";"3";"139.97";"RÃ¸dvin";"Bag-in-box";"12";"1.1663889"
"Vinmonopolet";"3339801";"Highland Park 18 YO";"Highland Park 18 YO";"0";"1219.9";"0.7";"1742.71";"Whisky";"Glass";"43";"4.052824"
"Vinmonopolet";"3341601";"Gran Claustro 2006";"Gran Claustro";"2006";"389.9";"0.75";"519.87";"RÃ¸dvin";"Glass";"15";"3.4657776"
"Vinmonopolet";"3342501";"Castillo Perelada Festival Brut Reserva";"Castillo Perelada Festival Brut Reserva";"0";"149.9";"0.75";"199.87";"Sparkling wine";"Glass";"11.5";"1.737971"
"Vinmonopolet";"3343502";"Geil Bechtheimer Geyersberg Beerenauslese Rieslaner 2018";"Geil Bechtheimer Geyersberg Beerenauslese Rieslaner";"2018";"189";"0.38";"504";"White wine";"Glass";"7.5";"6.631579"
"Vinmonopolet";"3344501";"Nikolaihof vom Stein Riesling Smaragd 2014";"Nikolaihof vom Stein Riesling Smaragd";"2014";"499.9";"0.75";"666.53";"White wine";"Glass";"12.5";"5.332267"
"Vinmonopolet";"3344601";"RamÃ³n Bilbao Crianza 2016";"RamÃ³n Bilbao Crianza";"2016";"159.9";"0.75";"213.2";"RÃ¸dvin";"Glass";"14";"1.5228571"
"Vinmonopolet";"3345201";"Bache-Gabrielsen Pineau des Charentes Very Old";"Bache-Gabrielsen Pineau des Charentes Very Old";"0";"259";"0.75";"345.33";"Fortified wine";"Glass";"17";"2.0313725"
"Vinmonopolet";"3345701";"DomÃ¬ni Veneti Vigneti di Torbe Valpolicella Classico Superiore Ripasso 2018";"DomÃ¬ni Veneti Vigneti di Torbe Valpolicella Classico Superiore Ripasso";"2018";"164.9";"0.75";"219.87";"RÃ¸dvin";"Glass";"13.5";"1.628642"
"Vinmonopolet";"3346801";"Marques de Riscal Rueda Superior 2019";"Marques de Riscal Rueda Superior";"2019";"149.9";"0.75";"199.87";"White wine";"Glass";"13.5";"1.4804938"
"Vinmonopolet";"3346901";"MarquÃ©s de Vargas Reserva";"MarquÃ©s de Vargas Reserva";"2014";"289.9";"0.75";"386.53";"RÃ¸dvin";"Glass";"14";"2.7609522"
"Vinmonopolet";"3347101";"Loredan Gasparini Capo di Stato 2012";"Loredan Gasparini Capo di Stato";"2012";"439.9";"0.75";"586.53";"RÃ¸dvin";"Glass";"14";"4.1895237"
"Vinmonopolet";"3347401";"Jean LeÃ³n Merlot 2014";"Jean LeÃ³n Merlot";"2014";"294.9";"0.75";"393.2";"RÃ¸dvin";"Glass";"14.5";"2.711724"
"Vinmonopolet";"3347901";"Marques de Riscal Gran Reserva 2013";"Marques de Riscal Gran Reserva";"2013";"369.9";"0.75";"493.2";"RÃ¸dvin";"Glass";"14.5";"3.4013793"
"Vinmonopolet";"3349401";"PÃ¨re Kermann's Absinthe";"PÃ¨re Kermann's Absinthe";"0";"499.9";"0.7";"714.14";"Other spirit";"Glass";"60";"1.1902381"
"Vinmonopolet";"3349404";"PÃ¨re Kermann's Absinthe";"PÃ¨re Kermann's Absinthe";"0";"169";"0.2";"845";"Other spirit";"Glass";"60";"1.4083333"
"Vinmonopolet";"3349701";"Ch. du Breuil RÃ©serve du ChÃ¢teau 8 Ans";"Ch. du Breuil RÃ©serve du ChÃ¢teau 8 Ans";"0";"549.9";"0.7";"785.57";"Fruit spirit";"Glass";"40";"1.9639287"
"Vinmonopolet";"3352301";"Cono Sur 20 Barrels Cabernet Sauvignon 2015";"Cono Sur 20 Barrels Cabernet Sauvignon";"2015";"299.9";"0.75";"399.87";"RÃ¸dvin";"Glass";"14.5";"2.7577012"
"Vinmonopolet";"3355206";"Bons-Ventos";"Bons-Ventos";"2019";"399.9";"3";"133.3";"RÃ¸dvin";"Bag-in-box";"12.5";"1.0663999"
"Vinmonopolet";"3355402";"DomÃ¬ni Veneti Vigneti di Moron Recioto della Valpolicella 2015";"DomÃ¬ni Veneti Vigneti di Moron Recioto della Valpolicella";"2015";"225";"0.5";"450";"RÃ¸dvin";"Glass";"14";"3.2142856"
"Vinmonopolet";"3356206";"KÃ¶nigsmosel 2018";"KÃ¶nigsmosel";"2018";"389.9";"3";"129.97";"White wine";"Bag-in-box";"8.5";"1.5290196"
"Vinmonopolet";"3357501";"Villa Borghetti Bardolino Classico 2018";"Villa Borghetti Bardolino Classico";"2018";"129.9";"0.75";"173.2";"RÃ¸dvin";"Glass";"12";"1.4433333"
"Vinmonopolet";"3358301";"J.P. Chenet Colombard Chardonnay 2017";"J.P. Chenet Colombard Chardonnay";"2017";"134.9";"0.75";"179.87";"White wine";"Glass";"11.5";"1.564058"
"Vinmonopolet";"3358304";"J.P. Chenet Colombard Chardonnay 2018";"J.P. Chenet Colombard Chardonnay";"2018";"57.9";"0.25";"231.6";"White wine";"Glass";"11.5";"2.0139132"
"Vinmonopolet";"3358901";"La Braccesca Vino Nobile di Montepulciano 2016";"La Braccesca Vino Nobile di Montepulciano";"2016";"249";"0.75";"332";"RÃ¸dvin";"Glass";"14.5";"2.2896552"
"Vinmonopolet";"3360401";"Bussola Valpolicella Classico Superiore 2014";"Bussola Valpolicella Classico Superiore";"2014";"394.9";"0.75";"526.53";"RÃ¸dvin";"Glass";"13";"4.0502563"
"Vinmonopolet";"3361606";"Arrow Ruby Cabernet";"Arrow Ruby Cabernet";"0";"399.9";"3";"133.3";"RÃ¸dvin";"Bag-in-box";"12";"1.1108333"
"Vinmonopolet";"3365601";"El Coto RosÃ© 2018";"El Coto RosÃ©";"2018";"164.9";"0.75";"219.87";"RosÃ©vin";"Glass";"13.5";"1.628642"
"Vinmonopolet";"3365701";"Grand RÃ©gnard Chablis 2018";"Grand RÃ©gnard Chablis";"2018";"417.9";"0.75";"557.2";"White wine";"Glass";"12.5";"4.4576"
"Vinmonopolet";"3367301";"Nansen X.O.";"Nansen X.O.";"0";"595";"0.7";"850";"Grape spirit";"Glass";"40";"2.125"
"Vinmonopolet";"3367302";"Nansen X.O.";"Nansen X.O.";"0";"460";"0.5";"920";"Grape spirit";"Glass";"40";"2.3"
"Vinmonopolet";"3367701";"DomÃ¬ni Veneti La Casetta Ripasso Valpolcella Classico Superiore 2017";"DomÃ¬ni Veneti La Casetta Ripasso Valpolcella Classico Superiore";"2017";"250";"0.75";"333.33";"RÃ¸dvin";"Glass";"14";"2.3809524"
"Vinmonopolet";"3368701";"Coto de Imaz Gran Reserva 2012";"Coto de Imaz Gran Reserva";"2012";"269.9";"0.75";"359.87";"RÃ¸dvin";"Glass";"13.5";"2.665679"
"Vinmonopolet";"3368901";"RÃ©my Martin X.O. Excellence";"RÃ©my Martin X.O. Excellence";"0";"1599.9";"0.7";"2285.57";"Grape spirit";"Glass";"40";"5.7139287"
"Vinmonopolet";"3374301";"Gilde Maquavit";"Gilde Maquavit";"0";"474.9";"0.7";"678.43";"Aquavit";"Glass";"40";"1.6960714"
"Vinmonopolet";"3374401";"Braastad V.S.O.P. RÃ©serve";"Braastad V.S.O.P. RÃ©serve";"0";"649.9";"1";"649.9";"Grape spirit";"Glass";"40";"1.62475"
"Vinmonopolet";"3374601";"Les Launes Crozes Hermitage 2018";"Les Launes Crozes Hermitage";"2018";"259.9";"0.75";"346.53";"RÃ¸dvin";"Glass";"14";"2.475238"
"Vinmonopolet";"3377901";"Baron de Ley Gran Reserva 2013";"Baron de Ley Gran Reserva";"2013";"254.9";"0.75";"339.87";"RÃ¸dvin";"Glass";"13.5";"2.517531"
"Vinmonopolet";"3379301";"Barefoot Zinfandel";"Barefoot Zinfandel";"0";"139.9";"0.75";"186.53";"RÃ¸dvin";"Glass";"13.5";"1.3817283"
"Vinmonopolet";"3379701";"Fru Lysholm Aquavit";"Fru Lysholm Aquavit";"0";"384.9";"0.7";"549.86";"Aquavit";"Glass";"38";"1.4469925"
"Vinmonopolet";"3381001";"Ruinart Blanc de Blancs Brut";"Ruinart Blanc de Blancs Brut";"0";"699.9";"0.75";"933.2";"Champagne, brut";"Glass";"12.5";"7.4656005"
"Vinmonopolet";"3381005";"Ruinart Blanc de Blancs Brut";"Ruinart Blanc de Blancs Brut";"0";"1419.9";"1.5";"946.6";"Champagne, brut";"Glass";"12.5";"7.5728"
"Vinmonopolet";"3384301";"Balvenie PortWood 21 YO";"Balvenie PortWood 21 YO";"0";"1999.9";"0.7";"2857";"Whisky";"Glass";"40";"7.1425004"
"Vinmonopolet";"3387101";"Feudo Monaci Primitivo 2018";"Feudo Monaci Primitivo";"2018";"169.5";"0.75";"226";"RÃ¸dvin";"Glass";"13.5";"1.674074"
"Vinmonopolet";"3388701";"Dr. L Riesling Trocken 2018";"Dr. L Riesling Trocken";"2018";"139.9";"0.75";"186.53";"White wine";"Glass";"12";"1.5544444"
"Vinmonopolet";"3389601";"Fonseca Bin No 27";"Fonseca Bin No 27";"0";"309.9";"0.75";"413.2";"Port wine";"Glass";"20";"2.066"
"Vinmonopolet";"3389701";"Fonseca 10 Year Old Tawny";"Fonseca 10 Year Old Tawny";"0";"439.9";"0.75";"586.53";"Port wine";"Glass";"20";"2.9326665"
"Vinmonopolet";"3390301";"Legras Blanc de Blancs Brut";"Legras Blanc de Blancs Brut";"0";"479.9";"0.75";"639.87";"Champagne, brut";"Glass";"12";"5.332222"
"Vinmonopolet";"3390401";"Legras St. Vincent 2008";"Legras St. Vincent";"2008";"899.9";"0.75";"1199.87";"Champagne, brut";"Glass";"12";"9.998889"
"Vinmonopolet";"3393001";"Clontarf Irish Whiskey";"Clontarf Irish Whiskey";"0";"409.9";"0.7";"585.57";"Whisky";"Glass";"40";"1.4639286"
"Vinmonopolet";"3393501";"Black Tower Classic Riesling 2019";"Black Tower Classic Riesling";"2019";"114.9";"0.75";"153.2";"White wine";"Glass";"12.5";"1.2256"
"Vinmonopolet";"3394101";"Fonseca Guimaraens Vintage 2008";"Fonseca Guimaraens Vintage";"2008";"1134.9";"0.75";"1513.2";"Port wine";"Glass";"20.5";"7.3814635"
"Vinmonopolet";"3394801";"Terre Nere Etna Bianco 2018";"Terre Nere Etna Bianco";"2018";"255";"0.75";"340";"White wine";"Glass";"12.5";"2.72"
"Vinmonopolet";"3395201";"Felsina Maestro Raro 2012";"Felsina Maestro Raro";"2012";"450.8";"0.75";"601.07";"RÃ¸dvin";"Glass";"14";"4.293333"
"Vinmonopolet";"3395602";"Edge Brewing Hoptimista IPA";"Edge Brewing Hoptimista IPA";"0";"53.8";"0.33";"163.03";"India pale ale";"Glass";"6.6";"2.470156"
"Vinmonopolet";"3395701";"Metis Sauvignon Blanc 2014";"Metis Sauvignon Blanc";"2014";"250";"0.75";"333.33";"White wine";"Glass";"13.5";"2.4691358"
"Vinmonopolet";"3396001";"Duval-Leroy Prestige Premier Cru Brut RosÃ©";"Duval-Leroy Prestige Premier Cru Brut RosÃ©";"0";"725";"0.75";"966.67";"Champagne, rosÃ©";"Glass";"12";"8.055555"
"Vinmonopolet";"3396005";"Duval-Leroy Prestige Premier Cru Brut RosÃ©";"Duval-Leroy Prestige Premier Cru Brut RosÃ©";"0";"1400";"1.5";"933.33";"Champagne, rosÃ©";"Glass";"12";"7.7777777"
"Vinmonopolet";"3396101";"Ch. Montifaud Vieux Pineau des Charentes Rouge";"Ch. Montifaud Vieux Pineau des Charentes Rouge";"0";"309.9";"0.75";"413.2";"Fortified wine";"Glass";"17";"2.4305882"
"Vinmonopolet";"3396201";"Tres 14 Imperfecto 2011";"Tres 14 Imperfecto";"2011";"599.9";"0.75";"799.87";"RÃ¸dvin";"Glass";"15";"5.3324447"
"Vinmonopolet";"3396302";"Egge GÃ¥rd Kongeakevitt 2018";"Egge GÃ¥rd Kongeakevitt";"2018";"374.9";"0.5";"749.8";"Aquavit";"Glass";"40";"1.8744999"
"Vinmonopolet";"3396402";"Egge GÃ¥rd TÃ¸mrer akevitt";"Egge GÃ¥rd TÃ¸mrer akevitt";"2015";"351";"0.5";"702";"Aquavit";"Glass";"40";"1.755"
"Vinmonopolet";"3396802";"Ãgir Yggdrasil Akevitt 2015";"Ãgir Yggdrasil Akevitt";"2015";"359.9";"0.5";"719.8";"Aquavit";"Glass";"40";"1.7995"
"Vinmonopolet";"3396901";"Maxime Trijol Fins Bois 1975";"Maxime Trijol Fins Bois";"1975";"2200";"0.7";"3142.86";"Grape spirit";"Glass";"40";"7.857143"
"Vinmonopolet";"3397001";"Hardys Nottage Hill Pinot Noir 2014";"Hardys Nottage Hill Pinot Noir";"2014";"109.9";"0.75";"146.53";"RÃ¸dvin";"Glass";"13";"1.1271795"
"Vinmonopolet";"3397101";"Maxime Trijol Extra Grande Champagne";"Maxime Trijol Extra Grande Champagne";"0";"1599.5";"0.7";"2285";"Grape spirit";"Glass";"40";"5.7125"
"Vinmonopolet";"3397202";"De Luze Cognac de NoÃ«l XO Fine Champagne";"De Luze Cognac de NoÃ«l XO Fine Champagne";"0";"549.9";"0.5";"1099.8";"Grape spirit";"Glass";"40";"2.7495"
"Vinmonopolet";"3399401";"Geil Sabrura Riesling 2019";"Geil Sabrura Riesling";"2019";"169";"0.75";"225.33";"White wine";"Glass";"11.5";"1.9594203"
"Vinmonopolet";"3399501";"J.Dupont Art DÃ©co Grande Champagne XO";"J.Dupont Art DÃ©co Grande Champagne XO";"0";"1399.9";"0.7";"1999.86";"Grape spirit";"Glass";"40";"4.999643"
"Vinmonopolet";"3399601";"J.Dupont Art Nouveau Grande Champagne VSOP";"J.Dupont Art Nouveau Grande Champagne VSOP";"0";"889.9";"0.7";"1271.29";"Grape spirit";"Glass";"40";"3.1782143"
"Vinmonopolet";"3399705";"Dom. du SÃ©minaire CÃ´tes du RhÃ´ne Villages ValrÃ©as Prestige 2016";"Dom. du SÃ©minaire CÃ´tes du RhÃ´ne Villages ValrÃ©as Prestige";"2016";"299.7";"1.5";"199.8";"RÃ¸dvin";"Glass";"14";"1.4271429"
"Vinmonopolet";"3400201";"Mullineux Granite Chenin 2016";"Mullineux Granite Chenin";"2016";"599";"0.75";"798.67";"White wine";"Glass";"13.5";"5.9160495"
"Vinmonopolet";"3400502";"Hadeland Aquavit";"Hadeland Aquavit";"0";"365";"0.5";"730";"Aquavit";"Glass";"40";"1.825"
"Vinmonopolet";"3401202";"Staropramen";"Staropramen";"0";"34.9";"0.33";"105.76";"Light lager";"Glass";"5";"2.1151514"
"Vinmonopolet";"3401301";"Villa Molino Valpolicella Ripasso 2014";"Villa Molino Valpolicella Ripasso";"2014";"309.9";"0.75";"413.2";"RÃ¸dvin";"Glass";"13.5";"3.0607407"
"Vinmonopolet";"3401801";"Villa Molino Amarone della Valpolicella 2013";"Villa Molino Amarone della Valpolicella";"2013";"414.9";"0.75";"553.2";"RÃ¸dvin";"Glass";"15";"3.688"
"Vinmonopolet";"3402002";"La Trappe Blond";"La Trappe Blond";"0";"49.9";"0.33";"151.21";"Trappist";"Glass";"6.5";"2.3263402"
"Vinmonopolet";"3402102";"La Trappe Dubbel Trappistenbier";"La Trappe Dubbel Trappistenbier";"0";"54.9";"0.33";"166.36";"Trappist";"Glass";"7";"2.3766234"
"Vinmonopolet";"3402401";"Aveleda Alvarinho 2018";"Aveleda Alvarinho";"2018";"165";"0.75";"220";"White wine";"Glass";"12";"1.8333334"
"Vinmonopolet";"3402701";"Cant. Terlano Quarz Sauvignon Blanc 2016";"Cant. Terlano Quarz Sauvignon Blanc";"2016";"483.9";"0.75";"645.2";"White wine";"Glass";"14";"4.6085715"
"Vinmonopolet";"3402901";"Les Griffons de Pichon Baron 2012";"Les Griffons de Pichon Baron";"2012";"678.9";"0.75";"905.2";"RÃ¸dvin";"Glass";"13";"6.963077"
"Vinmonopolet";"3403102";"OppegÃ¥rd Jubileumsaquavit";"OppegÃ¥rd Jubileumsaquavit";"0";"365";"0.5";"730";"Aquavit";"Glass";"40";"1.825"
"Vinmonopolet";"3403301";"ViÃ±as Viejas de Cebreros Pegaso Granito 2010";"ViÃ±as Viejas de Cebreros Pegaso Granito";"2010";"329.9";"0.75";"439.87";"RÃ¸dvin";"Glass";"14.5";"3.0335631"
"Vinmonopolet";"3403502";"San Miguel Especial";"San Miguel Especial";"0";"30.9";"0.33";"93.64";"Light lager";"Glass";"5.4";"1.7340066"
"Vinmonopolet";"3403602";"Hoegaarden Wit";"Hoegaarden Wit";"0";"40.9";"0.33";"123.94";"HveteÃ¸l";"Glass";"4.9";"2.5293753"
"Vinmonopolet";"3403802";"Leffe Brune";"Leffe Brune";"0";"44.9";"0.33";"136.06";"Brown ale";"Glass";"6.5";"2.09324"
"Vinmonopolet";"3403908";"De Luze (5x20cl)";"De Luze (5x20cl)";"0";"949.9";"1";"949.9";"Grape spirit";"Ãvrig";"40";"2.3747501"
"Vinmonopolet";"3404401";"Cape Rock White 2016";"Cape Rock White";"2016";"239.9";"0.75";"319.87";"White wine";"Glass";"11.5";"2.7814493"
"Vinmonopolet";"3405001";"Jean Geiler Wineck-Schlossberg Grand Cru Riesling 2015";"Jean Geiler Wineck-Schlossberg Grand Cru Riesling";"2015";"259.9";"0.75";"346.53";"White wine";"Glass";"13.5";"2.5669136"
"Vinmonopolet";"3405402";"Paulaner Hefe-Weissbier";"Paulaner Hefe-Weissbier";"0";"49.9";"0.5";"99.8";"HveteÃ¸l";"Glass";"5.5";"1.8145455"
"Vinmonopolet";"3405501";"Gilde Ekstra modnet juleaquavit 2019";"Gilde Ekstra modnet juleaquavit";"2019";"499.9";"0.7";"714.14";"Aquavit";"Glass";"40";"1.7853571"
"Vinmonopolet";"3406001";"Port Ellen 32 YO Limited Edition 1983";"Port Ellen 32 YO Limited Edition";"1983";"22999.9";"0.7";"32857";"Whisky";"Glass";"53.9";"60.959183"
"Vinmonopolet";"3407101";"Ochota Barrels The price of silence 2019";"Ochota Barrels The price of silence";"2019";"399.9";"0.75";"533.2";"RÃ¸dvin";"Glass";"12.4";"4.3"
"Vinmonopolet";"3409301";"Piccini Rosso di Montalcino 2014";"Piccini Rosso di Montalcino";"2014";"219.8";"0.75";"293.07";"RÃ¸dvin";"Glass";"13.5";"2.1708643"
"Vinmonopolet";"3410001";"Ch. La Nerthe CÃ´tes-du-RhÃ´ne Villages 2018";"Ch. La Nerthe CÃ´tes-du-RhÃ´ne Villages";"2018";"234.9";"0.75";"313.2";"RÃ¸dvin";"Glass";"14.5";"2.1599998"
"Vinmonopolet";"3410201";"Deutz Brut 2014";"Deutz Brut";"2014";"599.9";"0.75";"799.87";"Champagne, brut";"Glass";"12";"6.665556"
"Vinmonopolet";"3410901";"Aviation Gin";"Aviation Gin";"0";"579.9";"0.7";"828.43";"Gin";"Glass";"42";"1.9724491"
"Vinmonopolet";"3411401";"Mullineux Iron Syrah 2017";"Mullineux Iron Syrah";"2017";"799";"0.75";"1065.33";"RÃ¸dvin";"Glass";"13.5";"7.891358"
"Vinmonopolet";"3411501";"Mullineux Schist Syrah 2016";"Mullineux Schist Syrah";"2016";"799";"0.75";"1065.33";"RÃ¸dvin";"Glass";"13.5";"7.891358"
"Vinmonopolet";"3411801";"Bonneau du Martray Corton-Charlemagne Grand Cru 2015";"Bonneau du Martray Corton-Charlemagne Grand Cru";"2015";"1569.9";"0.75";"2093.2";"White wine";"Glass";"13.5";"15.505185"
"Vinmonopolet";"3411901";"Le Rive CuvÃ©e Extra Dry 2019";"Le Rive CuvÃ©e Extra Dry";"2019";"193.6";"0.75";"258.13";"Sparkling wine";"Glass";"11";"2.3466668"
"Vinmonopolet";"3412101";"Hammeken OrÃ¡culo 2010";"Hammeken OrÃ¡culo";"2010";"490";"0.75";"653.33";"RÃ¸dvin";"Glass";"14.5";"4.5057473"
"Vinmonopolet";"3412202";"Leffe Blond";"Leffe Blond";"0";"44.9";"0.33";"136.06";"Light ale";"Glass";"6.6";"2.0615244"
"Vinmonopolet";"3412401";"Zuccardi Concreto Malbec 2018";"Zuccardi Concreto Malbec";"2018";"259.9";"0.75";"346.53";"RÃ¸dvin";"Glass";"14.5";"2.389885"
"Vinmonopolet";"3413001";"Cast. di Bossi Chianti Classico 2016";"Cast. di Bossi Chianti Classico";"2016";"235.8";"0.75";"314.4";"RÃ¸dvin";"Glass";"14";"2.2457144"
"Vinmonopolet";"3413101";"Cast. di Bossi Berardo Chianti Classico Riserva 2012";"Cast. di Bossi Berardo Chianti Classico Riserva";"2012";"319.4";"0.75";"425.87";"RÃ¸dvin";"Glass";"14.5";"2.9370115"
"Vinmonopolet";"3413201";"Renieri Brunello di Montalcino 2011";"Renieri Brunello di Montalcino";"2011";"500";"0.75";"666.67";"RÃ¸dvin";"Glass";"14.5";"4.597701"
"Vinmonopolet";"3414101";"Spey 12 YO";"Spey 12 YO";"0";"818";"0.7";"1168.57";"Whisky";"Glass";"40";"2.9214287"
"Vinmonopolet";"3414201";"Spey TennÃ©";"Spey TennÃ©";"0";"765";"0.7";"1092.86";"Whisky";"Glass";"46";"2.3757765"
"Vinmonopolet";"3414301";"Spey Chairman's Choice";"Spey Chairman's Choice";"0";"1155";"0.7";"1650";"Whisky";"Glass";"40";"4.125"
"Vinmonopolet";"3415701";"Avion Reposado Tequila";"Avion Reposado Tequila";"0";"760";"0.7";"1085.71";"Fruit spirit";"Glass";"40";"2.7142859"
"Vinmonopolet";"3416001";"Tyler Santa Barbara County Chardonnay 2016";"Tyler Santa Barbara County Chardonnay";"2016";"279.9";"0.75";"373.2";"White wine";"Glass";"12.5";"2.9856"
"Vinmonopolet";"3416101";"Del Ducato Krampus Riserva Strepponi 2015";"Del Ducato Krampus Riserva Strepponi";"2015";"174.7";"0.75";"232.93";"Trappist";"Glass";"9";"2.588148"
"Vinmonopolet";"3416201";"Del Ducato Krampus";"Del Ducato Krampus";"0";"152.8";"0.75";"203.73";"Trappist";"Glass";"9";"2.2637038"
"Vinmonopolet";"3417001";"Castello di Ama Chianti Classico 2013";"Castello di Ama Chianti Classico";"2013";"277.4";"0.75";"369.87";"RÃ¸dvin";"Glass";"12.5";"2.9589334"
"Vinmonopolet";"3419702";"Hardanger Sider Trolltunga 2016";"Hardanger Sider Trolltunga";"2016";"77.6";"0.35";"221.71";"Cider";"Glass";"8";"2.7714286"
"Vinmonopolet";"3420106";"MarquÃ©s de Nombrevilla Garnacha 2019";"MarquÃ©s de Nombrevilla Garnacha";"2019";"419.9";"3";"139.97";"RÃ¸dvin";"Bag-in-box";"13.5";"1.0367901"
"Vinmonopolet";"3420202";"Gilde Dill Aquavit";"Gilde Dill Aquavit";"0";"324.9";"0.5";"649.8";"Aquavit";"Glass";"38";"1.7099999"
"Vinmonopolet";"3420302";"Fru Lysholm Aquavit";"Fru Lysholm Aquavit";"0";"309.9";"0.5";"619.8";"Aquavit";"Plast";"38";"1.6310526"
"Vinmonopolet";"3420501";"Fresita";"Fresita";"0";"108.9";"0.75";"145.2";"Flavoured wine	";"Glass";"8";"1.815"
"Vinmonopolet";"3420504";"Fresita";"Fresita";"0";"39.9";"0.2";"199.5";"Flavoured wine	";"Glass";"8";"2.49375"
"Vinmonopolet";"3420601";"Pousse RapiÃ¨re Liqueur l'Armagnac";"Pousse RapiÃ¨re Liqueur l'Armagnac";"0";"350";"0.7";"500";"LikÃ¸r";"Glass";"20";"2.5"
"Vinmonopolet";"3421901";"Odfjell Armador Carmenere 2018";"Odfjell Armador Carmenere";"2018";"149.9";"0.75";"199.87";"RÃ¸dvin";"Glass";"13";"1.5374359"
"Vinmonopolet";"3424001";"Gran Duque de Alba Solera Gran Reserva";"Gran Duque de Alba Solera Gran Reserva";"0";"679.9";"0.7";"971.29";"Grape spirit";"Glass";"40";"2.4282143"
"Vinmonopolet";"3424201";"Bergens Aquavit 1818";"Bergens Aquavit";"0";"469.9";"0.7";"671.29";"Aquavit";"Glass";"41.5";"1.617556"
"Vinmonopolet";"3425901";"Beaulieu Vineyard Napa Valley Cabernet Sauvignon";"Beaulieu Vineyard Napa Valley Cabernet Sauvignon";"2016";"349.9";"0.75";"466.53";"RÃ¸dvin";"Glass";"15";"3.110222"
"Vinmonopolet";"3426801";"Nansen V.S.";"Nansen V.S.";"0";"445";"0.7";"635.71";"Grape spirit";"Glass";"40";"1.5892857"
"Vinmonopolet";"3428501";"Boris Jelzin Vodka";"Boris Jelzin Vodka";"0";"439.9";"1";"439.9";"Vodka";"Glass";"37.5";"1.1730666"
"Vinmonopolet";"3429301";"Castillo Perelada Cava Gran Claustro Brut Nature Reserva 2013";"Castillo Perelada Cava Gran Claustro Brut Nature Reserva";"2013";"304.9";"0.75";"406.53";"Sparkling wine";"Glass";"12";"3.3877778"
"Vinmonopolet";"3429501";"Castillo Perelada 5 Fincas Reserva 2016";"Castillo Perelada 5 Fincas Reserva";"2016";"200";"0.75";"266.67";"RÃ¸dvin";"Glass";"14";"1.9047619"
"Vinmonopolet";"3430401";"Odfjell Orzada Carignan 2018";"Odfjell Orzada Carignan";"2018";"214.9";"0.75";"286.53";"RÃ¸dvin";"Glass";"15";"1.9102222"
"Vinmonopolet";"3433801";"Innocenti Chianti Colli Senesi 2012";"Innocenti Chianti Colli Senesi";"2012";"189";"0.75";"252";"RÃ¸dvin";"Glass";"13.5";"1.8666667"
"Vinmonopolet";"3433901";"Innocenti Rosso di Montepulciano 2016";"Innocenti Rosso di Montepulciano";"2016";"198";"0.75";"264";"RÃ¸dvin";"Glass";"14";"1.8857143"
"Vinmonopolet";"3434601";"Hirsch GrÃ¼ner Veltliner Heiligenstein 2018";"Hirsch GrÃ¼ner Veltliner Heiligenstein";"2018";"229.9";"0.75";"306.53";"White wine";"Glass";"12.5";"2.4522667"
"Vinmonopolet";"3434801";"Zaccagnini San Clemente Montepulciano dÂ´Abruzzo Terre di Casauria Riserva 2015";"Zaccagnini San Clemente Montepulciano dÂ´Abruzzo Terre di Casauria Riserva";"2015";"439.9";"0.75";"586.53";"RÃ¸dvin";"Glass";"14.5";"4.0450573"
"Vinmonopolet";"3434901";"Ratti Barbera d'Alba 2018";"Ratti Barbera d'Alba";"2018";"179.9";"0.75";"239.87";"RÃ¸dvin";"Glass";"14.5";"1.6542528"
"Vinmonopolet";"3435101";"Ratti Barolo Marcenasco Conca 2015";"Ratti Barolo Marcenasco Conca";"2015";"599.9";"0.75";"799.87";"RÃ¸dvin";"Glass";"14";"5.7133336"
"Vinmonopolet";"3435301";"ZÃ¶bing Riesling 2018";"ZÃ¶bing Riesling";"2018";"239.9";"0.75";"319.87";"White wine";"Glass";"12.5";"2.5589333"
"Vinmonopolet";"3435601";"Dom. de Pierredon 2015";"Dom. de Pierredon";"2015";"209.9";"0.75";"279.87";"RÃ¸dvin";"Glass";"14.5";"1.9301149"
"Vinmonopolet";"3435801";"Lepanto O.V. Solera Gran Reserva";"Lepanto O.V. Solera Gran Reserva";"0";"439.5";"0.7";"627.86";"Grape spirit";"Glass";"36";"1.7440476"
"Vinmonopolet";"3436301";"Willi Schaefer Graacher Domprobst Riesling Auslese 2011";"Willi Schaefer Graacher Domprobst Riesling Auslese";"2011";"399.9";"0.75";"533.2";"White wine";"Glass";"7.5";"7.109333"
"Vinmonopolet";"3438701";"Odfjell Armador Cabernet Sauvignon 2017";"Odfjell Armador Cabernet Sauvignon";"2017";"149.9";"0.75";"199.87";"RÃ¸dvin";"Glass";"13.5";"1.4804938"
"Vinmonopolet";"3440001";"Glenfiddich 21 YO Reserva Rum Cask Finish";"Glenfiddich 21 YO Reserva Rum Cask Finish";"0";"1899.9";"0.7";"2714.14";"Whisky";"Glass";"40";"6.7853575"
"Vinmonopolet";"3446301";"Olivier Leflaive Bourgogne Rouge CuvÃ©e Margot 2015";"Olivier Leflaive Bourgogne Rouge CuvÃ©e Margot";"2015";"284.9";"0.75";"379.87";"RÃ¸dvin";"Glass";"13";"2.9220512"
"Vinmonopolet";"3448201";"Ch. Verdignan 2009";"Ch. Verdignan";"2009";"312.9";"0.75";"417.2";"RÃ¸dvin";"Glass";"13.5";"3.0903704"
"Vinmonopolet";"3448205";"Ch. Verdignan 2010";"Ch. Verdignan";"2010";"599.9";"1.5";"399.93";"RÃ¸dvin";"Glass";"13.5";"2.9624693"
"Vinmonopolet";"3448601";"Dr. L Graacher Himmelreich Riesling Kabinett 2018";"Dr. L Graacher Himmelreich Riesling Kabinett";"2018";"129.9";"0.75";"173.2";"White wine";"Glass";"7.5";"2.3093333"
"Vinmonopolet";"3448701";"Odfjell Aliara 2014";"Odfjell Aliara";"2014";"349.9";"0.75";"466.53";"RÃ¸dvin";"Glass";"14";"3.332381"
"Vinmonopolet";"3448905";"Caiano Chianti Classico Riserva 2006";"Caiano Chianti Classico Riserva";"2006";"516.9";"1.5";"344.6";"RÃ¸dvin";"Glass";"14";"2.4614286"
"Vinmonopolet";"3449201";"CrÃ©mant de Loire Langlois";"CrÃ©mant de Loire Langlois";"0";"254.9";"0.75";"339.87";"Sparkling wine";"Glass";"12.5";"2.7189333"
"Vinmonopolet";"3452401";"Comte Lafond Sancerre 2018";"Comte Lafond Sancerre";"2018";"347.5";"0.75";"463.33";"White wine";"Glass";"12.5";"3.7066667"
"Vinmonopolet";"3452501";"RÃ©gnard Chablis 2017";"RÃ©gnard Chablis";"2017";"309.9";"0.75";"413.2";"White wine";"Glass";"12.5";"3.3056"
"Vinmonopolet";"3452601";"RÃ©gnard Chablis 1. Cru Vaillons 2014";"RÃ©gnard Chablis 1. Cru Vaillons";"2014";"469.5";"0.75";"626";"White wine";"Glass";"13";"4.8153844"
"Vinmonopolet";"3453101";"Hugel Estate Riesling 2014";"Hugel Estate Riesling";"2014";"304.9";"0.75";"406.53";"White wine";"Glass";"12.5";"3.2522666"
"Vinmonopolet";"3453201";"Hugel Classic Pinot Gris 2017";"Hugel Classic Pinot Gris";"2017";"249.9";"0.75";"333.2";"White wine";"Glass";"14";"2.3799999"
"Vinmonopolet";"3453301";"Gentil Hugel 2018";"Gentil Hugel";"2018";"159.5";"0.75";"212.67";"White wine";"Glass";"12.5";"1.7013333"
"Vinmonopolet";"3453305";"Gentil Hugel 2015";"Gentil Hugel";"2015";"419.9";"1.5";"279.93";"White wine";"Glass";"12.5";"2.2394667"
"Vinmonopolet";"3453601";"Le Chiuse Brunello di Montalcino 2014";"Le Chiuse Brunello di Montalcino";"2014";"629.9";"0.75";"839.87";"RÃ¸dvin";"Glass";"14";"5.9990478"
"Vinmonopolet";"3453701";"Corte San Benedetto Amarone della Valpolicella Classico 2011";"Corte San Benedetto Amarone della Valpolicella Classico";"2011";"599.9";"0.75";"799.87";"RÃ¸dvin";"Glass";"16";"4.999167"
"Vinmonopolet";"3455001";"Baron de Ley Reserva 2015";"Baron de Ley Reserva";"2015";"189.5";"0.75";"252.67";"RÃ¸dvin";"Glass";"13.5";"1.8716049"
"Vinmonopolet";"3455007";"Baron de Ley Reserva";"Baron de Ley Reserva";"2013";"4600";"15";"306.67";"RÃ¸dvin";"Glass";"13.5";"2.271605"
"Vinmonopolet";"3455101";"El Coto Blanco 2018";"El Coto Blanco";"2018";"149.5";"0.75";"199.33";"White wine";"Glass";"13";"1.5333333"
"Vinmonopolet";"3455201";"El Coto Crianza 2016";"El Coto Crianza";"2016";"149.5";"0.75";"199.33";"RÃ¸dvin";"Glass";"13";"1.5333333"
"Vinmonopolet";"3455302";"Lapponia Mustikka";"Lapponia Mustikka";"0";"189.9";"0.5";"379.8";"LikÃ¸r";"Glass";"21";"1.8085713"
"Vinmonopolet";"3455501";"De Bortoli Estate Grown Yarra Valley Shiraz 2013";"De Bortoli Estate Grown Yarra Valley Shiraz";"2013";"289.8";"0.75";"386.4";"RÃ¸dvin";"Glass";"13.5";"2.8622222"
"Vinmonopolet";"3456601";"Dom. Vocoret Chablis 2017";"Dom. Vocoret Chablis";"2017";"209.9";"0.75";"279.87";"White wine";"Glass";"12.5";"2.2389333"
"Vinmonopolet";"3458101";"Gran Feudo Chardonnay 2017";"Gran Feudo Chardonnay";"2017";"184.9";"0.75";"246.53";"White wine";"Glass";"13";"1.8964102"
"Vinmonopolet";"3458201";"Chivite Coleccion 125 Reserva 2012";"Chivite Coleccion 125 Reserva";"2012";"330.3";"0.75";"440.4";"RÃ¸dvin";"Glass";"13";"3.3876922"
"Vinmonopolet";"3460701";"DomÃ¬ni Veneti Valpolicella Classico Superiore 2017";"DomÃ¬ni Veneti Valpolicella Classico Superiore";"2017";"129.9";"0.75";"173.2";"RÃ¸dvin";"Glass";"13";"1.3323076"
"Vinmonopolet";"3461001";"ViÃ±a Tondonia Reserva 2007";"ViÃ±a Tondonia Reserva";"2007";"359.9";"0.75";"479.87";"RÃ¸dvin";"Glass";"13";"3.691282"
"Vinmonopolet";"3461901";"Bolla Soave Classico 2017";"Bolla Soave Classico";"2017";"154.9";"0.75";"206.53";"White wine";"Glass";"12.5";"1.6522666"
"Vinmonopolet";"3462001";"Bolla Valpolicella Classico 2017";"Bolla Valpolicella Classico";"2017";"196.5";"0.75";"262";"RÃ¸dvin";"Glass";"12.5";"2.096"
"Vinmonopolet";"3462201";"Bolla Amarone della Valpolicella Classico 2014";"Bolla Amarone della Valpolicella Classico";"2014";"379.9";"0.75";"506.53";"RÃ¸dvin";"Glass";"15";"3.3768888"
"Vinmonopolet";"3462501";"Hardy XO Fine Champagne";"Hardy XO Fine Champagne";"0";"594.5";"0.7";"849.29";"Grape spirit";"Glass";"40";"2.1232142"
"Vinmonopolet";"3462601";"Marchese Antinori Chianti Classico Riserva 2016";"Marchese Antinori Chianti Classico Riserva";"2016";"359";"0.75";"478.67";"RÃ¸dvin";"Glass";"14";"3.4190476"
"Vinmonopolet";"3463501";"Jacques Lassaigne Les Vignes de Montgueux Blanc de Blancs Extra Brut";"Jacques Lassaigne Les Vignes de Montgueux Blanc de Blancs Extra Brut";"0";"449.9";"0.75";"599.87";"Champagne extra brut";"Glass";"12";"4.998889"
"Vinmonopolet";"3463701";"Ch. Coufran 2017";"Ch. Coufran";"2017";"299.9";"0.75";"399.87";"RÃ¸dvin";"Glass";"13.5";"2.9619753"
"Vinmonopolet";"3463702";"Ch. Coufran";"Ch. Coufran";"2015";"170";"0.38";"453.33";"RÃ¸dvin";"Glass";"13.5";"3.3138402"
"Vinmonopolet";"3463705";"Ch. Coufran 2015";"Ch. Coufran";"2015";"564.9";"1.5";"376.6";"RÃ¸dvin";"Glass";"13.5";"2.7896297"
"Vinmonopolet";"3463902";"De Luze V.S.";"De Luze V.S.";"0";"299.9";"0.5";"599.8";"Grape spirit";"Plast";"40";"1.4994999"
"Vinmonopolet";"3463905";"De Luze V.S.";"De Luze V.S.";"0";"1150";"1.5";"766.67";"Grape spirit";"Glass";"40";"1.9166666"
"Vinmonopolet";"3463907";"De Luze V.S.";"De Luze V.S.";"0";"2000";"3";"666.67";"Grape spirit";"Glass";"40";"1.6666666"
"Vinmonopolet";"3465401";"FÃ¨lsina Berardenga Chianti Classico 2017";"FÃ¨lsina Berardenga Chianti Classico";"2017";"189.9";"0.75";"253.2";"RÃ¸dvin";"Glass";"13";"1.9476923"
"Vinmonopolet";"3467201";"Tommasi Amarone Monte Masua Valpolicella Classico Il Sestante 2015";"Tommasi Amarone Monte Masua Valpolicella Classico Il Sestante";"2015";"399.9";"0.75";"533.2";"RÃ¸dvin";"Glass";"15";"3.5546665"
"Vinmonopolet";"3467601";"Ruinart RosÃ©, Brut";"Ruinart RosÃ©, Brut";"0";"699.9";"0.75";"933.2";"Champagne, rosÃ©";"Glass";"12.5";"7.4656005"
"Vinmonopolet";"3467605";"Ruinart RosÃ©, Brut";"Ruinart RosÃ©, Brut";"0";"1419.9";"1.5";"946.6";"Champagne, rosÃ©";"Glass";"12.5";"7.5728"
"Vinmonopolet";"3468601";"Zenato Amarone della Valpolicella Classico 2015";"Zenato Amarone della Valpolicella Classico";"2015";"479.9";"0.75";"639.87";"RÃ¸dvin";"Glass";"16.5";"3.8779798"
"Vinmonopolet";"3468701";"Zenato Valpolicella Superiore Ripassa 2016";"Zenato Valpolicella Superiore Ripassa";"2016";"229.9";"0.75";"306.53";"RÃ¸dvin";"Glass";"14";"2.1895237"
"Vinmonopolet";"3468705";"Zenato Valpolicella Superiore Ripassa 2016";"Zenato Valpolicella Superiore Ripassa";"2016";"649.9";"1.5";"433.27";"RÃ¸dvin";"Glass";"14";"3.094762"
"Vinmonopolet";"3468801";"Zenato Valpolicella Classico Superiore 2017";"Zenato Valpolicella Classico Superiore";"2017";"179.9";"0.75";"239.87";"RÃ¸dvin";"Glass";"13.5";"1.77679"
"Vinmonopolet";"3473801";"Matsu El Viejo Tinta de Toro 2016";"Matsu El Viejo Tinta de Toro";"2016";"373.6";"0.75";"498.13";"RÃ¸dvin";"Glass";"15";"3.320889"
"Vinmonopolet";"3474205";"Hardanger Dronningsider 2017";"Hardanger Dronningsider";"2017";"371";"1.5";"247.33";"Cider";"Glass";"8";"3.0916667"
"Vinmonopolet";"3476601";"Henri Bourgeois Sancerre La Bourgeoise 2016";"Henri Bourgeois Sancerre La Bourgeoise";"2016";"300";"0.75";"400";"White wine";"Glass";"13";"3.0769231"
"Vinmonopolet";"3476901";"Primoris Narvik Breganze Superiore Merlot 2017";"Primoris Narvik Breganze Superiore Merlot";"2017";"179";"0.75";"238.67";"RÃ¸dvin";"Glass";"13";"1.8358974"
"Vinmonopolet";"3478401";"Dr. L Riesling Kabinett 2019";"Dr. L Riesling Kabinett";"2019";"114.9";"0.75";"153.2";"White wine";"Glass";"8";"1.9150001"
"Vinmonopolet";"3480501";"Palmer Blanc de Blancs Brut";"Palmer Blanc de Blancs Brut";"2011";"599.9";"0.75";"799.87";"Champagne, brut";"Glass";"12";"6.665556"
"Vinmonopolet";"3483901";"Kutch Falstaff Pinot Noir 2016";"Kutch Falstaff Pinot Noir";"2016";"529";"0.75";"705.33";"RÃ¸dvin";"Glass";"12";"5.8777776"
"Vinmonopolet";"3484201";"Raddeck Edition 2HÃ¼gel Roter Hang Riesling trocken 2018";"Raddeck Edition 2HÃ¼gel Roter Hang Riesling trocken";"2018";"195.1";"0.75";"260.13";"White wine";"Glass";"12.5";"2.0810668"
"Vinmonopolet";"3484401";"Raddeck SpÃ¤tburgunder 2015";"Raddeck SpÃ¤tburgunder";"2015";"177.8";"0.75";"237.07";"RÃ¸dvin";"Glass";"13";"1.8235898"
"Vinmonopolet";"3484601";"Raddeck Edition S Heiligenbaum Riesling trocken 2015";"Raddeck Edition S Heiligenbaum Riesling trocken";"2015";"236.5";"0.75";"315.33";"White wine";"Glass";"12.5";"2.5226667"
"Vinmonopolet";"3484801";"Raddeck Riesling trocken 2018";"Raddeck Riesling trocken";"2018";"178.3";"0.75";"237.73";"White wine";"Glass";"12.5";"1.9018667"
"Vinmonopolet";"3485101";"Gormaz Catania Joven 2017";"Gormaz Catania Joven";"2017";"170";"0.75";"226.67";"RÃ¸dvin";"Glass";"14.5";"1.5632184"
"Vinmonopolet";"3485301";"Torres Pisco El Gobernador";"Torres Pisco El Gobernador";"2016";"444.9";"0.7";"635.57";"Grape spirit";"Glass";"40";"1.5889286"
"Vinmonopolet";"3487701";"Dagueneau Pouilly-FumÃ© Clos de Chaudoux";"Dagueneau Pouilly-FumÃ© Clos de Chaudoux";"2018";"319.9";"0.75";"426.53";"White wine";"Glass";"14";"3.0466666"
"Vinmonopolet";"3487907";"Bollinger SpÃ©cial CuvÃ©e, Brut";"Bollinger SpÃ©cial CuvÃ©e, Brut";"0";"6649.5";"6";"1108.25";"Champagne, brut";"Glass";"12";"9.235416"
"Vinmonopolet";"3488501";"Bollinger R.D. 2004";"Bollinger R.D.";"2004";"2519.5";"0.75";"3359.33";"Champagne, brut";"Glass";"12";"27.994444"
"Vinmonopolet";"3489001";"Masi LevarÃ¬e Soave Classico 2018";"Masi LevarÃ¬e Soave Classico";"2018";"139.9";"0.75";"186.53";"White wine";"Glass";"12";"1.5544444"
"Vinmonopolet";"3490201";"Ch. SÃ©rilhan 2012";"Ch. SÃ©rilhan";"2012";"289.9";"0.75";"386.53";"RÃ¸dvin";"Glass";"13";"2.9733334"
"Vinmonopolet";"3490601";"Georges Duboeuf Beaujolais Village 2018";"Georges Duboeuf Beaujolais Village";"2018";"159.9";"0.75";"213.2";"RÃ¸dvin";"Glass";"12.5";"1.7055999"
"Vinmonopolet";"3492201";"Vidal-Fleury Crozes-Hermitage 2018";"Vidal-Fleury Crozes-Hermitage";"2018";"299.5";"0.75";"399.33";"RÃ¸dvin";"Glass";"13";"3.071795"
"Vinmonopolet";"3492301";"Meukow V.S.";"Meukow V.S.";"0";"449.2";"0.7";"641.71";"Grape spirit";"Glass";"40";"1.6042858"
"Vinmonopolet";"3492303";"Meukow V.S.";"Meukow V.S.";"0";"59.8";"0.05";"1196";"Grape spirit";"Glass";"40";"2.99"
"Vinmonopolet";"3494104";"BlÃ» Secco Frizzante Bianco";"BlÃ» Secco Frizzante Bianco";"0";"42.9";"0.2";"214.5";"Sparkling white wine";"Metall";"10.5";"2.0428572"
"Vinmonopolet";"3494304";"BlÃ» Secco Frizzante RosÃ©";"BlÃ» Secco Frizzante RosÃ©";"0";"42.9";"0.2";"214.5";"Perlende vin, rosÃ©";"Metall";"10.5";"2.0428572"
"Vinmonopolet";"3495107";"Baron Otard V.S.O.P.";"Baron Otard V.S.O.P.";"0";"2349.9";"3";"783.3";"Grape spirit";"Glass";"40";"1.9582499"
"Vinmonopolet";"3495801";"Bonterra Organic Zinfandel 2016";"Bonterra Organic Zinfandel";"2016";"179.9";"0.75";"239.87";"RÃ¸dvin";"Glass";"15";"1.5991111"
"Vinmonopolet";"3496001";"Bache-Gabrielsen Hors d'Age";"Bache-Gabrielsen Hors d'Age";"0";"2500";"0.7";"3571.43";"Grape spirit";"Glass";"40";"8.928572"
"Vinmonopolet";"3496701";"Ch. Corton Grancey Grand Cru 2014";"Ch. Corton Grancey Grand Cru";"2014";"990";"0.75";"1320";"RÃ¸dvin";"Glass";"13.5";"9.777778"
"Vinmonopolet";"3497501";"Ch. de Montifaud V.S.O.P.";"Ch. de Montifaud V.S.O.P.";"0";"499.9";"0.7";"714.14";"Grape spirit";"Glass";"40";"1.7853571"
"Vinmonopolet";"3497901";"Ch. Vieux Moulin 2011";"Ch. Vieux Moulin";"2011";"189.9";"0.75";"253.2";"RÃ¸dvin";"Glass";"13";"1.9476923"
"Vinmonopolet";"3498301";"Nipozzano Chianti RÃºfina Riserva 2016";"Nipozzano Chianti RÃºfina Riserva";"2016";"199.9";"0.75";"266.53";"RÃ¸dvin";"Glass";"13";"2.0502563"
"Vinmonopolet";"3499801";"DomÃ¬ni Veneti Amarone della Valpolicella Classico 2015";"DomÃ¬ni Veneti Amarone della Valpolicella Classico";"2015";"299.9";"0.75";"399.87";"RÃ¸dvin";"Glass";"15.5";"2.5797849"
"Vinmonopolet";"3500502";"De Leite Ma MÃ¨re SpÃ©ciale";"De Leite Ma MÃ¨re SpÃ©ciale";"0";"54.8";"0.33";"166.06";"Light ale";"Glass";"6";"2.7676766"
"Vinmonopolet";"3500901";"Eilan Gillan Islay Single Malt";"Eilan Gillan Islay Single Malt";"0";"529.9";"0.7";"757";"Whisky";"Glass";"43";"1.7604653"
"Vinmonopolet";"3501102";"Box The Explorer";"Box The Explorer";"0";"910";"0.5";"1820";"Whisky";"Glass";"48.3";"3.768116"
"Vinmonopolet";"3502605";"Ch. de Lamarque 2012";"Ch. de Lamarque";"2012";"729.9";"1.5";"486.6";"RÃ¸dvin";"Glass";"13.5";"3.6044445"
"Vinmonopolet";"3502906";"Masi Masianco 2019";"Masi Masianco";"2019";"499.9";"3";"166.63";"White wine";"Bag-in-box";"13";"1.2817949"
"Vinmonopolet";"3503002";"Ãgir Heidrun VikingmjÃ¸d";"Ãgir Heidrun VikingmjÃ¸d";"0";"174.9";"0.5";"349.8";"MjÃ¸d";"Glass";"13.2";"2.6499999"
"Vinmonopolet";"3503502";"Berentsens Fisherstorm Extreme";"Berentsens Fisherstorm Extreme";"0";"332.9";"0.5";"665.8";"Bitter	";"Glass";"42";"1.5852381"
"Vinmonopolet";"3504501";"Negrar Amarone della Valpolicella Classico 2014";"Negrar Amarone della Valpolicella Classico";"2014";"319.9";"0.75";"426.53";"RÃ¸dvin";"Glass";"15.5";"2.751828"
"Vinmonopolet";"3505801";"Nonino Grappa Monovitigno Chardonnay barriques";"Nonino Grappa Monovitigno Chardonnay barriques";"0";"565";"0.7";"807.14";"Grape spirit";"Glass";"41";"1.9686412"
"Vinmonopolet";"3506001";"Scapa Skiren";"Scapa Skiren";"0";"625";"0.7";"892.86";"Whisky";"Glass";"40";"2.232143"
"Vinmonopolet";"3506306";"Tariquet Chardonnay 2018";"Tariquet Chardonnay";"2018";"469.9";"3";"156.63";"White wine";"Bag-in-box";"12";"1.3052777"
"Vinmonopolet";"3506501";"Terroir Al LÃ­mit Terra de Cuques 2016";"Terroir Al LÃ­mit Terra de Cuques";"2016";"409.9";"0.75";"546.53";"White wine";"Glass";"13";"4.2041025"
"Vinmonopolet";"3506601";"Terroir Al LÃ­mit Arbossar 2017";"Terroir Al LÃ­mit Arbossar";"2017";"629.9";"0.75";"839.87";"RÃ¸dvin";"Glass";"14";"5.9990478"
"Vinmonopolet";"3506701";"Terroir Al LÃ­mit Torroja 2017";"Terroir Al LÃ­mit Torroja";"2017";"389.9";"0.75";"519.87";"RÃ¸dvin";"Glass";"14";"3.7133334"
"Vinmonopolet";"3506801";"Terroir Al LÃ­mit Dits del Terra 2016";"Terroir Al LÃ­mit Dits del Terra";"2016";"629.9";"0.75";"839.87";"RÃ¸dvin";"Glass";"13.5";"6.221235"
"Vinmonopolet";"3506901";"Terroir Al LÃ­mit Les Maynes 2015";"Terroir Al LÃ­mit Les Maynes";"2015";"1699.9";"0.75";"2266.53";"RÃ¸dvin";"Glass";"14";"16.189524"
"Vinmonopolet";"3507001";"Terroir Al LÃ­mit Les Tosses 2015";"Terroir Al LÃ­mit Les Tosses";"2015";"1699.9";"0.75";"2266.53";"RÃ¸dvin";"Glass";"13.5";"16.789137"
"Vinmonopolet";"3507101";"Terroir Al LÃ­mit Pedra de Guix 2016";"Terroir Al LÃ­mit Pedra de Guix";"2016";"619.9";"0.75";"826.53";"White wine";"Glass";"13";"6.357949"
"Vinmonopolet";"3507601";"De Muller Chardonnay 2019";"De Muller Chardonnay";"2019";"184.9";"0.75";"246.53";"White wine";"Glass";"13.5";"1.8261728"
"Vinmonopolet";"3507701";"De Muller Syrah";"De Muller Syrah";"2016";"179.9";"0.75";"239.87";"RÃ¸dvin";"Glass";"14";"1.7133332"
"Vinmonopolet";"3508101";"Byrne Aussiemento Double Pass Shiraz 2018";"Byrne Aussiemento Double Pass Shiraz";"2018";"169.5";"0.75";"226";"RÃ¸dvin";"Glass";"14.5";"1.5586207"
"Vinmonopolet";"3508106";"Byrne Aussiemento Double Pass Shiraz 2018";"Byrne Aussiemento Double Pass Shiraz";"2018";"479.9";"3";"159.97";"RÃ¸dvin";"Bag-in-box";"14.5";"1.1032184"
"Vinmonopolet";"3508301";"Schloss Vollrads Riesling Trocken Alte Reben 2016";"Schloss Vollrads Riesling Trocken Alte Reben";"2016";"299";"0.75";"398.67";"White wine";"Glass";"12.5";"3.1893334"
"Vinmonopolet";"3508901";"Kriek De Ranke";"Kriek De Ranke";"0";"145";"0.75";"193.33";"SurÃ¸l";"Glass";"7";"2.7619047"
"Vinmonopolet";"3510601";"Ch. Musar 2002";"Ch. Musar";"2002";"469.9";"0.75";"626.53";"RÃ¸dvin";"Glass";"14";"4.475238"
"Vinmonopolet";"3510801";"Dupont Pays d'Auge 1976";"Dupont Pays d'Auge";"1976";"1750.1";"0.7";"2500.14";"Fruit spirit";"Glass";"42";"5.952721"
"Vinmonopolet";"3510901";"Dupont Pays d'Auge 1989";"Dupont Pays d'Auge";"1989";"994.5";"0.7";"1420.71";"Fruit spirit";"Glass";"42";"3.3826532"
"Vinmonopolet";"3511003";"Big Peat";"Big Peat";"0";"78";"0.05";"1560";"Whisky";"Glass";"46";"3.3913043"
"Vinmonopolet";"3511401";"Bunnahabhain 24 YO Old Particular 1990";"Bunnahabhain 24 YO Old Particular";"1990";"2059.9";"0.7";"2942.71";"Whisky";"Glass";"40.6";"7.248065"
"Vinmonopolet";"3511501";"Auchentoshan 14 YO Old Particular 2000";"Auchentoshan 14 YO Old Particular";"2000";"959.9";"0.7";"1371.29";"Whisky";"Glass";"48.4";"2.833235"
"Vinmonopolet";"3512601";"La Chablisienne Dame Nature Chablis 2017";"La Chablisienne Dame Nature Chablis";"2017";"265";"0.75";"353.33";"White wine";"Glass";"13";"2.7179487"
"Vinmonopolet";"3512901";"Barone Montalto Ammasso 2016";"Barone Montalto Ammasso";"2016";"229.9";"0.75";"306.53";"RÃ¸dvin";"Glass";"14.5";"2.114023"
"Vinmonopolet";"3513001";"Kopke Port Reserve Ruby";"Kopke Port Reserve Ruby";"0";"286.9";"0.75";"382.53";"Port wine";"Glass";"19.5";"1.9617094"
"Vinmonopolet";"3513101";"Kopke Colheita Porto matured in wood 1966";"Kopke Colheita Porto matured in wood";"1966";"1732.9";"0.75";"2310.53";"Port wine";"Glass";"20.5";"11.270894"
"Vinmonopolet";"3513701";"AmByth CrossLyn Zinfandel 2013";"AmByth CrossLyn Zinfandel";"2013";"398";"0.75";"530.67";"RÃ¸dvin";"Glass";"14.4";"3.6851852"
"Vinmonopolet";"3514501";"Stemmari Passiata 2014";"Stemmari Passiata";"2014";"129.9";"0.75";"173.2";"RÃ¸dvin";"Glass";"13.5";"1.2829629"
"Vinmonopolet";"3514605";"COS Pithos Rosso 2015";"COS Pithos Rosso";"2015";"659.9";"1.5";"439.93";"RÃ¸dvin";"Glass";"12";"3.6661112"
"Vinmonopolet";"3514801";"Alta Alella Bruant Cava Brut Nature 2016";"Alta Alella Bruant Cava Brut Nature";"2016";"299.9";"0.75";"399.87";"Sparkling wine";"Glass";"12";"3.3322222"
"Vinmonopolet";"3514805";"Alta Alella Bruant Cava Brut Nature 2016";"Alta Alella Bruant Cava Brut Nature";"2016";"579.9";"1.5";"386.6";"Sparkling wine";"Glass";"12";"3.2216668"
"Vinmonopolet";"3516701";"Montes Purple Angel 2015";"Montes Purple Angel";"2015";"550";"0.75";"733.33";"RÃ¸dvin";"Glass";"14.5";"5.0574713"
"Vinmonopolet";"3516901";"Jeeper Grande RÃ©serve Brut";"Jeeper Grande RÃ©serve Brut";"0";"414.9";"0.75";"553.2";"Champagne, brut";"Glass";"12";"4.61"
"Vinmonopolet";"3518601";"De Glazen Toren CuvÃ©e AngÃ©lique";"De Glazen Toren CuvÃ©e AngÃ©lique";"0";"145";"0.75";"193.33";"Trappist";"Glass";"8.3";"2.3293173"
"Vinmonopolet";"3519702";"Barbadillo Pedro XimÃ©nez";"Barbadillo Pedro XimÃ©nez";"0";"79.7";"0.38";"212.53";"Sherry";"Glass";"19";"1.1038781"
"Vinmonopolet";"3519901";"Torraccia del Piantavigna Ghemme 2009";"Torraccia del Piantavigna Ghemme";"2009";"259.9";"0.75";"346.53";"RÃ¸dvin";"Glass";"13.5";"2.5669136"
"Vinmonopolet";"3520001";"Torraccia del Piantavigna Tre Confini Nebbiolo 2015";"Torraccia del Piantavigna Tre Confini Nebbiolo";"2015";"139.9";"0.75";"186.53";"RÃ¸dvin";"Glass";"12.5";"1.4922667"
"Vinmonopolet";"3520301";"Bollinger 007 Dressed to kill 2009";"Bollinger 007 Dressed to kill";"2009";"1399.9";"0.75";"1866.53";"Champagne, brut";"Glass";"12";"15.554444"
"Vinmonopolet";"3520501";"Nino Negri Inferno Valtellina Superiore 2016";"Nino Negri Inferno Valtellina Superiore";"2016";"273.9";"0.75";"365.2";"RÃ¸dvin";"Glass";"13.5";"2.7051852"
"Vinmonopolet";"3520601";"Nino Negri SciÃºr Valtellina Superiore 2013";"Nino Negri SciÃºr Valtellina Superiore";"2013";"319.9";"0.75";"426.53";"RÃ¸dvin";"Glass";"13";"3.2810256"
"Vinmonopolet";"3520701";"Nino Negri Sassorosso Grumello Valtellina Superiore 2016";"Nino Negri Sassorosso Grumello Valtellina Superiore";"2016";"269.9";"0.75";"359.87";"RÃ¸dvin";"Glass";"13.5";"2.665679"
"Vinmonopolet";"3521201";"Ch. Moulin Haut Villars 2012";"Ch. Moulin Haut Villars";"2012";"209.9";"0.75";"279.87";"RÃ¸dvin";"Glass";"13.5";"2.0730863"
"Vinmonopolet";"3521205";"Ch. Moulin Haut Villars 2012";"Ch. Moulin Haut Villars";"2012";"419.9";"1.5";"279.93";"RÃ¸dvin";"Glass";"13.5";"2.0735803"
"Vinmonopolet";"3521401";"Tyler Santa Barbara County Pinot Noir 2018";"Tyler Santa Barbara County Pinot Noir";"2018";"319.9";"0.75";"426.53";"RÃ¸dvin";"Glass";"13";"3.2810256"
"Vinmonopolet";"3521501";"Ch. Fougas Maldoror 2014";"Ch. Fougas Maldoror";"2014";"259.9";"0.75";"346.53";"RÃ¸dvin";"Glass";"13";"2.665641"
"Vinmonopolet";"3522301";"Hardy Noces d'Argent";"Hardy Noces d'Argent";"0";"1188.6";"0.7";"1698";"Grape spirit";"Glass";"40";"4.245"
"Vinmonopolet";"3522801";"Serio et Battista Borgogno Barbaresco 2015";"Serio et Battista Borgogno Barbaresco";"2015";"299.4";"0.75";"399.2";"RÃ¸dvin";"Glass";"14.5";"2.7531035"
"Vinmonopolet";"3522901";"Serio et Battista Borgogno Barolo Cannubi 2013";"Serio et Battista Borgogno Barolo Cannubi";"2013";"439.5";"0.75";"586";"RÃ¸dvin";"Glass";"14.5";"4.0413795"
"Vinmonopolet";"3523101";"Serio et Battista Borgogno Barolo Cannubi Riserva 2012";"Serio et Battista Borgogno Barolo Cannubi Riserva";"2012";"559.9";"0.75";"746.53";"RÃ¸dvin";"Glass";"14.5";"5.148506"
"Vinmonopolet";"3523401";"Chakana Estate Bonarda 2018";"Chakana Estate Bonarda";"2018";"162";"0.75";"216";"RÃ¸dvin";"Glass";"12.5";"1.728"
"Vinmonopolet";"3524001";"Wenneker Melon";"Wenneker Melon";"0";"264.9";"0.7";"378.43";"LikÃ¸r";"Glass";"20";"1.8921429"
"Vinmonopolet";"3524105";"Torres Mas La Plana 2013";"Torres Mas La Plana";"2013";"999.9";"1.5";"666.6";"RÃ¸dvin";"Glass";"14.5";"4.5972414"
"Vinmonopolet";"3524205";"Torres Celeste 2016";"Torres Celeste";"2016";"395.9";"1.5";"263.93";"RÃ¸dvin";"Glass";"14";"1.885238"
"Vinmonopolet";"3524405";"Torres Salmos 2015";"Torres Salmos";"2015";"599.9";"1.5";"399.93";"RÃ¸dvin";"Glass";"14.5";"2.758161"
"Vinmonopolet";"3524501";"Torres Reserva de Pueblo 2016";"Torres Reserva de Pueblo";"2016";"149.9";"0.75";"199.87";"RÃ¸dvin";"Glass";"12.5";"1.5989332"
"Vinmonopolet";"3524701";"Delorme Organic CrÃ©mant de Bourgogne Brut";"Delorme Organic CrÃ©mant de Bourgogne Brut";"0";"199.9";"0.75";"266.53";"Sparkling wine";"Glass";"12.5";"2.1322665"
"Vinmonopolet";"3525301";"Veuve du Vernay Ice RosÃ©";"Veuve du Vernay Ice RosÃ©";"0";"114.9";"0.75";"153.2";"Musserende vin, rosÃ©";"Glass";"11";"1.3927273"
"Vinmonopolet";"3525401";"Clotilde Davenne Bourgogne Rouge 2017";"Clotilde Davenne Bourgogne Rouge";"2017";"229.9";"0.75";"306.53";"RÃ¸dvin";"Glass";"12.5";"2.4522667"
"Vinmonopolet";"3525501";"Veuve Du Vernay Ice";"Veuve Du Vernay Ice";"0";"114.9";"0.75";"153.2";"Sparkling wine";"Glass";"11";"1.3927273"
"Vinmonopolet";"3525602";"NÃ¸isom Granny`s porter";"NÃ¸isom Granny`s porter";"0";"75.4";"0.5";"150.8";"Porter and stout";"Glass";"8.2";"1.8390244"
"Vinmonopolet";"3526001";"Ioppa Vespolina 2007";"Ioppa Vespolina";"2007";"269.9";"0.75";"359.87";"RÃ¸dvin";"Glass";"14";"2.570476"
"Vinmonopolet";"3526401";"Castello di Monsanto Chardonnay 2018";"Castello di Monsanto Chardonnay";"2018";"332.1";"0.75";"442.8";"White wine";"Glass";"13.5";"3.28"
"Vinmonopolet";"3526701";"Divinus de Ch. Bonnet 2012";"Divinus de Ch. Bonnet";"2012";"279.9";"0.75";"373.2";"RÃ¸dvin";"Glass";"13.5";"2.7644444"
"Vinmonopolet";"3526901";"Allesverloren 1704 Red";"Allesverloren  Red";"2017";"141.9";"0.75";"189.2";"RÃ¸dvin";"Glass";"13.5";"1.4014814"
"Vinmonopolet";"3527901";"De Montille Beaune 1er Cru Les PerriÃ©res 2014";"De Montille Beaune 1er Cru Les PerriÃ©res";"2014";"515.4";"0.75";"687.2";"RÃ¸dvin";"Glass";"12";"5.726667"
"Vinmonopolet";"3528201";"De Montille Beaune 1er Cru Les GrÃ©ves 2013";"De Montille Beaune 1er Cru Les GrÃ©ves";"2013";"650.4";"0.75";"867.2";"RÃ¸dvin";"Glass";"12.5";"6.9376"
"Vinmonopolet";"3528801";"De Montille Meursault Les Narvaux-Dessous 2013";"De Montille Meursault Les Narvaux-Dessous";"2013";"685";"0.75";"913.33";"White wine";"Glass";"12.5";"7.306667"
"Vinmonopolet";"3528901";"De Montille Beaune 1er Cru Les Aigrots 2013";"De Montille Beaune 1er Cru Les Aigrots";"2013";"524";"0.75";"698.67";"White wine";"Glass";"12";"5.822222"
"Vinmonopolet";"3530002";"Arendal 1839 JuleÃ¸l Ekstra StÃ¦rk";"Arendal  JuleÃ¸l Ekstra StÃ¦rk";"0";"49.9";"0.33";"151.21";"MÃ¸rk lager";"Glass";"8";"1.8901515"
"Vinmonopolet";"3530301";"Brovia Barolo 2011";"Brovia Barolo";"2011";"439";"0.75";"585.33";"RÃ¸dvin";"Glass";"14.5";"4.036782"
"Vinmonopolet";"3530601";"Emrich-SchÃ¶nleber Monzinger FrÃ¼hlingsplÃ¤tzchen Riesling Trocken 2013";"Emrich-SchÃ¶nleber Monzinger FrÃ¼hlingsplÃ¤tzchen Riesling Trocken";"2013";"288.8";"0.75";"385.07";"White wine";"Glass";"12";"3.2088888"
"Vinmonopolet";"3530701";"Wittmann Westhofener Riesling Trocken 2016";"Wittmann Westhofener Riesling Trocken";"2016";"309.9";"0.75";"413.2";"White wine";"Glass";"12.5";"3.3056"
"Vinmonopolet";"3530801";"Wittmann Vom Rotliegenden Riesling Trocken 2018";"Wittmann Vom Rotliegenden Riesling Trocken";"2018";"214";"0.75";"285.33";"White wine";"Glass";"13";"2.194872"
"Vinmonopolet";"3530901";"Chakana Estate Selection Malbec 2016";"Chakana Estate Selection Malbec";"2016";"199";"0.75";"265.33";"RÃ¸dvin";"Glass";"13.5";"1.965432"
"Vinmonopolet";"3531001";"Machrie Moor Cask Strength Second Edition";"Machrie Moor Cask Strength Second Edition";"0";"799.9";"0.7";"1142.71";"Whisky";"Glass";"58.2";"1.9634267"
"Vinmonopolet";"3531501";"Niepoort 10 Years Old White";"Niepoort 10 Years Old White";"0";"399.9";"0.75";"533.2";"Port wine";"Glass";"20";"2.666"
"Vinmonopolet";"3531802";"Niepoort Dry White";"Niepoort Dry White";"2011";"89.7";"0.38";"239.2";"Port wine";"Glass";"20";"1.1802632"
"Vinmonopolet";"3532201";"Cordero di Montezemolo Barolo Monfalletto 2015";"Cordero di Montezemolo Barolo Monfalletto";"2015";"449";"0.75";"598.67";"RÃ¸dvin";"Glass";"14.5";"4.1287355"
"Vinmonopolet";"3532301";"Cordero di Montezemolo Barolo Bricco Gattera 2011";"Cordero di Montezemolo Barolo Bricco Gattera";"2011";"659";"0.75";"878.67";"RÃ¸dvin";"Glass";"15";"5.8577776"
"Vinmonopolet";"3536201";"Begude Esprit Pinot Noir 2015";"Begude Esprit Pinot Noir";"2015";"379";"0.75";"505.33";"RÃ¸dvin";"Glass";"13";"3.8871794"
"Vinmonopolet";"3536802";"K.H. Schneider Sobernheimer Marbach Riesling Auslese 2017";"K.H. Schneider Sobernheimer Marbach Riesling Auslese";"2017";"269.9";"0.5";"539.8";"White wine";"Glass";"8.5";"6.3505883"
"Vinmonopolet";"3538402";"Heidi SchrÃ¶ck SpÃ¤tlese 2017";"Heidi SchrÃ¶ck SpÃ¤tlese";"2017";"219.9";"0.38";"586.4";"White wine";"Glass";"11";"5.2607656"
"Vinmonopolet";"3538501";"Pascal Clement Savigny-les-Beaune Dessus les Vermots 2016";"Pascal Clement Savigny-les-Beaune Dessus les Vermots";"2016";"369.9";"0.75";"493.2";"White wine";"Glass";"13";"3.7938461"
"Vinmonopolet";"3538601";"Weiser-KÃ¼nstler Enkircher Ellergrub Riesling Kabinett 2017";"Weiser-KÃ¼nstler Enkircher Ellergrub Riesling Kabinett";"2017";"329.9";"0.75";"439.87";"White wine";"Glass";"8";"5.4983335"
"Vinmonopolet";"3538801";"Weiser-KÃ¼nstler Enkircher Ellergrub Riesling SpÃ¤tlese 2016";"Weiser-KÃ¼nstler Enkircher Ellergrub Riesling SpÃ¤tlese";"2016";"399.9";"0.75";"533.2";"White wine";"Glass";"7";"7.6171427"
"Vinmonopolet";"3538901";"Pascal Clement Meursault 1er Cru Les Charmes 2015";"Pascal Clement Meursault 1er Cru Les Charmes";"2015";"879.9";"0.75";"1173.2";"White wine";"Glass";"13";"9.024615"
"Vinmonopolet";"3539101";"Weiser-KÃ¼nstler Riesling 2019";"Weiser-KÃ¼nstler Riesling";"2019";"219.9";"0.75";"293.2";"White wine";"Glass";"10.5";"2.7923808"
"Vinmonopolet";"3539202";"Heidi SchrÃ¶ck Beerenauslese 2018";"Heidi SchrÃ¶ck Beerenauslese";"2018";"299.9";"0.38";"799.73";"White wine";"Glass";"11";"7.174641"
"Vinmonopolet";"3539401";"Weiser-KÃ¼nstler Enkircher Steffensberg 2016";"Weiser-KÃ¼nstler Enkircher Steffensberg";"2016";"359.9";"0.75";"479.87";"White wine";"Glass";"11.5";"4.1727533"
"Vinmonopolet";"3539501";"Heidi SchrÃ¶ck Junge LÃ¶wen 2018";"Heidi SchrÃ¶ck Junge LÃ¶wen";"2018";"215";"0.75";"286.67";"RÃ¸dvin";"Glass";"13.5";"2.1234567"
"Vinmonopolet";"3539601";"Poli Bomb";"Poli Bomb";"0";"365";"0.7";"521.43";"LikÃ¸r";"Glass";"17";"3.067227"
"Vinmonopolet";"3539801";"Poli Ciok";"Poli Ciok";"0";"365";"0.7";"521.43";"LikÃ¸r";"Glass";"17";"3.067227"
"Vinmonopolet";"3540701";"Kloster Eberbach AssmannshÃ¤user Crescentia HÃ¶llenberg SpÃ¤tburgunder 2015";"Kloster Eberbach AssmannshÃ¤user Crescentia HÃ¶llenberg SpÃ¤tburgunder";"2015";"299.9";"0.75";"399.87";"RÃ¸dvin";"Glass";"13";"3.0758975"
"Vinmonopolet";"3540801";"Kloster Eberbach Crescentia Pinot Noir Trocken 2016";"Kloster Eberbach Crescentia Pinot Noir Trocken";"2016";"249.9";"0.75";"333.2";"RÃ¸dvin";"Glass";"12.5";"2.6655998"
"Vinmonopolet";"3542501";"Jauma Like Raindrops Grenache 2017";"Jauma Like Raindrops Grenache";"2017";"369.9";"0.75";"493.2";"RÃ¸dvin";"Glass";"13.5";"3.6533332"
"Vinmonopolet";"3543701";"OMA Barbaresco 2012";"OMA Barbaresco";"2012";"199.7";"0.75";"266.27";"RÃ¸dvin";"Glass";"14";"1.9019047"
"Vinmonopolet";"3544902";"JagdwÃ¤chter";"JagdwÃ¤chter";"0";"315";"0.5";"630";"LikÃ¸r";"Glass";"25";"2.52"
"Vinmonopolet";"3545001";"Glenfiddich The Original";"Glenfiddich The Original";"0";"899.9";"0.7";"1285.57";"Whisky";"Glass";"40";"3.2139287"
"Vinmonopolet";"3545902";"SmÃ¥ grÃ¸nne";"SmÃ¥ grÃ¸nne";"0";"159.9";"0.5";"319.8";"LikÃ¸r";"Plast";"16.4";"1.9499999"
"Vinmonopolet";"3546202";"SmÃ¥ sure Sour Shot jordbÃ¦r";"SmÃ¥ sure Sour Shot jordbÃ¦r";"0";"159.9";"0.5";"319.8";"LikÃ¸r";"Plast";"16.4";"1.9499999"
"Vinmonopolet";"3546301";"SmÃ¥ sÃ¸te jordbÃ¦r";"SmÃ¥ sÃ¸te jordbÃ¦r";"0";"301.1";"1";"301.1";"LikÃ¸r";"Glass";"15";"2.0073333"
"Vinmonopolet";"3546402";"SmÃ¥ sure Sour Shot cola";"SmÃ¥ sure Sour Shot cola";"0";"159.9";"0.5";"319.8";"LikÃ¸r";"Plast";"16.4";"1.9499999"
"Vinmonopolet";"3547905";"Ch. Calon-Segur 1998";"Ch. Calon-Segur";"1998";"2342";"1.5";"1561.33";"RÃ¸dvin";"Glass";"13";"12.010257"
"Vinmonopolet";"3548001";"Coessens Largillier Brut Nature";"Coessens Largillier Brut Nature";"2015";"590";"0.75";"786.67";"Champagne extra brut";"Glass";"12";"6.5555553"
"Vinmonopolet";"3548101";"Billecart-Salmon CuvÃ©e Nicolas FranÃ§ois Billecart 2002";"Billecart-Salmon CuvÃ©e Nicolas FranÃ§ois Billecart";"2002";"1496";"0.75";"1994.67";"Champagne, brut";"Glass";"12.5";"15.957334"
"Vinmonopolet";"3548301";"Le Piane Boca 2012";"Le Piane Boca";"2012";"472";"0.75";"629.33";"RÃ¸dvin";"Glass";"13.5";"4.6617284"
"Vinmonopolet";"3548401";"Leroux Nuit-Saint-Georges 1er Cru Aux Thorey 2013";"Leroux Nuit-Saint-Georges 1er Cru Aux Thorey";"2013";"772";"0.75";"1029.33";"RÃ¸dvin";"Glass";"13";"7.9179487"
"Vinmonopolet";"3548601";"Thierry et Pascale Matrot Volnay-Santenots 2011";"Thierry et Pascale Matrot Volnay-Santenots";"2011";"472";"0.75";"629.33";"RÃ¸dvin";"Glass";"13";"4.841026"
"Vinmonopolet";"3548901";"Billecart-Salmon Blanc de Blancs Brut 2004";"Billecart-Salmon Blanc de Blancs Brut";"2004";"1259.9";"0.75";"1679.87";"Champagne, brut";"Glass";"12.5";"13.438933"
"Vinmonopolet";"3549001";"Sperino Lessona 2010";"Sperino Lessona";"2010";"395";"0.75";"526.67";"RÃ¸dvin";"Glass";"14";"3.7619047"
"Vinmonopolet";"3549101";"Lamy Saint-Aubin 1er Cru Clos de la ChateniÃ©re 2014";"Lamy Saint-Aubin 1er Cru Clos de la ChateniÃ©re";"2014";"527.9";"0.75";"703.87";"White wine";"Glass";"13";"5.414359"
"Vinmonopolet";"3549205";"Ch. Rauzan-SÃ©gla 2006";"Ch. Rauzan-SÃ©gla";"2006";"1599";"1.5";"1066";"RÃ¸dvin";"Glass";"13";"8.2"
"Vinmonopolet";"3549301";"Guigal CÃ´te-RÃ´tie Brune et Blonde 2014";"Guigal CÃ´te-RÃ´tie Brune et Blonde";"2014";"478";"0.75";"637.33";"RÃ¸dvin";"Glass";"13";"4.902564"
"Vinmonopolet";"3549701";"Terra Costantino Etna Bianco 2017";"Terra Costantino Etna Bianco";"2017";"259";"0.75";"345.33";"White wine";"Glass";"13.5";"2.5580246"
"Vinmonopolet";"3549801";"Weingut ThÃ¶rle Saulheimer SpÃ¤tburgunder 2016";"Weingut ThÃ¶rle Saulheimer SpÃ¤tburgunder";"2016";"249";"0.75";"332";"RÃ¸dvin";"Glass";"13";"2.5538461"
"Vinmonopolet";"3550301";"Yohan Lardy Fleurie Le Vivier 2018";"Yohan Lardy Fleurie Le Vivier";"2018";"239.9";"0.75";"319.87";"RÃ¸dvin";"Glass";"13";"2.4605129"
"Vinmonopolet";"3551901";"Cono Sur Pinot Noir 2018";"Cono Sur Pinot Noir";"2018";"149.9";"0.75";"199.87";"RÃ¸dvin";"Glass";"13.5";"1.4804938"
"Vinmonopolet";"3552101";"Viberti Giovanni Barbera d'Alba Bricco Airoli Superiore 2015";"Viberti Giovanni Barbera d'Alba Bricco Airoli Superiore";"2015";"339.9";"0.75";"453.2";"RÃ¸dvin";"Glass";"15";"3.0213332"
"Vinmonopolet";"3553001";"Lillet RosÃ©";"Lillet RosÃ©";"0";"199.9";"0.75";"266.53";"Flavoured wine	";"Glass";"17";"1.5678431"
"Vinmonopolet";"3553901";"Haukeli XO Fine Cognac";"Haukeli XO Fine Cognac";"0";"629";"0.7";"898.57";"Grape spirit";"Glass";"40";"2.2464287"
"Vinmonopolet";"3554101";"Fontanafredda Barolo Vigna la Rosa 2013";"Fontanafredda Barolo Vigna la Rosa";"2013";"879.9";"0.75";"1173.2";"RÃ¸dvin";"Glass";"14";"8.38"
"Vinmonopolet";"3555401";"Altaland High Altitude Malbec 2017";"Altaland High Altitude Malbec";"2017";"197.9";"0.75";"263.87";"RÃ¸dvin";"Glass";"13";"2.0297434"
"Vinmonopolet";"3555901";"Cuatro Pisco Puro Acholado";"Cuatro Pisco Puro Acholado";"0";"616.9";"0.7";"881.29";"Grape spirit";"Glass";"40";"2.2032144"
"Vinmonopolet";"3556001";"Cuatro G'S Pisco Mosto Verde Quebranta";"Cuatro G'S Pisco Mosto Verde Quebranta";"0";"700";"0.7";"1000";"Grape spirit";"Glass";"40";"2.5"
"Vinmonopolet";"3556101";"Weber Haus CachaÃ§a Silver";"Weber Haus CachaÃ§a Silver";"0";"514";"0.7";"734.29";"Other spirit";"Glass";"38";"1.9323308"
"Vinmonopolet";"3556602";"Casa Valduga 1875 Tinto Doce 2000";"Casa Valduga  Tinto Doce";"2000";"257";"0.5";"514";"Fortified wine";"Glass";"18";"2.8555555"
"Vinmonopolet";"3558107";"Tezza Amarone della Valpolicella 2010";"Tezza Amarone della Valpolicella";"2010";"2500";"3";"833.33";"RÃ¸dvin";"Glass";"15.5";"5.376344"
"Vinmonopolet";"3558207";"Tezza Valpolicella Ripasso Superiore 2017";"Tezza Valpolicella Ripasso Superiore";"2017";"9990";"18";"555";"RÃ¸dvin";"Glass";"14";"3.9642856"
"Vinmonopolet";"3558301";"Aquest Noruec Amphora Single Wine 2016";"Aquest Noruec Amphora Single Wine";"2016";"179.9";"0.75";"239.87";"RÃ¸dvin";"Glass";"13.5";"1.77679"
"Vinmonopolet";"3558407";"Tezza Amarone della Valpolicella 2015";"Tezza Amarone della Valpolicella";"2015";"7990";"12";"665.83";"RÃ¸dvin";"Glass";"15";"4.438889"
"Vinmonopolet";"3558501";"Tezza Amarone della Valpolicella Riserva 2012";"Tezza Amarone della Valpolicella Riserva";"2012";"666";"0.75";"888";"RÃ¸dvin";"Glass";"16.5";"5.3818183"
"Vinmonopolet";"3558601";"Casa Ferreirinha Callabriga 2017";"Casa Ferreirinha Callabriga";"2017";"229.9";"0.75";"306.53";"RÃ¸dvin";"Glass";"14";"2.1895237"
"Vinmonopolet";"3559106";"Matua Marlborough Sauvignon Blanc 2019";"Matua Marlborough Sauvignon Blanc";"2019";"264.9";"1.5";"176.6";"White wine";"Bag-in-box";"13";"1.3584615"
"Vinmonopolet";"3559601";"Etike Ti Amo Spumante Brut";"Etike Ti Amo Spumante Brut";"0";"149.9";"0.75";"199.87";"Sparkling wine";"Glass";"11.5";"1.737971"
"Vinmonopolet";"3559701";"Etike Ti Amo Primitivo Puglia 2018";"Etike Ti Amo Primitivo Puglia";"2018";"164";"0.75";"218.67";"RÃ¸dvin";"Glass";"13.5";"1.6197531"
"Vinmonopolet";"3559801";"Torraccia del Piantavigna Gattinara 2015";"Torraccia del Piantavigna Gattinara";"2015";"259.9";"0.75";"346.53";"RÃ¸dvin";"Glass";"14";"2.475238"
"Vinmonopolet";"3559901";"Barranco Oscuro VaretÃºo 2017";"Barranco Oscuro VaretÃºo";"2017";"305";"0.75";"406.67";"RÃ¸dvin";"Glass";"14";"2.9047618"
"Vinmonopolet";"3560101";"Dhondt-Grellet Brut Tradition";"Dhondt-Grellet Brut Tradition";"0";"458.6";"0.75";"611.47";"Champagne, brut";"Glass";"12";"5.095556"
"Vinmonopolet";"3560602";"Hornbeer Russian Imperial Stout";"Hornbeer Russian Imperial Stout";"0";"99.9";"0.5";"199.8";"Porter and stout";"Glass";"8.1";"2.4666667"
"Vinmonopolet";"3562601";"Louis Jadot MÃ¢con-Villages Grange Magnien 2017";"Louis Jadot MÃ¢con-Villages Grange Magnien";"2017";"189.9";"0.75";"253.2";"White wine";"Glass";"12.5";"2.0256"
"Vinmonopolet";"3562701";"Louis Jadot Beaune 1er Cru CÃ©lÃ¨bration 2015";"Louis Jadot Beaune 1er Cru CÃ©lÃ¨bration";"2015";"449.9";"0.75";"599.87";"RÃ¸dvin";"Glass";"13.5";"4.4434566"
"Vinmonopolet";"3563501";"Pedregosa Reserva Blanc de Millesime Brut Nature 2015";"Pedregosa Reserva Blanc de Millesime Brut Nature";"2015";"185.9";"0.75";"247.87";"Sparkling wine";"Glass";"11.5";"2.1553621"
"Vinmonopolet";"3563601";"Pedregosa Reserva Clos De Blancs Brut Nature 2016";"Pedregosa Reserva Clos De Blancs Brut Nature";"2016";"155.9";"0.75";"207.87";"Sparkling wine";"Glass";"11.5";"1.8075361"
"Vinmonopolet";"3564201";"Ch. Ducru-Beaucaillou 1986";"Ch. Ducru-Beaucaillou";"1986";"2120.1";"0.75";"2826.8";"RÃ¸dvin";"Glass";"12.5";"22.6144"
"Vinmonopolet";"3565102";"Bad Santa Juleakevitt";"Bad Santa Juleakevitt";"0";"385";"0.5";"770";"Aquavit";"Glass";"40";"1.925"
"Vinmonopolet";"3566701";"Petit Guiraud 2013";"Petit Guiraud";"2013";"339.9";"0.75";"453.2";"White wine";"Glass";"13.5";"3.357037"
"Vinmonopolet";"3566901";"Rings Saumagen Riesling Trocken Grosses GewÃ¤chs 2018";"Rings Saumagen Riesling Trocken Grosses GewÃ¤chs";"2018";"469.9";"0.75";"626.53";"White wine";"Glass";"13";"4.819487"
"Vinmonopolet";"3567001";"Palmer Vintage 2012";"Palmer Vintage";"2012";"629.9";"0.75";"839.87";"Champagne, brut";"Glass";"12";"6.998889"
"Vinmonopolet";"3567601";"Stefano Mancinelli Gocce di lacrima Grappa";"Stefano Mancinelli Gocce di lacrima Grappa";"0";"561.8";"0.7";"802.57";"Grape spirit";"Glass";"42";"1.9108844"
"Vinmonopolet";"3567701";"Ceste Sposabella Barbera d'Alba 2018";"Ceste Sposabella Barbera d'Alba";"2018";"220.1";"0.75";"293.47";"RÃ¸dvin";"Glass";"14";"2.0961905"
"Vinmonopolet";"3567901";"Cuatro Rayas Organic Verdejo 2019";"Cuatro Rayas Organic Verdejo";"2019";"129.9";"0.75";"173.2";"White wine";"Glass";"13.5";"1.2829629"
"Vinmonopolet";"3568001";"Ceste Nebbiolo d'Alba 2016";"Ceste Nebbiolo d'Alba";"2016";"232.3";"0.75";"309.73";"RÃ¸dvin";"Glass";"14";"2.212381"
"Vinmonopolet";"3568601";"SaÃ³ del Coster X Albarino 2013";"SaÃ³ del Coster X Albarino";"2013";"185.3";"0.75";"247.07";"White wine";"Glass";"12.5";"1.9765334"
"Vinmonopolet";"3568701";"S de Sao del Coster 2014";"S de Sao del Coster";"2014";"196.7";"0.75";"262.27";"RÃ¸dvin";"Glass";"15";"1.7484444"
"Vinmonopolet";"3569101";"Mas des Bressades CuveÃ©e Excellence 2016";"Mas des Bressades CuveÃ©e Excellence";"2016";"179.9";"0.75";"239.87";"RÃ¸dvin";"Glass";"14.5";"1.6542528"
"Vinmonopolet";"3569401";"Sacchetto Fili Prosecco Extra Dry 2014";"Sacchetto Fili Prosecco Extra Dry";"2014";"135.5";"0.75";"180.67";"Sparkling wine";"Glass";"11.5";"1.5710145"
"Vinmonopolet";"3569501";"Cline Sonoma Coast Pinot Noir 2018";"Cline Sonoma Coast Pinot Noir";"2018";"199.9";"0.75";"266.53";"RÃ¸dvin";"Glass";"14.5";"1.8381609"
"Vinmonopolet";"3569601";"Eugenio Collavini Ribolla Gialla Brut 2011";"Eugenio Collavini Ribolla Gialla Brut";"2011";"209.5";"0.75";"279.33";"Sparkling wine";"Glass";"12";"2.3277779"
"Vinmonopolet";"3569701";"A.D. Coutelas Grand Millesime Brut 2009";"A.D. Coutelas Grand Millesime Brut";"2009";"589";"0.75";"785.33";"Champagne, brut";"Glass";"12";"6.5444446"
"Vinmonopolet";"3569802";"Borg Leifur Nr.32 Nordic Saison";"Borg Leifur Nr.32 Nordic Saison";"0";"54.9";"0.33";"166.36";"Saison farmhouse ale";"Glass";"6.8";"2.446524"
"Vinmonopolet";"3569901";"Angelucci Leonate Montepulciano d'Abruzzo 2011";"Angelucci Leonate Montepulciano d'Abruzzo";"2011";"184.9";"0.75";"246.53";"RÃ¸dvin";"Glass";"14";"1.7609524"
"Vinmonopolet";"3570001";"A.D. Coutelas CuvÃ©e 1809 Extra Brut";"A.D. Coutelas CuvÃ©e  Extra Brut";"2014";"689";"0.75";"918.67";"Champagne, brut";"Glass";"12";"7.6555557"
"Vinmonopolet";"3570005";"A.D. Coutelas CuvÃ©e 1809 Extra Brut";"A.D. Coutelas CuvÃ©e  Extra Brut";"0";"1989";"1.5";"1326";"Champagne, brut";"Glass";"12";"11.05"
"Vinmonopolet";"3570201";"Chic Barcelona Brut";"Chic Barcelona Brut";"0";"124";"0.75";"165.33";"Sparkling wine";"Glass";"11.5";"1.4376812"
"Vinmonopolet";"3570402";"Borg Myrkvi Nr.13 Porter";"Borg Myrkvi Nr.13 Porter";"0";"54.9";"0.33";"166.36";"Porter and stout";"Glass";"6";"2.7727273"
"Vinmonopolet";"3572001";"Giacometto Bruno Erbaluce di Caluso Spumante 2009";"Giacometto Bruno Erbaluce di Caluso Spumante";"2009";"304.7";"0.75";"406.27";"Sparkling wine";"Glass";"13";"3.1251283"
"Vinmonopolet";"3572101";"Giacometto Bruno Canavese Nebbiolo 2013";"Giacometto Bruno Canavese Nebbiolo";"2013";"263";"0.75";"350.67";"RÃ¸dvin";"Glass";"14";"2.504762"
"Vinmonopolet";"3572201";"Poggio Bonelli Poggiassai 2013";"Poggio Bonelli Poggiassai";"2013";"299.2";"0.75";"398.93";"RÃ¸dvin";"Glass";"13.5";"2.955062"
"Vinmonopolet";"3572301";"Poggio Bonelli Chianti Classico 2015";"Poggio Bonelli Chianti Classico";"2015";"195.6";"0.75";"260.8";"RÃ¸dvin";"Glass";"13.5";"1.9318519"
"Vinmonopolet";"3572501";"Molino Barbaresco Teorema 2014";"Molino Barbaresco Teorema";"2014";"331.4";"0.75";"441.87";"RÃ¸dvin";"Glass";"14.5";"3.0473564"
"Vinmonopolet";"3572505";"Molino Barbaresco Teorema 2013";"Molino Barbaresco Teorema";"2013";"671.5";"1.5";"447.67";"RÃ¸dvin";"Glass";"14.5";"3.0873563"
"Vinmonopolet";"3572801";"Dom. Dominique Piron Morgon La Chanaise 2017";"Dom. Dominique Piron Morgon La Chanaise";"2017";"209.9";"0.75";"279.87";"RÃ¸dvin";"Glass";"13";"2.1528203"
"Vinmonopolet";"3572901";"Dom. Dominique Piron Beaujolais-Villages 2018";"Dom. Dominique Piron Beaujolais-Villages";"2018";"179.9";"0.75";"239.87";"RÃ¸dvin";"Glass";"12.5";"1.9189333"
"Vinmonopolet";"3573201";"Bric Cenciurio Barolo 2014";"Bric Cenciurio Barolo";"2014";"380.1";"0.75";"506.8";"RÃ¸dvin";"Glass";"14";"3.6200001"
"Vinmonopolet";"3573501";"Calles CÃ´tes du RhÃ´ne 2018";"Calles CÃ´tes du RhÃ´ne";"2018";"179.9";"0.75";"239.87";"RÃ¸dvin";"Glass";"14.5";"1.6542528"
"Vinmonopolet";"3573601";"Terres SecrÃ¨tes MÃ¢con VerzÃ© Croix-Jarrier 2016";"Terres SecrÃ¨tes MÃ¢con VerzÃ© Croix-Jarrier";"2016";"219.9";"0.75";"293.2";"White wine";"Glass";"13";"2.2553844"
"Vinmonopolet";"3573701";"Dominique Guyon Hautes Cotes de Nuits Les Dames de Vergy 2017";"Dominique Guyon Hautes Cotes de Nuits Les Dames de Vergy";"2017";"249.9";"0.75";"333.2";"RÃ¸dvin";"Glass";"13";"2.563077"
"Vinmonopolet";"3573801";"Dominique Guyon Bourgogne Hautes Cotes de Nuits 2015";"Dominique Guyon Bourgogne Hautes Cotes de Nuits";"2015";"249.9";"0.75";"333.2";"White wine";"Glass";"13";"2.563077"
"Vinmonopolet";"3574201";"Lisini Brunello di Montalcino Riserva 2012";"Lisini Brunello di Montalcino Riserva";"2012";"849.9";"0.75";"1133.2";"RÃ¸dvin";"Glass";"14";"8.094286"
"Vinmonopolet";"3574801";"Giacomo Fenocchio Langhe Nebbiolo 2017";"Giacomo Fenocchio Langhe Nebbiolo";"2017";"307.5";"0.75";"410";"RÃ¸dvin";"Glass";"14.5";"2.8275862"
"Vinmonopolet";"3576201";"Finis Terrae 2011";"Finis Terrae";"2011";"496.5";"0.75";"662";"RÃ¸dvin";"Glass";"14";"4.7285714"
"Vinmonopolet";"3576401";"Ron Zaya Grand Reserva 12 YO";"Ron Zaya Grand Reserva 12 YO";"0";"811";"0.7";"1158.57";"Rum";"Glass";"40";"2.8964286"
"Vinmonopolet";"3576501";"Inverroche Gin Verdant";"Inverroche Gin Verdant";"0";"706";"0.7";"1008.57";"Gin";"Glass";"43";"2.345515"
"Vinmonopolet";"3576601";"Inverroche Gin Amber";"Inverroche Gin Amber";"0";"706";"0.7";"1008.57";"Gin";"Glass";"43";"2.345515"
"Vinmonopolet";"3576701";"Inverroche Gin Classic";"Inverroche Gin Classic";"0";"706";"0.7";"1008.57";"Gin";"Glass";"43";"2.345515"
"Vinmonopolet";"3576801";"Ron Cartavio Solera 12 aÃ±os";"Ron Cartavio Solera 12 aÃ±os";"0";"667";"0.7";"952.86";"Rum";"Glass";"40";"2.3821428"
"Vinmonopolet";"3576901";"Ron Cartavio XO";"Ron Cartavio XO";"0";"1070";"0.7";"1528.57";"Rum";"Glass";"40";"3.8214285"
"Vinmonopolet";"3577602";"Wettre SMaSH Single Malt Single Hop";"Wettre SMaSH Single Malt Single Hop";"0";"80";"0.5";"160";"Pale ale";"Glass";"6.5";"2.4615386"
"Vinmonopolet";"3577701";"Pugibet Colombette Souvignier Mascaris 2019";"Pugibet Colombette Souvignier Mascaris";"2019";"155";"0.75";"206.67";"White wine";"Glass";"11.5";"1.7971015"
"Vinmonopolet";"3577802";"NÃ¸gne Ã RÃ¸d Jul";"NÃ¸gne Ã RÃ¸d Jul";"2015";"76.9";"0.5";"153.8";"India pale ale";"Glass";"8";"1.9225"
"Vinmonopolet";"3578002";"Varg Veum Taffel Aquavit";"Varg Veum Taffel Aquavit";"0";"350";"0.5";"700";"Aquavit";"Glass";"40";"1.75"
"Vinmonopolet";"3578101";"Ca`Momi Chardonnay 2016";"Ca`Momi Chardonnay";"2016";"311.1";"0.75";"414.8";"White wine";"Glass";"13.5";"3.0725927"
"Vinmonopolet";"3578201";"Ca Momi Cabernet Sauvignon 2016";"Ca Momi Cabernet Sauvignon";"2016";"371.1";"0.75";"494.8";"RÃ¸dvin";"Glass";"13.5";"3.6651852"
"Vinmonopolet";"3579201";"Brasserie Au Baron Saint MÃ©dard CuvÃ©e de NoÃ«l";"Brasserie Au Baron Saint MÃ©dard CuvÃ©e de NoÃ«l";"0";"124.9";"0.75";"166.53";"Saison farmhouse ale";"Glass";"7";"2.3790476"
"Vinmonopolet";"3579405";"Ch. Haut-Goujon 1995";"Ch. Haut-Goujon";"1995";"890";"1.5";"593.33";"RÃ¸dvin";"Glass";"12.5";"4.7466664"
"Vinmonopolet";"3579407";"Ch. Haut-Goujon 1995";"Ch. Haut-Goujon";"1995";"1850";"3";"616.67";"RÃ¸dvin";"Glass";"12.5";"4.9333334"
"Vinmonopolet";"3579602";"Aja Aurora Borealis";"Aja Aurora Borealis";"0";"54.9";"0.33";"166.36";"India pale ale";"Glass";"7.5";"2.2181818"
"Vinmonopolet";"3580701";"Cal Pla Mas d'en Compte 2012";"Cal Pla Mas d'en Compte";"2012";"267.6";"0.75";"356.8";"White wine";"Glass";"13.5";"2.642963"
"Vinmonopolet";"3580801";"Adega Algueira Fincas Ribeira Sacra 2015";"Adega Algueira Fincas Ribeira Sacra";"2015";"439.7";"0.75";"586.27";"RÃ¸dvin";"Glass";"13";"4.5097437"
"Vinmonopolet";"3580901";"Maxime Trijol Grande Champagne 1985";"Maxime Trijol Grande Champagne";"1985";"1990";"0.7";"2842.86";"Grape spirit";"Glass";"40";"7.107143"
"Vinmonopolet";"3581002";"Radikon Oslavje Bianco 2014";"Radikon Oslavje Bianco";"2014";"349.9";"0.5";"699.8";"White wine";"Glass";"13";"5.3830767"
"Vinmonopolet";"3581201";"Le Vigne Di Eli Etna Rosso 2016";"Le Vigne Di Eli Etna Rosso";"2016";"272.1";"0.75";"362.8";"RÃ¸dvin";"Glass";"14";"2.5914285"
"Vinmonopolet";"3581301";"Le Vigne Di Eli Moganazzi Volta Sciara Etna Bianco 2016";"Le Vigne Di Eli Moganazzi Volta Sciara Etna Bianco";"2016";"355.5";"0.75";"474";"White wine";"Glass";"12";"3.95"
"Vinmonopolet";"3581401";"Cant. Terlano Monticol Pinot Noir Riserva 2015";"Cant. Terlano Monticol Pinot Noir Riserva";"2015";"328.3";"0.75";"437.73";"RÃ¸dvin";"Glass";"14";"3.1266665"
"Vinmonopolet";"3582802";"Allegrini Grappa di Amarone";"Allegrini Grappa di Amarone";"0";"739.9";"0.5";"1479.8";"Grape spirit";"Glass";"43";"3.4413955"
"Vinmonopolet";"3582901";"Antonin Guyon Pernand-Vergelesses 1cru Sous FrÃ©tille 2017";"Antonin Guyon Pernand-Vergelesses 1cru Sous FrÃ©tille";"2017";"409.9";"0.75";"546.53";"White wine";"Glass";"13";"4.2041025"
"Vinmonopolet";"3583101";"Geil Behctheimer -S- Pinot Noir 2017";"Geil Behctheimer -S- Pinot Noir";"2017";"279";"0.75";"372";"RÃ¸dvin";"Glass";"13.5";"2.7555556"
"Vinmonopolet";"3583401";"Jim Beam Apple";"Jim Beam Apple";"0";"389.9";"0.7";"557";"LikÃ¸r";"Glass";"35";"1.5914285"
"Vinmonopolet";"3583501";"Dei Martiena Toscana Bianco 2015";"Dei Martiena Toscana Bianco";"2015";"169";"0.75";"225.33";"White wine";"Glass";"12.5";"1.8026667"
"Vinmonopolet";"3584301";"Didier Montchovet Coteaux Bourguignons 2017";"Didier Montchovet Coteaux Bourguignons";"2017";"249.9";"0.75";"333.2";"RÃ¸dvin";"Glass";"12";"2.7766666"
"Vinmonopolet";"3584601";"Terravignata Verdicchio di Matelica 2018";"Terravignata Verdicchio di Matelica";"2018";"159.9";"0.75";"213.2";"White wine";"Glass";"12.5";"1.7055999"
"Vinmonopolet";"3586701";"Manuel Olivier Hautes CÃ´tes de Nuits Vieilles Vignes 2018";"Manuel Olivier Hautes CÃ´tes de Nuits Vieilles Vignes";"2018";"289";"0.75";"385.33";"RÃ¸dvin";"Glass";"12.5";"3.0826666"
"Vinmonopolet";"3587302";"St. Stefanus Blonde";"St. Stefanus Blonde";"0";"48";"0.33";"145.46";"Trappist";"Glass";"7";"2.077922"
"Vinmonopolet";"3589401";"Il Canovino Soave Classico 2014";"Il Canovino Soave Classico";"2014";"245";"0.75";"326.67";"White wine";"Glass";"13";"2.5128205"
"Vinmonopolet";"3589601";"Il Canovino Valpolicella Classico Superiore 2013";"Il Canovino Valpolicella Classico Superiore";"2013";"265.6";"0.75";"354.13";"RÃ¸dvin";"Glass";"12.5";"2.8330667"
"Vinmonopolet";"3590205";"Ch. Latour-Martillac Rouge 2011";"Ch. Latour-Martillac Rouge";"2011";"824.7";"1.5";"549.8";"RÃ¸dvin";"Glass";"13.5";"4.0725927"
"Vinmonopolet";"3590405";"Ch. Latour-Martillac Rouge 2012";"Ch. Latour-Martillac Rouge";"2012";"824.7";"1.5";"549.8";"RÃ¸dvin";"Glass";"13.5";"4.0725927"
"Vinmonopolet";"3590501";"Ch. La GaffeliÃ¨re 2012";"Ch. La GaffeliÃ¨re";"2012";"649.9";"0.75";"866.53";"RÃ¸dvin";"Glass";"14";"6.189524"
"Vinmonopolet";"3593001";"A.A. Badenhorst Ramnasgras Cinsault 2018";"A.A. Badenhorst Ramnasgras Cinsault";"2018";"419.9";"0.75";"559.87";"RÃ¸dvin";"Glass";"12";"4.6655555"
"Vinmonopolet";"3593601";"Lucy M. Noir de Florette Pinot Noir";"Lucy M. Noir de Florette Pinot Noir";"2019";"379.9";"0.75";"506.53";"RÃ¸dvin";"Glass";"13";"3.8964102"
"Vinmonopolet";"3593701";"Lucy M. Wildman Blanc 2019";"Lucy M. Wildman Blanc";"2019";"369.9";"0.75";"493.2";"White wine";"Glass";"10.5";"4.6971426"
"Vinmonopolet";"3593806";"Aubrade Le Prestige 2019";"Aubrade Le Prestige";"2019";"409.9";"3";"136.63";"White wine";"Bag-in-box";"12";"1.1386111"
"Vinmonopolet";"3594402";"Gilde Taffel";"Gilde Taffel";"0";"299.9";"0.5";"599.8";"Aquavit";"Glass";"37.5";"1.5994667"
"Vinmonopolet";"3594501";"Friedrich-Wilhelm-Gymnasium Bernkasteler Riesling Kabinett feinherb 2014";"Friedrich-Wilhelm-Gymnasium Bernkasteler Riesling Kabinett feinherb";"2014";"209.9";"0.75";"279.87";"White wine";"Glass";"10.5";"2.6653967"
"Vinmonopolet";"3594602";"Beefeater London Dry";"Beefeater London Dry";"0";"284.9";"0.5";"569.8";"Gin";"Plast";"40";"1.4245"
"Vinmonopolet";"3594801";"Pfeffingen Ungstein Herrenberg Kalkstein Riesling Tr. 2016";"Pfeffingen Ungstein Herrenberg Kalkstein Riesling Tr.";"2016";"249.9";"0.75";"333.2";"White wine";"Glass";"13.5";"2.468148"
"Vinmonopolet";"3595401";"Reyneke Reserve red 2014";"Reyneke Reserve red";"2014";"599.9";"0.75";"799.87";"RÃ¸dvin";"Glass";"13";"6.1528206"
"Vinmonopolet";"3595901";"Robertson Constitution Road Chardonnay 2013";"Robertson Constitution Road Chardonnay";"2013";"324.9";"0.75";"433.2";"White wine";"Glass";"14";"3.0942857"
"Vinmonopolet";"3596201";"Ganevat J'en Veux Encore!!!";"Ganevat J'en Veux Encore!!!";"2018";"389.9";"0.75";"519.87";"RÃ¸dvin";"Glass";"13";"3.9989743"
"Vinmonopolet";"3596602";"KGB Vodka Lime";"KGB Vodka Lime";"0";"224.9";"0.5";"449.8";"Vodka";"Plast";"37.5";"1.1994666"
"Vinmonopolet";"3596706";"Allegrini Soave 2019";"Allegrini Soave";"2019";"469.9";"3";"156.63";"White wine";"Bag-in-box";"12.5";"1.2530667"
"Vinmonopolet";"3596801";"Santero DilÃ© Barbera d`Asti 2018";"Santero DilÃ© Barbera d`Asti";"2018";"149";"0.75";"198.67";"RÃ¸dvin";"Glass";"13.5";"1.471605"
"Vinmonopolet";"3597001";"Osborne Pedro Ximenez 1827";"Osborne Pedro Ximenez";"0";"284.9";"0.75";"379.87";"Sherry";"Glass";"17";"2.2345097"
"Vinmonopolet";"3597102";"Banfi Florus Moscadello di Montalcino 2014";"Banfi Florus Moscadello di Montalcino";"2014";"399.9";"0.5";"799.8";"White wine";"Glass";"13.5";"5.924444"
"Vinmonopolet";"3597201";"Matassa Olla Blanc 2019";"Matassa Olla Blanc";"2019";"284.9";"0.75";"379.87";"White wine";"Glass";"10.5";"3.6177776"
"Vinmonopolet";"3597401";"Macallan Rare Cask";"Macallan Rare Cask";"0";"2119.9";"0.7";"3028.43";"Whisky";"Glass";"43";"7.042857"
"Vinmonopolet";"3597601";"Barranco Oscuro Salvaje Blanco";"Barranco Oscuro Salvaje Blanco";"2017";"355";"0.75";"473.33";"White wine";"Glass";"13.5";"3.506173"
"Vinmonopolet";"3597705";"Contino ViÃ±a del Olivo 2007";"Contino ViÃ±a del Olivo";"2007";"1750";"1.5";"1166.67";"RÃ¸dvin";"Glass";"14";"8.333333"
"Vinmonopolet";"3598101";"Alain Girard Sancerre Blanc 2014";"Alain Girard Sancerre Blanc";"2014";"241.4";"0.75";"321.87";"White wine";"Glass";"13";"2.4758973"
"Vinmonopolet";"3598201";"Alain Girard Sancerre Rose 2017";"Alain Girard Sancerre Rose";"2017";"232";"0.75";"309.33";"RosÃ©vin";"Glass";"13";"2.3794873"
"Vinmonopolet";"3600601";"Lars og Erik Ch. Garasj Riesling Kabinett 2014";"Lars og Erik Ch. Garasj Riesling Kabinett";"2014";"259.9";"0.75";"346.53";"White wine";"Glass";"8";"4.3316665"
"Vinmonopolet";"3600802";"Hammer Vodka";"Hammer Vodka";"0";"254.9";"0.5";"509.8";"Vodka";"Plast";"42.7";"1.193911"
"Vinmonopolet";"3601001";"Nahetal Rosengarten Riesling Feinherb 2018";"Nahetal Rosengarten Riesling Feinherb";"2018";"139.9";"0.75";"186.53";"White wine";"Glass";"10.5";"1.7765079"
"Vinmonopolet";"3601902";"Samuel Smith Chocolate Stout";"Samuel Smith Chocolate Stout";"0";"51.5";"0.35";"145.07";"Porter and stout";"Glass";"5";"2.9428573"
"Vinmonopolet";"3602001";"Ãkre Gard Edel Sider";"Ãkre Gard Edel Sider";"2018";"154.7";"0.75";"206.27";"Cider";"Glass";"6.5";"3.1733332"
"Vinmonopolet";"3606201";"By the Dutch Old Genever";"By the Dutch Old Genever";"0";"495";"0.7";"707.14";"Genever";"Glass";"38";"1.8609023"
"Vinmonopolet";"3606401";"SmÃ¥ sure Sour Shot fersken";"SmÃ¥ sure Sour Shot fersken";"0";"299.9";"1";"299.9";"LikÃ¸r";"Glass";"16.4";"1.8286586"
"Vinmonopolet";"3606501";"SmÃ¥ sure Sour Shot cola";"SmÃ¥ sure Sour Shot cola";"0";"299.9";"1";"299.9";"LikÃ¸r";"Glass";"16.4";"1.8286586"
"Vinmonopolet";"3606701";"Barranco Oscuro V de Valenzuela 2016";"Barranco Oscuro V de Valenzuela";"2016";"355";"0.75";"473.33";"White wine";"Glass";"13";"3.6410255"
"Vinmonopolet";"3607001";"Duquai Double Wood XO";"Duquai Double Wood XO";"0";"619.9";"0.7";"885.57";"Grape spirit";"Glass";"40";"2.2139287"
"Vinmonopolet";"3607301";"Muses Estate 9 Red 2017";"Muses Estate 9 Red";"2017";"181.8";"0.75";"242.4";"RÃ¸dvin";"Glass";"13";"1.8646154"
"Vinmonopolet";"3607401";"Muses Estate 9 White 2018";"Muses Estate 9 White";"2018";"167.1";"0.75";"222.8";"White wine";"Glass";"12";"1.8566667"
"Vinmonopolet";"3607601";"Antico Portico Primitivo del Salento";"Antico Portico Primitivo del Salento";"0";"158.9";"0.75";"211.87";"RÃ¸dvin";"Glass";"13";"1.6297436"
"Vinmonopolet";"3610901";"Pignan CÃ´tes du RhÃ´ne 2014";"Pignan CÃ´tes du RhÃ´ne";"2014";"171.8";"0.75";"229.07";"RÃ¸dvin";"Glass";"14";"1.6361905"
"Vinmonopolet";"3611101";"Schweiger ZÃ¶binger Heiligenstein GrÃ¼ner Veltliner Reserve 2014";"Schweiger ZÃ¶binger Heiligenstein GrÃ¼ner Veltliner Reserve";"2014";"220.6";"0.75";"294.13";"White wine";"Glass";"13";"2.2625642"
"Vinmonopolet";"3611301";"Antico Portico Rosso Veneto";"Antico Portico Rosso Veneto";"0";"169.6";"0.75";"226.13";"RÃ¸dvin";"Glass";"13.5";"1.6750618"
"Vinmonopolet";"3611501";"Lavradores de Feitoria Cheda 2016";"Lavradores de Feitoria Cheda";"2016";"99.9";"0.75";"133.2";"RÃ¸dvin";"Glass";"13";"1.0246154"
"Vinmonopolet";"3612201";"Vallein-Tercinier Lot 66 Petite Champagne";"Vallein-Tercinier Lot 66 Petite Champagne";"0";"2490";"0.7";"3557.14";"Grape spirit";"Glass";"51.3";"6.934002"
"Vinmonopolet";"3612301";"Vallein-Tercinier Lot 56 Petite Champagne";"Vallein-Tercinier Lot 56 Petite Champagne";"0";"3100.1";"0.7";"4428.71";"Grape spirit";"Glass";"41.8";"10.595011"
"Vinmonopolet";"3612401";"Vallein-Tercinier TrÃ¨s Vieux Pineau des Charentes Reste des Anges 1997";"Vallein-Tercinier TrÃ¨s Vieux Pineau des Charentes Reste des Anges";"1997";"360";"0.75";"480";"Fortified wine";"Glass";"17";"2.8235295"
"Vinmonopolet";"3612501";"Vallein-Tercinier Vieux Pineau des Charentes 10 ans";"Vallein-Tercinier Vieux Pineau des Charentes 10 ans";"0";"379.9";"0.75";"506.53";"Fortified wine";"Glass";"17";"2.9796078"
"Vinmonopolet";"3612602";"Jons Utvalgte Tomat pÃ¡rlat 2012";"Jons Utvalgte Tomat pÃ¡rlat";"2012";"579.9";"0.35";"1656.86";"Fruit spirit";"Glass";"43";"3.8531563"
"Vinmonopolet";"3612702";"Jons Utvalgte RÃ¸dbete pÃ¡rlat 2014";"Jons Utvalgte RÃ¸dbete pÃ¡rlat";"2014";"499.9";"0.35";"1428.29";"Fruit spirit";"Glass";"45";"3.1739683"
"Vinmonopolet";"3612802";"Jons Utvalgte SpÃ¡rga pÃ¡rlat 2010";"Jons Utvalgte SpÃ¡rga pÃ¡rlat";"2010";"650";"0.35";"1857.14";"Fruit spirit";"Glass";"45";"4.126984"
"Vinmonopolet";"3612902";"Jons Utvalgte Gulrot pÃ¡rlat 2012";"Jons Utvalgte Gulrot pÃ¡rlat";"2012";"499";"0.35";"1425.71";"Fruit spirit";"Glass";"45";"3.1682541"
"Vinmonopolet";"3613002";"Jons Utvalgte Selleri pÃ¡rlat 2014";"Jons Utvalgte Selleri pÃ¡rlat";"2014";"579.9";"0.35";"1656.86";"Fruit spirit";"Glass";"46";"3.6018636"
"Vinmonopolet";"3613102";"Jons Utvalgte Paprika pÃ¡rlat 2014";"Jons Utvalgte Paprika pÃ¡rlat";"2014";"500";"0.35";"1428.57";"Fruit spirit";"Glass";"46";"3.10559"
"Vinmonopolet";"3613202";"Jons Utvalgte SolbÃ¦r PÃ¡linka 2013";"Jons Utvalgte SolbÃ¦r PÃ¡linka";"2013";"424.6";"0.35";"1213.14";"Fruit spirit";"Glass";"40";"3.0328572"
"Vinmonopolet";"3613302";"Jons Utvalgte RamslÃ¸k pÃ¡rlat 2012";"Jons Utvalgte RamslÃ¸k pÃ¡rlat";"2012";"500";"0.35";"1428.57";"Fruit spirit";"Glass";"43";"3.3222592"
"Vinmonopolet";"3614902";"Windswept Bear Barrel Aged Russian Imperial Stout";"Windswept Bear Barrel Aged Russian Imperial Stout";"0";"130";"0.33";"393.94";"Porter and stout";"Glass";"10.5";"3.7518036"
"Vinmonopolet";"3615002";"Silenrieux Joseph";"Silenrieux Joseph";"0";"54";"0.33";"163.64";"HveteÃ¸l";"Glass";"5.4";"3.0303028"
"Vinmonopolet";"3616501";"Ch. Salettes Bandol 2015";"Ch. Salettes Bandol";"2015";"309.9";"0.75";"413.2";"RÃ¸dvin";"Glass";"14";"2.9514284"
"Vinmonopolet";"3618901";"Emidio Pepe Montepulciano d'Abruzzo Selezione Vecchie Vigne 2015";"Emidio Pepe Montepulciano d'Abruzzo Selezione Vecchie Vigne";"2015";"899.9";"0.75";"1199.87";"RÃ¸dvin";"Glass";"13.5";"8.887901"
"Vinmonopolet";"3619101";"Emidio Pepe Trebbiano dÂ´Abruzzo 2015";"Emidio Pepe Trebbiano dÂ´Abruzzo";"2015";"749.9";"0.75";"999.87";"White wine";"Glass";"12";"8.332223"
"Vinmonopolet";"3619302";"Quinta do Vallado Tawny 30 YO";"Quinta do Vallado Tawny 30 YO";"0";"995";"0.5";"1990";"Port wine";"Glass";"19.5";"10.205129"
"Vinmonopolet";"3619402";"Quinta do Vallado Tawny 40 YO";"Quinta do Vallado Tawny 40 YO";"0";"1350";"0.5";"2700";"Port wine";"Glass";"20.5";"13.170732"
"Vinmonopolet";"3620301";"The Arran Bothy Quarter Cask Batch 1";"The Arran Bothy Quarter Cask Batch 1";"0";"889.9";"0.7";"1271.29";"Whisky";"Glass";"55.7";"2.28238"
"Vinmonopolet";"3621801";"Tronnes NapolÃ©on";"Tronnes NapolÃ©on";"0";"304.9";"0.7";"435.57";"Grape spirit";"Plast";"36";"1.2099206"
"Vinmonopolet";"3621802";"Tronnes NapolÃ©on";"Tronnes NapolÃ©on";"0";"179.9";"0.35";"514";"Grape spirit";"Plast";"36";"1.4277778"
"Vinmonopolet";"3621901";"Talisker Skye Single Malt";"Talisker Skye Single Malt";"0";"519.9";"0.7";"742.71";"Whisky";"Glass";"45.8";"1.621647"
"Vinmonopolet";"3623001";"Yuzu Sake 2017";"Yuzu Sake";"2017";"410";"0.72";"569.44";"Sake";"Glass";"7";"8.13492"
"Vinmonopolet";"3623201";"Bianco delle Regine 2014";"Bianco delle Regine";"2014";"240";"0.75";"320";"White wine";"Glass";"12.5";"2.56"
"Vinmonopolet";"3623602";"Rent Brennevin 60%";"Rent Brennevin 60%";"0";"245.8";"0.35";"702.29";"Vodka";"Glass";"60";"1.1704762"
"Vinmonopolet";"3626601";"Kubler Kintet 2016";"Kubler Kintet";"2016";"199.9";"0.75";"266.53";"White wine";"Glass";"13";"2.0502563"
"Vinmonopolet";"3626701";"Kubler Z La Petite TÃªte au Soleil 2014";"Kubler Z La Petite TÃªte au Soleil";"2014";"269";"0.75";"358.67";"White wine";"Glass";"13.5";"2.65679"
"Vinmonopolet";"3628301";"Belstar Prosecco Brut";"Belstar Prosecco Brut";"0";"159.9";"0.75";"213.2";"Sparkling wine";"Glass";"11";"1.9381818"
"Vinmonopolet";"3628601";"St. Verny Les Volcans Gamay Pinot Noir 2017";"St. Verny Les Volcans Gamay Pinot Noir";"2017";"199.9";"0.75";"266.53";"RÃ¸dvin";"Glass";"13.5";"1.9743209"
"Vinmonopolet";"3628701";"St. Verny Les Volcans Chardonnay 2018";"St. Verny Les Volcans Chardonnay";"2018";"199.9";"0.75";"266.53";"White wine";"Glass";"14";"1.9038094"
"Vinmonopolet";"3632601";"GÃ©rard Bertrand RÃ©serve SpÃ©ciale 2017";"GÃ©rard Bertrand RÃ©serve SpÃ©ciale";"2017";"139.9";"0.75";"186.53";"RÃ¸dvin";"Glass";"13.5";"1.3817283"
"Vinmonopolet";"3633901";"Red Car Sonoma Coast Chardonnay 2015";"Red Car Sonoma Coast Chardonnay";"2015";"419";"0.75";"558.67";"White wine";"Glass";"13.5";"4.138272"
"Vinmonopolet";"3634401";"Ch. Capbern Gasqueton 2015";"Ch. Capbern Gasqueton";"2015";"229.8";"0.75";"306.4";"RÃ¸dvin";"Glass";"13";"2.356923"
"Vinmonopolet";"3635401";"Desderi Spumante Amici per Sampre";"Desderi Spumante Amici per Sampre";"0";"215.1";"0.75";"286.8";"Sparkling wine";"Glass";"11.5";"2.4939132"
"Vinmonopolet";"3637601";"Zuidam Zeer Oude Genever 3 YO";"Zuidam Zeer Oude Genever 3 YO";"0";"765";"1";"765";"Genever";"Glass";"38";"2.0131578"
"Vinmonopolet";"3637801";"Zuidam Zeer Oude Genever 5 YO";"Zuidam Zeer Oude Genever 5 YO";"0";"865";"1";"865";"Genever";"Glass";"38";"2.2763157"
"Vinmonopolet";"3638001";"Zuidam Rye Genever";"Zuidam Rye Genever";"0";"635";"1";"635";"Genever";"Glass";"35";"1.8142858"
"Vinmonopolet";"3638101";"L. BÃ©nard-Pitois Brut Nature";"L. BÃ©nard-Pitois Brut Nature";"0";"394";"0.75";"525.33";"Champagne extra brut";"Glass";"12";"4.3777776"
"Vinmonopolet";"3638201";"L. BÃ©nard-Pitois Brut RÃ©serve";"L. BÃ©nard-Pitois Brut RÃ©serve";"0";"318";"0.75";"424";"Champagne, brut";"Glass";"12";"3.5333333"
"Vinmonopolet";"3638601";"Fernand & Laurent Pillot Meursault 1er Cru Les Caillerets 2016";"Fernand & Laurent Pillot Meursault 1er Cru Les Caillerets";"2016";"598";"0.75";"797.33";"White wine";"Glass";"13";"6.133333"
"Vinmonopolet";"3638701";"Fernand & Laurent Pillot Saint-Aubin 1er Cru Sentier du Clou 2015";"Fernand & Laurent Pillot Saint-Aubin 1er Cru Sentier du Clou";"2015";"398";"0.75";"530.67";"White wine";"Glass";"13.5";"3.930864"
"Vinmonopolet";"3638801";"Antoniolo Gattinara 2013";"Antoniolo Gattinara";"2013";"389";"0.75";"518.67";"RÃ¸dvin";"Glass";"13.5";"3.8419752"
"Vinmonopolet";"3638901";"Antoniolo Gattinara Osso San Grato 2014";"Antoniolo Gattinara Osso San Grato";"2014";"599";"0.75";"798.67";"RÃ¸dvin";"Glass";"14.5";"5.508046"
"Vinmonopolet";"3639001";"Negro Lorenzo Barbera d'Alba 2014";"Negro Lorenzo Barbera d'Alba";"2014";"169";"0.75";"225.33";"RÃ¸dvin";"Glass";"14";"1.6095238"
"Vinmonopolet";"3639702";"Little Brother Lights Out Imperial Stout";"Little Brother Lights Out Imperial Stout";"0";"118.6";"0.5";"237.2";"Porter and stout";"Glass";"7.5";"3.1626666"
"Vinmonopolet";"3640201";"Perrin Cornas 2015";"Perrin Cornas";"2015";"385";"0.75";"513.33";"RÃ¸dvin";"Glass";"13.5";"3.8024693"
"Vinmonopolet";"3640205";"Maison les Alexandrins Cornas";"Maison les Alexandrins Cornas";"2015";"708.9";"1.5";"472.6";"RÃ¸dvin";"Glass";"13.5";"3.5007408"
"Vinmonopolet";"3643501";"Ch. Certan de May 2012";"Ch. Certan de May";"2012";"749";"0.75";"998.67";"RÃ¸dvin";"Glass";"14";"7.133333"
"Vinmonopolet";"3643601";"Ch. La Serre 2012";"Ch. La Serre";"2012";"389";"0.75";"518.67";"RÃ¸dvin";"Glass";"13.5";"3.8419752"
"Vinmonopolet";"3644501";"Lysholm No 52";"Lysholm No 52";"0";"324.9";"0.7";"464.14";"Aquavit";"Glass";"40";"1.1603571"
"Vinmonopolet";"3644901";"Dom. Rion Nuits-Saint-Georges 1er Cru Clos St Marc 2013";"Dom. Rion Nuits-Saint-Georges 1er Cru Clos St Marc";"2013";"712";"0.75";"949.33";"RÃ¸dvin";"Glass";"13";"7.302564"
"Vinmonopolet";"3645101";"Dom. Rion Nuits-Saint-Georges 1er Cru Clos des ArgilliÃ¨res 2013";"Dom. Rion Nuits-Saint-Georges 1er Cru Clos des ArgilliÃ¨res";"2013";"655";"0.75";"873.33";"RÃ¸dvin";"Glass";"13";"6.717949"
"Vinmonopolet";"3645206";"Thr3 Monkeys Fresh & Fruity White Wine";"Thr3 Monkeys Fresh & Fruity White Wine";"2019";"334.9";"3";"111.63";"White wine";"Bag-in-box";"8.5";"1.3133333"
"Vinmonopolet";"3645301";"Escada Touriga Nacional Reserva 2016";"Escada Touriga Nacional Reserva";"2016";"139.9";"0.75";"186.53";"RÃ¸dvin";"Glass";"13";"1.4348717"
"Vinmonopolet";"3645701";"Chamonix Rouge 2014";"Chamonix Rouge";"2014";"109.9";"0.75";"146.53";"RÃ¸dvin";"Glass";"14";"1.0466666"
"Vinmonopolet";"3647501";"A Gros et JP Tollot La Ciaude Minervois 2013";"A Gros et JP Tollot La Ciaude Minervois";"2013";"295";"0.75";"393.33";"RÃ¸dvin";"Glass";"14";"2.8095238"
"Vinmonopolet";"3647601";"A Gros et JP Tollot Les Fontanilles Minervois 2016";"A Gros et JP Tollot Les Fontanilles Minervois";"2016";"262.1";"0.75";"349.47";"RÃ¸dvin";"Glass";"13.5";"2.5886421"
"Vinmonopolet";"3647901";"Matteo Correggia Marun Barbera d'Alba 2015";"Matteo Correggia Marun Barbera d'Alba";"2015";"394.5";"0.75";"526";"RÃ¸dvin";"Glass";"15";"3.5066667"
"Vinmonopolet";"3648604";"My Favorite Chardonnay Wine 2014";"My Favorite Chardonnay Wine";"2014";"43.7";"0.25";"166.8";"White wine";"Emballasje med pant";"14.2";"1.230986"
"Vinmonopolet";"3648704";"My Favorite Syrah Wine 2014";"My Favorite Syrah Wine";"2014";"43.7";"0.25";"166.8";"RÃ¸dvin";"Emballasje med pant";"14.5";"1.2055173"
"Vinmonopolet";"3651401";"Villard Mairlant Saint-Joseph white";"Villard Mairlant Saint-Joseph white";"2016";"339.9";"0.75";"453.2";"White wine";"Glass";"13";"3.4861538"
"Vinmonopolet";"3651601";"Tokaj-HÃ©tszÅlÅ Dry Furmint Selection 2012";"Tokaj-HÃ©tszÅlÅ Dry Furmint Selection";"2012";"249";"0.75";"332";"White wine";"Glass";"13.5";"2.4592593"
"Vinmonopolet";"3651701";"Moestue Cornas Coteau de Reynard 2016";"Moestue Cornas Coteau de Reynard";"2016";"495.9";"0.75";"661.2";"RÃ¸dvin";"Glass";"14";"4.722857"
"Vinmonopolet";"3651705";"Moestue Cornas Coteau de Reynard 2014";"Moestue Cornas Coteau de Reynard";"2014";"960";"1.5";"640";"RÃ¸dvin";"Glass";"14";"4.571429"
"Vinmonopolet";"3652001";"Arlaud Morey St Denis 1er Cru Aux Cheseaux 2013";"Arlaud Morey St Denis 1er Cru Aux Cheseaux";"2013";"609.9";"0.75";"813.2";"RÃ¸dvin";"Glass";"13";"6.255385"
"Vinmonopolet";"3652101";"Arlaud Morey Saint Denis 1er Cru Les Ruchots 2013";"Arlaud Morey Saint Denis 1er Cru Les Ruchots";"2013";"678.9";"0.75";"905.2";"RÃ¸dvin";"Glass";"13";"6.963077"
"Vinmonopolet";"3653101";"Tissot Sursis CÃ´tes du Jura Chardonnay 2017";"Tissot Sursis CÃ´tes du Jura Chardonnay";"2017";"469.9";"0.75";"626.53";"White wine";"Glass";"13.5";"4.6409874"
"Vinmonopolet";"3653401";"Bret Brothers MÃ¢con-Villages CuvÃ©e Terroirs du MÃ¢connais 2017";"Bret Brothers MÃ¢con-Villages CuvÃ©e Terroirs du MÃ¢connais";"2017";"260";"0.75";"346.67";"White wine";"Glass";"13";"2.6666667"
"Vinmonopolet";"3653405";"Bret Brothers MÃ¢con-Villages CuvÃ©e Terroirs du MÃ¢connais 2017";"Bret Brothers MÃ¢con-Villages CuvÃ©e Terroirs du MÃ¢connais";"2017";"515";"1.5";"343.33";"White wine";"Glass";"13";"2.6410255"
"Vinmonopolet";"3653501";"Ninki-Ichi Red Ninki";"Ninki-Ichi Red Ninki";"0";"219.9";"0.72";"305.42";"Sake";"Glass";"14.5";"2.1063218"
"Vinmonopolet";"3653601";"Ninki-Ichi Black Ninki Junmai Ginjo";"Ninki-Ichi Black Ninki Junmai Ginjo";"0";"234.9";"0.72";"326.25";"Sake";"Glass";"15";"2.175"
"Vinmonopolet";"3653702";"Ninki-Ichi Sparkling Junmai Ginjo";"Ninki-Ichi Sparkling Junmai Ginjo";"0";"142";"0.3";"473.33";"Sake";"Glass";"7";"6.7619047"
"Vinmonopolet";"3653902";"Ninki-Ichi Umeshu";"Ninki-Ichi Umeshu";"0";"259.9";"0.5";"519.8";"LikÃ¸r";"Glass";"18";"2.8877778"
"Vinmonopolet";"3654001";"Jyokigen Yamahai Junmaishu";"Jyokigen Yamahai Junmaishu";"0";"324";"0.72";"450";"Sake";"Glass";"15";"3"
"Vinmonopolet";"3654101";"Kiss of Fire Junmai Daiginjo";"Kiss of Fire Junmai Daiginjo";"0";"562";"0.72";"780.56";"Sake";"Glass";"15";"5.2037034"
"Vinmonopolet";"3654201";"KG Moon Full Moon Junmai Ginjo";"KG Moon Full Moon Junmai Ginjo";"0";"334.9";"0.72";"465.14";"Sake";"Glass";"15.5";"3.000896"
"Vinmonopolet";"3654401";"Marchesi di Gresy Camp Gros Barbaresco Riserva 2010";"Marchesi di Gresy Camp Gros Barbaresco Riserva";"2010";"999.9";"0.75";"1333.2";"RÃ¸dvin";"Glass";"14";"9.522858"
"Vinmonopolet";"3654601";"Marchesi di Gresy Gaiun Martinenga Barbaresco 2013";"Marchesi di Gresy Gaiun Martinenga Barbaresco";"2013";"900";"0.75";"1200";"RÃ¸dvin";"Glass";"14.5";"8.275862"
"Vinmonopolet";"3654701";"Leitz RÃ¼desheimer Berg Roseneck Katerloch Riesling trocken 2014";"Leitz RÃ¼desheimer Berg Roseneck Katerloch Riesling trocken";"2014";"375";"0.75";"500";"White wine";"Glass";"12.5";"4"
"Vinmonopolet";"3654801";"Leitz RÃ¼desheimer Berg Rottland Hinterhaus Riesling trocken 2014";"Leitz RÃ¼desheimer Berg Rottland Hinterhaus Riesling trocken";"2014";"375";"0.75";"500";"White wine";"Glass";"12.5";"4"
"Vinmonopolet";"3655301";"Tandem InmÃ¡cula 2016";"Tandem InmÃ¡cula";"2016";"219.9";"0.75";"293.2";"White wine";"Glass";"13.5";"2.1718519"
"Vinmonopolet";"3656201";"Riffault Sancerre SaulÃ©tas 2015";"Riffault Sancerre SaulÃ©tas";"2015";"389.9";"0.75";"519.87";"White wine";"Glass";"13";"3.9989743"
"Vinmonopolet";"3656301";"Riffault Sancerre Raudonas 2016";"Riffault Sancerre Raudonas";"2016";"389.9";"0.75";"519.87";"RÃ¸dvin";"Glass";"13";"3.9989743"
"Vinmonopolet";"3656401";"Riffault Sancerre AkmÃ¨ninÃ© 2016";"Riffault Sancerre AkmÃ¨ninÃ©";"2016";"329.9";"0.75";"439.87";"White wine";"Glass";"13";"3.3835897"
"Vinmonopolet";"3656505";"Riffault Sancerre Les Quarterons 2015";"Riffault Sancerre Les Quarterons";"2015";"569.9";"1.5";"379.93";"White wine";"Glass";"13";"2.9225643"
"Vinmonopolet";"3656801";"Pierre Frick CrÃ©mant d'Alsace 2016";"Pierre Frick CrÃ©mant d'Alsace";"2016";"299.9";"0.75";"399.87";"Sparkling wine";"Glass";"12";"3.3322222"
"Vinmonopolet";"3657101";"Altura Ansonaco dell'Isola del Giglio 2015";"Altura Ansonaco dell'Isola del Giglio";"2015";"399.9";"0.75";"533.2";"White wine";"Glass";"13";"4.101538"
"Vinmonopolet";"3657201";"Altura Saverio dell'Isola del Giglio Rosso 2014";"Altura Saverio dell'Isola del Giglio Rosso";"2014";"420";"0.75";"560";"RÃ¸dvin";"Glass";"14.4";"3.888889"
"Vinmonopolet";"3657302";"Skin Gin 2015";"Skin Gin";"2015";"477.7";"0.5";"955.4";"Gin";"Glass";"42";"2.274762"
"Vinmonopolet";"3658005";"Castellare di Castellina 33 Vendemmie 2010";"Castellare di Castellina 33 Vendemmie";"2010";"1397.2";"1.5";"931.47";"RÃ¸dvin";"Glass";"13.5";"6.8997526"
"Vinmonopolet";"3658201";"Castellare di Castellina Poggio Ai Merli";"Castellare di Castellina Poggio Ai Merli";"0";"749.3";"0.75";"999.07";"RÃ¸dvin";"Glass";"13.5";"7.4004936"
"Vinmonopolet";"3658301";"Maley Cidre Jorasses Classicum Methode Traditionnelle 2016";"Maley Cidre Jorasses Classicum Methode Traditionnelle";"2016";"165";"0.75";"220";"Cider";"Glass";"7.5";"2.9333334"
"Vinmonopolet";"3658401";"Maley Cidre du Mont Blanc Classicum Methode Traditionnelle 2017";"Maley Cidre du Mont Blanc Classicum Methode Traditionnelle";"2017";"155";"0.75";"206.67";"Cider";"Glass";"6";"3.4444444"
"Vinmonopolet";"3658501";"Sperino Lessona 2007";"Sperino Lessona";"2007";"395";"0.75";"526.67";"RÃ¸dvin";"Glass";"13.5";"3.9012346"
"Vinmonopolet";"3658601";"Sperino Uvaggio 2013";"Sperino Uvaggio";"2013";"301.9";"0.75";"402.53";"RÃ¸dvin";"Glass";"13";"3.0964103"
"Vinmonopolet";"3658901";"Feudi del Pisciotto Merlot IGT Terre Siciliane";"Feudi del Pisciotto Merlot IGT Terre Siciliane";"0";"299";"0.75";"398.67";"RÃ¸dvin";"Glass";"13";"3.0666666"
"Vinmonopolet";"3659005";"Guigal CÃ´te RÃ´tie Brune et Blonde 2014";"Guigal CÃ´te RÃ´tie Brune et Blonde";"2014";"978.1";"1.5";"652.07";"RÃ¸dvin";"Glass";"13.5";"4.8301234"
"Vinmonopolet";"3659101";"J-L Chave Selection Hermitage Farconnet 2014";"J-L Chave Selection Hermitage Farconnet";"2014";"485";"0.75";"646.67";"RÃ¸dvin";"Glass";"13.5";"4.7901235"
"Vinmonopolet";"3659401";"Weil Kiedrich GrÃ¤fenberg Riesling Trocken Grosses GewÃ¤chs 2014";"Weil Kiedrich GrÃ¤fenberg Riesling Trocken Grosses GewÃ¤chs";"2014";"512";"0.75";"682.67";"White wine";"Glass";"13";"5.251282"
"Vinmonopolet";"3660002";"Silenrieux La Charlemagne";"Silenrieux La Charlemagne";"0";"56";"0.33";"169.7";"Saison farmhouse ale";"Glass";"7.5";"2.2626262"
"Vinmonopolet";"3660201";"Ch. Haut-Bailly 2011";"Ch. Haut-Bailly";"2011";"985";"0.75";"1313.33";"RÃ¸dvin";"Glass";"13";"10.102564"
"Vinmonopolet";"3660502";"St. Germain";"St. Germain";"0";"299.9";"0.5";"599.8";"LikÃ¸r";"Glass";"20";"2.9989998"
"Vinmonopolet";"3660601";"Aberfeldy 12 YO";"Aberfeldy 12 YO";"0";"549.9";"0.7";"785.57";"Whisky";"Glass";"40";"1.9639287"
"Vinmonopolet";"3660701";"Rossignol-Trapet Gevrey Chambertin Vieilles Vignes 2017";"Rossignol-Trapet Gevrey Chambertin Vieilles Vignes";"2017";"465";"0.75";"620";"RÃ¸dvin";"Glass";"13";"4.769231"
"Vinmonopolet";"3661201";"Dom. des Lises Crozes-Hermitage 2017";"Dom. des Lises Crozes-Hermitage";"2017";"289.9";"0.75";"386.53";"RÃ¸dvin";"Glass";"13";"2.9733334"
"Vinmonopolet";"3661401";"Matrot Blagny La PiÃ¨ce Sous le Bois 2013";"Matrot Blagny La PiÃ¨ce Sous le Bois";"2013";"498";"0.75";"664";"RÃ¸dvin";"Glass";"13";"5.1076922"
"Vinmonopolet";"3661501";"Ch. Giscours 2001";"Ch. Giscours";"2001";"1229";"0.75";"1638.67";"RÃ¸dvin";"Glass";"13";"12.605128"
"Vinmonopolet";"3661601";"Ch. Giscours 2002";"Ch. Giscours";"2002";"1045";"0.75";"1393.33";"RÃ¸dvin";"Glass";"13";"10.717949"
"Vinmonopolet";"3661805";"Ch. d'Issan 2011";"Ch. d'Issan";"2011";"2275";"1.5";"1516.67";"RÃ¸dvin";"Glass";"13";"11.666667"
"Vinmonopolet";"3661901";"Ch. Talbot 2010";"Ch. Talbot";"2010";"1590";"0.75";"2120";"RÃ¸dvin";"Glass";"13.5";"15.703704"
"Vinmonopolet";"3662101";"Dom. de Chevalier Blanc 2013";"Dom. de Chevalier Blanc";"2013";"1319";"0.75";"1758.67";"White wine";"Glass";"13";"13.528205"
"Vinmonopolet";"3662201";"Ch. Grand-Puy-Lacoste 2011";"Ch. Grand-Puy-Lacoste";"2011";"924.9";"0.75";"1233.2";"RÃ¸dvin";"Glass";"13.5";"9.134815"
"Vinmonopolet";"3662801";"Farrell Irish Whiskey";"Farrell Irish Whiskey";"0";"369";"0.7";"527.14";"Whisky";"Glass";"40";"1.3178571"
"Vinmonopolet";"3662802";"Farrell Irish Whiskey";"Farrell Irish Whiskey";"0";"269";"0.5";"538";"Whisky";"Plast";"40";"1.345"
"Vinmonopolet";"3663101";"Le Cinciole Chianti Classico 2013";"Le Cinciole Chianti Classico";"2013";"229.9";"0.75";"306.53";"RÃ¸dvin";"Glass";"13";"2.3579485"
"Vinmonopolet";"3663201";"Le Cinciole Cinciorosso 2017";"Le Cinciole Cinciorosso";"2017";"184.9";"0.75";"246.53";"RÃ¸dvin";"Glass";"13.5";"1.8261728"
"Vinmonopolet";"3663501";"Rocket Brewing First Contact";"Rocket Brewing First Contact";"0";"99.9";"0.75";"133.2";"Saison farmhouse ale";"Glass";"6.3";"2.1142857"
"Vinmonopolet";"3664201";"Arlaud Charmes-Chambertin Grand Cru 2013";"Arlaud Charmes-Chambertin Grand Cru";"2013";"1144.8";"0.75";"1526.4";"RÃ¸dvin";"Glass";"13";"11.741539"
"Vinmonopolet";"3664401";"Vajra N.S. Della Neve Spumante Rosato Extra Brut";"Vajra N.S. Della Neve Spumante Rosato Extra Brut";"2002";"292";"0.75";"389.33";"Musserende vin, rosÃ©";"Glass";"11.5";"3.3855073"
"Vinmonopolet";"3664702";"Wettre Baltic Porter";"Wettre Baltic Porter";"0";"86.9";"0.5";"173.8";"Porter and stout";"Glass";"8";"2.1725001"
"Vinmonopolet";"3664802";"Wettre India Pale Ale";"Wettre India Pale Ale";"0";"86.9";"0.5";"173.8";"India pale ale";"Glass";"7.5";"2.3173335"
"Vinmonopolet";"3664901";"MalvirÃ  Roero Riserva Mombeltramo 2006";"MalvirÃ  Roero Riserva Mombeltramo";"2006";"369.9";"0.75";"493.2";"RÃ¸dvin";"Glass";"14";"3.5228572"
"Vinmonopolet";"3665001";"Ioppa Colline Novaresi Nebbiolo 2018";"Ioppa Colline Novaresi Nebbiolo";"2018";"159.9";"0.75";"213.2";"RÃ¸dvin";"Glass";"12.5";"1.7055999"
"Vinmonopolet";"3665101";"Ioppa Colline Novaresi Vespolina Coda Rossa 2018";"Ioppa Colline Novaresi Vespolina Coda Rossa";"2018";"149.9";"0.75";"199.87";"RÃ¸dvin";"Glass";"12.5";"1.5989332"
"Vinmonopolet";"3665701";"Rabl Langenlois Kamptal GrÃ¼ner Veltliner 2019";"Rabl Langenlois Kamptal GrÃ¼ner Veltliner";"2019";"175";"0.75";"233.33";"White wine";"Glass";"11.5";"2.0289855"
"Vinmonopolet";"3665801";"Stellenrust Peppergrinder Shiraz 2016";"Stellenrust Peppergrinder Shiraz";"2016";"214.9";"0.75";"286.53";"RÃ¸dvin";"Glass";"14.5";"1.9760919"
"Vinmonopolet";"3665901";"Kongsgaard Syrah";"Kongsgaard Syrah";"2017";"1650";"0.75";"2200";"RÃ¸dvin";"Glass";"14.1";"15.602837"
"Vinmonopolet";"3666201";"Oltretorrente Colli Tortonesi Rosso 2018";"Oltretorrente Colli Tortonesi Rosso";"2018";"269";"0.75";"358.67";"RÃ¸dvin";"Glass";"14.5";"2.4735632"
"Vinmonopolet";"3666301";"Oltretorrente Colli Tortonesi Timorasso 2018";"Oltretorrente Colli Tortonesi Timorasso";"2018";"319";"0.75";"425.33";"White wine";"Glass";"13";"3.2717948"
"Vinmonopolet";"3666501";"Oltretorrente Colli Tortonesi Barbera Superiore 2016";"Oltretorrente Colli Tortonesi Barbera Superiore";"2016";"329";"0.75";"438.67";"RÃ¸dvin";"Glass";"15";"2.9244444"
"Vinmonopolet";"3668306";"Tommasi Baciorosa Appassionato RosÃ© 2019";"Tommasi Baciorosa Appassionato RosÃ©";"2019";"439.9";"3";"146.63";"RosÃ©vin";"Bag-in-box";"12.5";"1.1730666"
"Vinmonopolet";"3672401";"Molino Sofia Langhe Chardonnay 2018";"Molino Sofia Langhe Chardonnay";"2018";"211.9";"0.75";"282.53";"White wine";"Glass";"14";"2.0180953"
"Vinmonopolet";"3674401";"Vacheron Sancerre Chambrates 2017";"Vacheron Sancerre Chambrates";"2017";"469.9";"0.75";"626.53";"White wine";"Glass";"13";"4.819487"
"Vinmonopolet";"3679101";"Duemani Cabernet Franc 2012";"Duemani Cabernet Franc";"2012";"599.8";"0.75";"799.73";"RÃ¸dvin";"Glass";"14.5";"5.5154023"
"Vinmonopolet";"3680001";"M. Chapoutier Hermitage Chante-Alouette 2017";"M. Chapoutier Hermitage Chante-Alouette";"2017";"599.9";"0.75";"799.87";"White wine";"Glass";"14";"5.7133336"
"Vinmonopolet";"3682001";"Ch. Trotte Vieille 2007";"Ch. Trotte Vieille";"2007";"899.9";"0.75";"1199.87";"RÃ¸dvin";"Glass";"13";"9.229744"
"Vinmonopolet";"3682101";"Vacheron Sancerre Les Paradis 2018";"Vacheron Sancerre Les Paradis";"2018";"499.9";"0.75";"666.53";"White wine";"Glass";"13";"5.1271796"
"Vinmonopolet";"3682501";"Fattori Ripasso Valpolicella Col de la Bastia 2016";"Fattori Ripasso Valpolicella Col de la Bastia";"2016";"358.9";"0.75";"478.53";"RÃ¸dvin";"Glass";"15";"3.1902223"
"Vinmonopolet";"3686005";"Conterno Barolo Cerretta 2012";"Conterno Barolo Cerretta";"2012";"3819.9";"1.5";"2546.6";"RÃ¸dvin";"Glass";"14.5";"17.562757"
"Vinmonopolet";"3686201";"Casa Vital Golden Oro 2011";"Casa Vital Golden Oro";"2011";"234.7";"0.75";"312.93";"RÃ¸dvin";"Glass";"14";"2.235238"
"Vinmonopolet";"3686601";"Comte Georges de VogÃ¼Ã© Bonnes-Mares Grand Cru";"Comte Georges de VogÃ¼Ã© Bonnes-Mares Grand Cru";"2016";"3849.9";"0.75";"5133.2";"RÃ¸dvin";"Glass";"13.5";"38.023705"
"Vinmonopolet";"3687005";"Comte Georges de VogÃ¼Ã© Musigny Grand Cru Vieilles Vignes 2017";"Comte Georges de VogÃ¼Ã© Musigny Grand Cru Vieilles Vignes";"2017";"9999.9";"1.5";"6666.6";"RÃ¸dvin";"Glass";"13";"51.28154"
"Vinmonopolet";"3687305";"Conterno Monfortino Barolo Riserva 2013";"Conterno Monfortino Barolo Riserva";"2013";"12489.6";"1.5";"8326.4";"RÃ¸dvin";"Glass";"14";"59.474285"
"Vinmonopolet";"3687801";"Conterno Barolo Cerretta 2015";"Conterno Barolo Cerretta";"2015";"2019.9";"0.75";"2693.2";"RÃ¸dvin";"Glass";"14.5";"18.573793"
"Vinmonopolet";"3689401";"Ninki Yuzushu";"Ninki Yuzushu";"0";"265";"0.72";"368.06";"Other spirit";"Glass";"8";"4.600694"
"Vinmonopolet";"3691801";"Amalia Dolcetto d'Alba 2013";"Amalia Dolcetto d'Alba";"2013";"209.9";"0.75";"279.87";"RÃ¸dvin";"Glass";"13.5";"2.0730863"
"Vinmonopolet";"3692001";"Amalia Barbera d'Alba Superiore 2015";"Amalia Barbera d'Alba Superiore";"2015";"359";"0.75";"478.67";"RÃ¸dvin";"Glass";"15";"3.191111"
"Vinmonopolet";"3692101";"Amalia Barolo 2012";"Amalia Barolo";"2012";"429";"0.75";"572";"RÃ¸dvin";"Glass";"15";"3.8133333"
"Vinmonopolet";"3692201";"Amalia Langhe Rossese Bianco 2014";"Amalia Langhe Rossese Bianco";"2014";"299";"0.75";"398.67";"White wine";"Glass";"12";"3.3222222"
"Vinmonopolet";"3692301";"Amalia Barbera d'Alba 2016";"Amalia Barbera d'Alba";"2016";"279";"0.75";"372";"RÃ¸dvin";"Glass";"14.5";"2.5655172"
"Vinmonopolet";"3692401";"Amalia Barolo Le Coste di Monforte 2012";"Amalia Barolo Le Coste di Monforte";"2012";"500";"0.75";"666.67";"RÃ¸dvin";"Glass";"14.5";"4.597701"
"Vinmonopolet";"3693401";"Momento Chenin Blanc Verdelho 2017";"Momento Chenin Blanc Verdelho";"2017";"319.9";"0.75";"426.53";"White wine";"Glass";"13";"3.2810256"
"Vinmonopolet";"3693501";"Momento Tinta Barocca";"Momento Tinta Barocca";"2017";"349.9";"0.75";"466.53";"RÃ¸dvin";"Glass";"13";"3.588718"
"Vinmonopolet";"3693901";"Testalonga Baby Bandito Keep on punching 2019";"Testalonga Baby Bandito Keep on punching";"2019";"229.9";"0.75";"306.53";"White wine";"Glass";"12";"2.5544443"
"Vinmonopolet";"3694401";"Mother Rock White 2018";"Mother Rock White";"2018";"249.9";"0.75";"333.2";"White wine";"Glass";"12";"2.7766666"
"Vinmonopolet";"3694501";"Mother Rock Force Celeste Chenin Blanc 2019";"Mother Rock Force Celeste Chenin Blanc";"2019";"189.9";"0.75";"253.2";"White wine";"Glass";"12";"2.11"
"Vinmonopolet";"3694701";"JH Meyer Elgin Chardonnay 2018";"JH Meyer Elgin Chardonnay";"2018";"269.9";"0.75";"359.87";"White wine";"Glass";"13";"2.7682052"
"Vinmonopolet";"3695101";"Goru Organic 2017";"Goru Organic";"2017";"159.9";"0.75";"213.2";"RÃ¸dvin";"Glass";"14";"1.5228571"
"Vinmonopolet";"3695201";"Ch. Batailley 2014";"Ch. Batailley";"2014";"659.9";"0.75";"879.87";"RÃ¸dvin";"Glass";"13";"6.768205"
"Vinmonopolet";"3695401";"Weing. Winter Kloppberg Riesling Grosses Gewachs 2016";"Weing. Winter Kloppberg Riesling Grosses Gewachs";"2016";"349.9";"0.75";"466.53";"White wine";"Glass";"12.5";"3.7322667"
"Vinmonopolet";"3695501";"The Bernard Series Organic Syrah 2014";"The Bernard Series Organic Syrah";"2014";"329.9";"0.75";"439.87";"RÃ¸dvin";"Glass";"14";"3.1419046"
"Vinmonopolet";"3695901";"Frigo MassÃ¨ Veneto Pinot Grigio 2014";"Frigo MassÃ¨ Veneto Pinot Grigio";"2014";"179";"0.75";"238.67";"White wine";"Glass";"12.5";"1.9093333"
"Vinmonopolet";"3696002";"Frigo GrÃ¨le Veneto Passito Bianco 2015";"Frigo GrÃ¨le Veneto Passito Bianco";"2015";"235.2";"0.5";"470.4";"White wine";"Glass";"12.5";"3.7632"
"Vinmonopolet";"3696801";"Le Rive Moscato Giallo Spumante 2019";"Le Rive Moscato Giallo Spumante";"2019";"166.5";"0.75";"222";"Sparkling wine";"Glass";"7.5";"2.96"
"Vinmonopolet";"3696901";"Le Rive Manzoni Bianco delle Venezie 2019";"Le Rive Manzoni Bianco delle Venezie";"2019";"169.8";"0.75";"226.4";"White wine";"Glass";"12.5";"1.8112"
"Vinmonopolet";"3697401";"Geil FrÃ¼hburgunder Bechtheimer -S- Trocken 2018";"Geil FrÃ¼hburgunder Bechtheimer -S- Trocken";"2018";"259";"0.75";"345.33";"RÃ¸dvin";"Glass";"13.5";"2.5580246"
"Vinmonopolet";"3697501";"Chivite Las Fincas Rosado 2018";"Chivite Las Fincas Rosado";"2018";"219.9";"0.75";"293.2";"RosÃ©vin";"Glass";"13.5";"2.1718519"
"Vinmonopolet";"3697601";"Patrice Rion Chambolle-Musigny 1er Cru Les Gruenchers 2013";"Patrice Rion Chambolle-Musigny 1er Cru Les Gruenchers";"2013";"714";"0.75";"952";"RÃ¸dvin";"Glass";"13";"7.3230767"
"Vinmonopolet";"3701201";"Mosbacher Riesling Sekt Brut 2016";"Mosbacher Riesling Sekt Brut";"2016";"235";"0.75";"313.33";"Sparkling wine";"Glass";"12";"2.6111112"
"Vinmonopolet";"3702801";"Ch. Malescasse 2014";"Ch. Malescasse";"2014";"295";"0.75";"393.33";"RÃ¸dvin";"Glass";"13.5";"2.9135802"
"Vinmonopolet";"3702901";"Cuilleron Saint-PÃ©ray Les Potiers 2014";"Cuilleron Saint-PÃ©ray Les Potiers";"2014";"289";"0.75";"385.33";"White wine";"Glass";"13.5";"2.854321"
"Vinmonopolet";"3704301";"Snow Leopard Vodka";"Snow Leopard Vodka";"0";"649.9";"0.7";"928.43";"Vodka";"Glass";"40";"2.3210716"
"Vinmonopolet";"3704401";"Hibiki Harmony";"Hibiki Harmony";"43";"769.9";"0.7";"1099.86";"Whisky";"Glass";"43";"2.5578074"
"Vinmonopolet";"3707301";"Patriarche CuvÃ©e des Visitandines Bourgogne Chardonnay 2017";"Patriarche CuvÃ©e des Visitandines Bourgogne Chardonnay";"2017";"179.9";"0.75";"239.87";"White wine";"Glass";"12.5";"1.9189333"
"Vinmonopolet";"3710301";"Patrice Rion Chambolle-Musigny 1er Cru Fuees 2013";"Patrice Rion Chambolle-Musigny 1er Cru Fuees";"2013";"788";"0.75";"1050.67";"RÃ¸dvin";"Glass";"13";"8.082051"
"Vinmonopolet";"3710401";"Patrice Rion Chambolle-Musigny Cras 2013";"Patrice Rion Chambolle-Musigny Cras";"2013";"639";"0.75";"852";"RÃ¸dvin";"Glass";"13";"6.5538464"
"Vinmonopolet";"3712501";"Mortet Gevrey-Chambertin Mes Cinq Terroirs 2015";"Mortet Gevrey-Chambertin Mes Cinq Terroirs";"2015";"799.9";"0.75";"1066.53";"RÃ¸dvin";"Glass";"13";"8.2041025"
"Vinmonopolet";"3712701";"Mortet Gevrey-Chambertin 1er Cru Lavaux St. Jacques 2015";"Mortet Gevrey-Chambertin 1er Cru Lavaux St. Jacques";"2015";"2229.9";"0.75";"2973.2";"RÃ¸dvin";"Glass";"13.5";"22.023703"
"Vinmonopolet";"3715401";"Albino Armani RosÃ© Extra Dry";"Albino Armani RosÃ© Extra Dry";"0";"149.9";"0.75";"199.87";"Musserende vin, rosÃ©";"Glass";"11";"1.8169696"
"Vinmonopolet";"3721301";"Primoris Lofoten Veneto Cabernet 2017";"Primoris Lofoten Veneto Cabernet";"2017";"159.9";"0.75";"213.2";"RÃ¸dvin";"Glass";"12";"1.7766666"
"Vinmonopolet";"3721401";"Primoris Lofoten Veneto Tai Pinot Grigio 2017";"Primoris Lofoten Veneto Tai Pinot Grigio";"2017";"159.9";"0.75";"213.2";"White wine";"Glass";"12";"1.7766666"
"Vinmonopolet";"3721601";"American Wings Chardonnay 2018";"American Wings Chardonnay";"2018";"124.9";"0.75";"166.53";"White wine";"Glass";"12.5";"1.3322667"
"Vinmonopolet";"3721701";"American Wings Zinfandel 2016";"American Wings Zinfandel";"2016";"139.9";"0.75";"186.53";"RÃ¸dvin";"Glass";"13.5";"1.3817283"
"Vinmonopolet";"3721806";"Umani Ronchi Tajano Rosso Piceno 2018";"Umani Ronchi Tajano Rosso Piceno";"2018";"485";"3";"161.67";"RÃ¸dvin";"Bag-in-box";"13";"1.2435898"
"Vinmonopolet";"3721901";"Champalou Vouvray Brut";"Champalou Vouvray Brut";"0";"235";"0.75";"313.33";"Sparkling wine";"Glass";"13";"2.4102564"
"Vinmonopolet";"3722001";"Saladini Pilastri Rosso Piceno Superiore 2015";"Saladini Pilastri Rosso Piceno Superiore";"2015";"149.9";"0.75";"199.87";"RÃ¸dvin";"Glass";"13";"1.5374359"
"Vinmonopolet";"3722101";"Crasto Superior 2016";"Crasto Superior";"2016";"209.9";"0.75";"279.87";"White wine";"Glass";"12.5";"2.2389333"
"Vinmonopolet";"3724401";"Sour Fisk Sour Strawberry";"Sour Fisk Sour Strawberry";"0";"215";"0.7";"307.14";"LikÃ¸r";"Glass";"15";"2.047619"
"Vinmonopolet";"3724601";"Ch. Smith Haut Lafitte 2012";"Ch. Smith Haut Lafitte";"2012";"1429";"0.75";"1905.33";"RÃ¸dvin";"Glass";"14";"13.609524"
"Vinmonopolet";"3724701";"Ch. LÃ©oville Barton 2002";"Ch. LÃ©oville Barton";"2002";"1419";"0.75";"1892";"RÃ¸dvin";"Glass";"12.5";"15.136"
"Vinmonopolet";"3725001";"Ch. Beychevelle 2009";"Ch. Beychevelle";"2009";"1899";"0.75";"2532";"RÃ¸dvin";"Glass";"13.5";"18.755556"
"Vinmonopolet";"3725101";"Les AllÃ©es de Cantemerle 2012";"Les AllÃ©es de Cantemerle";"2012";"349";"0.75";"465.33";"RÃ¸dvin";"Glass";"13";"3.579487"
"Vinmonopolet";"3725301";"La Dame de Montrose 2011";"La Dame de Montrose";"2011";"635";"0.75";"846.67";"RÃ¸dvin";"Glass";"13";"6.5128207"
"Vinmonopolet";"3725501";"Croix de Beaucaillou 2011";"Croix de Beaucaillou";"2011";"649";"0.75";"865.33";"RÃ¸dvin";"Glass";"13";"6.65641"
"Vinmonopolet";"3725601";"Ch. LÃ©oville Barton 2008";"Ch. LÃ©oville Barton";"2008";"1398";"0.75";"1864";"RÃ¸dvin";"Glass";"13";"14.338462"
"Vinmonopolet";"3726202";"Mahr's BrÃ¤u Bockbier";"Mahr's BrÃ¤u Bockbier";"0";"49.2";"0.5";"98.4";"Light lager";"Glass";"6.8";"1.4470588"
"Vinmonopolet";"3726501";"Ca Momi Zinfandel 2013";"Ca Momi Zinfandel";"2013";"306.1";"0.75";"408.13";"RÃ¸dvin";"Glass";"13.9";"2.936211"
"Vinmonopolet";"3727401";"Frat. Ponte Romano Levi Roero Arneis 2015";"Frat. Ponte Romano Levi Roero Arneis";"2015";"199.9";"0.75";"266.53";"White wine";"Glass";"13";"2.0502563"
"Vinmonopolet";"3727501";"Frat. Ponte Romano Levi Barbera d`Asti Superiore 2016";"Frat. Ponte Romano Levi Barbera d`Asti Superiore";"2016";"219.9";"0.75";"293.2";"RÃ¸dvin";"Glass";"14.5";"2.022069"
"Vinmonopolet";"3733401";"Lanzerac Pinotage 2017";"Lanzerac Pinotage";"2017";"224";"0.75";"298.67";"RÃ¸dvin";"Glass";"14";"2.1333334"
"Vinmonopolet";"3733601";"Yvon Mau Bordeaux Merlot Cabernet Sauvignon 2015";"Yvon Mau Bordeaux Merlot Cabernet Sauvignon";"2015";"149.9";"0.75";"199.87";"RÃ¸dvin";"Glass";"12";"1.6655555"
"Vinmonopolet";"3733701";"Yvon Mau Bordeaux Semillon Sauvignon 2016";"Yvon Mau Bordeaux Semillon Sauvignon";"2016";"159.9";"0.75";"213.2";"White wine";"Glass";"12";"1.7766666"
"Vinmonopolet";"3734302";"Eiker MjÃ¸d";"Eiker MjÃ¸d";"0";"69.9";"0.33";"211.82";"MjÃ¸d";"Glass";"7";"3.025974"
"Vinmonopolet";"3734701";"Ch. Citran 2011";"Ch. Citran";"2011";"289";"0.75";"385.33";"RÃ¸dvin";"Glass";"13.5";"2.854321"
"Vinmonopolet";"3735502";"LÃ¸iten Tur Aquavit";"LÃ¸iten Tur Aquavit";"0";"319.9";"0.5";"639.8";"Aquavit";"Plast";"40";"1.5995"
"Vinmonopolet";"3735508";"LÃ¸iten Tur Aquavit (4x5cl)";"LÃ¸iten Tur Aquavit (4x5cl)";"0";"159.9";"0.2";"799.5";"Aquavit";"Ãvrig";"40";"1.9987499"
"Vinmonopolet";"3737801";"Lanzerac Merlot 2015";"Lanzerac Merlot";"2015";"224";"0.75";"298.67";"RÃ¸dvin";"Glass";"14";"2.1333334"
"Vinmonopolet";"3737901";"Lanzerac Cabernet Sauvignon 2014";"Lanzerac Cabernet Sauvignon";"2014";"224";"0.75";"298.67";"RÃ¸dvin";"Glass";"14";"2.1333334"
"Vinmonopolet";"3738201";"G. Mascarello Barolo Monprivato 2012";"G. Mascarello Barolo Monprivato";"2012";"1429.9";"0.75";"1906.53";"RÃ¸dvin";"Glass";"14";"13.618095"
"Vinmonopolet";"3738301";"Masi Toar Valpolicella Classico Superiore 2015";"Masi Toar Valpolicella Classico Superiore";"2015";"229.9";"0.75";"306.53";"RÃ¸dvin";"Glass";"13";"2.3579485"
"Vinmonopolet";"3738401";"Masi MoxxÃ© Brut 2018";"Masi MoxxÃ© Brut";"2018";"149.9";"0.75";"199.87";"Sparkling wine";"Glass";"12";"1.6655555"
"Vinmonopolet";"3739801";"Wine of Fire Sky";"Wine of Fire Sky";"0";"139.9";"0.75";"186.53";"Flavoured wine	";"Glass";"12";"1.5544444"
"Vinmonopolet";"3741201";"Fredag RÃ¸dvin 2019";"Fredag RÃ¸dvin";"2019";"124.9";"0.75";"166.53";"RÃ¸dvin";"Plast";"13";"1.2810256"
"Vinmonopolet";"3741901";"SPEY Royal Choice";"SPEY Royal Choice";"0";"2175";"0.7";"3107.14";"Whisky";"Glass";"46";"6.7546587"
"Vinmonopolet";"3742001";"Amrut Naarangi Single Malt Whisky";"Amrut Naarangi Single Malt Whisky";"0";"1480";"0.7";"2114.29";"Whisky";"Glass";"50";"4.2285714"
"Vinmonopolet";"3745301";"Ch. Mercier Graines Blanche 2017";"Ch. Mercier Graines Blanche";"2017";"159.9";"0.75";"213.2";"White wine";"Glass";"12.5";"1.7055999"
"Vinmonopolet";"3747202";"Evil Twin Lil`B";"Evil Twin Lil`B";"0";"84";"0.35";"236.62";"Porter and stout";"Glass";"11.5";"2.0869565"
"Vinmonopolet";"3749201";"Montresor Chardonnay 2017";"Montresor Chardonnay";"2017";"152.9";"0.75";"203.87";"White wine";"Glass";"12.5";"1.6309333"
"Vinmonopolet";"3749306";"Montresor Corvina 2015";"Montresor Corvina";"2015";"430.9";"3";"143.63";"RÃ¸dvin";"Bag-in-box";"12";"1.1969445"
"Vinmonopolet";"3749401";"Bod. FOS Crianza 2016";"Bod. FOS Crianza";"2016";"152.4";"0.75";"203.2";"RÃ¸dvin";"Glass";"13.5";"1.5051851"
"Vinmonopolet";"3749501";"Bod. FOS Blanco 2017";"Bod. FOS Blanco";"2017";"150.8";"0.75";"201.07";"White wine";"Glass";"13";"1.5466667"
"Vinmonopolet";"3749601";"Bod. FOS Reserva 2013";"Bod. FOS Reserva";"2013";"191.8";"0.75";"255.73";"RÃ¸dvin";"Glass";"14";"1.8266667"
"Vinmonopolet";"3749802";"Lochlins";"Lochlins";"0";"249";"0.5";"498";"Whisky";"Plast";"40";"1.245"
"Vinmonopolet";"3750801";"Henri Bourgeois Pouilly-FumÃ© En Travertin 2018";"Henri Bourgeois Pouilly-FumÃ© En Travertin";"2018";"249.9";"0.75";"333.2";"White wine";"Glass";"13";"2.563077"
"Vinmonopolet";"3751401";"Torres 20 Imperial Brandy Hors d'Age";"Torres 20 Imperial Brandy Hors d'Age";"0";"609.9";"0.7";"871.29";"Grape spirit";"Glass";"40";"2.1782143"
"Vinmonopolet";"3752501";"Riva Leone Barolo 2014";"Riva Leone Barolo";"2014";"299.9";"0.75";"399.87";"RÃ¸dvin";"Glass";"14";"2.8561904"
"Vinmonopolet";"3752901";"Riva Leone Barbaresco 2014";"Riva Leone Barbaresco";"2014";"239.9";"0.75";"319.87";"RÃ¸dvin";"Glass";"13.5";"2.3693826"
"Vinmonopolet";"3753101";"Nicolas Gonin IsÃ¨re Persan 2017";"Nicolas Gonin IsÃ¨re Persan";"2017";"319";"0.75";"425.33";"RÃ¸dvin";"Glass";"12.5";"3.4026666"
"Vinmonopolet";"3754501";"Ch. Poujeaux 2013";"Ch. Poujeaux";"2013";"485";"0.75";"646.67";"RÃ¸dvin";"Glass";"13";"4.974359"
"Vinmonopolet";"3754701";"Ch. Clinet 2013";"Ch. Clinet";"2013";"975";"0.75";"1300";"RÃ¸dvin";"Glass";"13";"10"
"Vinmonopolet";"3755401";"Croix de Beaucaillou 2012";"Croix de Beaucaillou";"2012";"759";"0.75";"1012";"RÃ¸dvin";"Glass";"13";"7.7846155"
"Vinmonopolet";"3755601";"Serristori Sangiovese di Toscana 2018";"Serristori Sangiovese di Toscana";"2018";"164.9";"0.75";"219.87";"RÃ¸dvin";"Glass";"13";"1.691282"
"Vinmonopolet";"3756501";"Ch. Gloria 2011";"Ch. Gloria";"2011";"629";"0.75";"838.67";"RÃ¸dvin";"Glass";"13.5";"6.2123456"
"Vinmonopolet";"3756901";"Ch. d'Aiguilhe 2011";"Ch. d'Aiguilhe";"2011";"419";"0.75";"558.67";"RÃ¸dvin";"Glass";"13.5";"4.138272"
"Vinmonopolet";"3760201";"Think Big! The Big Zinfandel 2017";"Think Big! The Big Zinfandel";"2017";"167.9";"0.75";"223.87";"RÃ¸dvin";"Glass";"14.5";"1.543908"
"Vinmonopolet";"3760701";"Premium Baze Spiritus";"Premium Baze Spiritus";"0";"179.9";"0.7";"257";"Brennevin, nÃ¸ytralt < 37,5 %";"Glass";"20";"1.285"
"Vinmonopolet";"3761301";"Pasqua Primitivo Salento 2018";"Pasqua Primitivo Salento";"2018";"149.9";"0.75";"199.87";"RÃ¸dvin";"Glass";"13.5";"1.4804938"
"Vinmonopolet";"3761601";"Villa Antinori Bianco 2019";"Villa Antinori Bianco";"2019";"179";"0.75";"238.67";"White wine";"Glass";"12";"1.9888889"
"Vinmonopolet";"3761701";"BramÃ¬to della Sala 2017";"BramÃ¬to della Sala";"2017";"229";"0.75";"305.33";"White wine";"Glass";"12.5";"2.4426668"
"Vinmonopolet";"3761801";"Charles Heidsieck Brut RÃ©serve";"Charles Heidsieck Brut RÃ©serve";"0";"459.9";"0.75";"613.2";"Champagne, brut";"Glass";"12";"5.11"
"Vinmonopolet";"3761807";"Charles Heidsieck Brut RÃ©serve";"Charles Heidsieck Brut RÃ©serve";"0";"2795";"3";"931.67";"Champagne, brut";"Glass";"12";"7.763889"
"Vinmonopolet";"3764701";"Pata Negra Gran Reserva 2010";"Pata Negra Gran Reserva";"2010";"199.9";"0.75";"266.53";"RÃ¸dvin";"Glass";"13";"2.0502563"
"Vinmonopolet";"3764901";"Henri Bourgeois Le MD Sancerre 2018";"Henri Bourgeois Le MD Sancerre";"2018";"299.9";"0.75";"399.87";"White wine";"Glass";"13.5";"2.9619753"
"Vinmonopolet";"3765401";"Dr. L Riesling 2018";"Dr. L Riesling";"2018";"109.9";"0.75";"146.53";"White wine";"Glass";"8.5";"1.7239215"
"Vinmonopolet";"3765402";"Dr. L Riesling 2018";"Dr. L Riesling";"2018";"65.9";"0.38";"175.73";"White wine";"Glass";"8.5";"2.0402477"
"Vinmonopolet";"3765405";"Dr. L Riesling 2018";"Dr. L Riesling";"2018";"274.9";"1.5";"183.27";"White wine";"Glass";"8.5";"2.1560783"
"Vinmonopolet";"3766201";"Oakridge Over the Shoulder Pinot Noir 2017";"Oakridge Over the Shoulder Pinot Noir";"2017";"190.1";"0.75";"253.47";"RÃ¸dvin";"Glass";"13.3";"1.9057645"
"Vinmonopolet";"3766401";"Nicolas Maillet MÃ¢con VerzÃ© Blanc 2016";"Nicolas Maillet MÃ¢con VerzÃ© Blanc";"2016";"259";"0.75";"345.33";"White wine";"Glass";"13";"2.6564102"
"Vinmonopolet";"3767901";"Lambrini Perry Slightly Sparkling";"Lambrini Perry Slightly Sparkling";"0";"165.4";"0.75";"220.53";"Flavoured wine	";"Glass";"7.5";"2.9404442"
"Vinmonopolet";"3768001";"Nicolas Maillet MÃ¢con VerzÃ© Le Chemin Blanc 2017";"Nicolas Maillet MÃ¢con VerzÃ© Le Chemin Blanc";"2017";"314.9";"0.75";"419.87";"White wine";"Glass";"13";"3.2297435"
"Vinmonopolet";"3769401";"Plaimont Corolle Condomois RosÃ© 2017";"Plaimont Corolle Condomois RosÃ©";"2017";"149.9";"0.75";"199.87";"RosÃ©vin";"Glass";"12";"1.6655555"
"Vinmonopolet";"3770001";"Alfred Gratien Brut RosÃ©";"Alfred Gratien Brut RosÃ©";"0";"530.8";"0.75";"707.73";"Champagne, rosÃ©";"Glass";"12.5";"5.6618667"
"Vinmonopolet";"3770201";"Clos de la PerriÃ¨re Bourgogne Blanc 2015";"Clos de la PerriÃ¨re Bourgogne Blanc";"2015";"299.9";"0.75";"399.87";"White wine";"Glass";"12.5";"3.1989334"
"Vinmonopolet";"3770301";"Clos du Moulin aux Moines Pernand-Vergelesses Les Combottes 2018";"Clos du Moulin aux Moines Pernand-Vergelesses Les Combottes";"2018";"399.9";"0.75";"533.2";"White wine";"Glass";"13";"4.101538"
"Vinmonopolet";"3770401";"Clos du Moulin aux Moines Auxey-Duresses Vieilles Vignes 2014";"Clos du Moulin aux Moines Auxey-Duresses Vieilles Vignes";"2014";"399.9";"0.75";"533.2";"RÃ¸dvin";"Glass";"12.5";"4.2655997"
"Vinmonopolet";"3770501";"Beinn Dubh The Black";"Beinn Dubh The Black";"0";"999";"0.7";"1427.14";"Whisky";"Glass";"43";"3.3189368"
"Vinmonopolet";"3771501";"AT Roca Rosat Reserva Brut 2013";"AT Roca Rosat Reserva Brut";"2013";"159.6";"0.75";"212.8";"Musserende vin, rosÃ©";"Glass";"12";"1.7733334"
"Vinmonopolet";"3771601";"AT Roca Reserva Brut 2015";"AT Roca Reserva Brut";"2015";"159.3";"0.75";"212.4";"Sparkling wine";"Glass";"12";"1.77"
"Vinmonopolet";"3772001";"AT Roca Sileo Montsant 2014";"AT Roca Sileo Montsant";"2014";"206.7";"0.75";"275.6";"RÃ¸dvin";"Glass";"13.5";"2.0414815"
"Vinmonopolet";"3772101";"Cal Pla Mas d'en Compte Rosat 2013";"Cal Pla Mas d'en Compte Rosat";"2013";"238.9";"0.75";"318.53";"RosÃ©vin";"Glass";"14.5";"2.1967816"
"Vinmonopolet";"3772201";"Zacapa EdiciÃ³n Negra";"Zacapa EdiciÃ³n Negra";"0";"819.9";"0.7";"1171.29";"Rum";"Glass";"43";"2.7239203"
"Vinmonopolet";"3772401";"Veuve Clicquot Rich";"Veuve Clicquot Rich";"0";"599.9";"0.75";"799.87";"Champagne, other";"Glass";"12";"6.665556"
"Vinmonopolet";"3773001";"Morgan Bay Zinfandel 2013";"Morgan Bay Zinfandel";"2013";"219.9";"0.75";"293.2";"RÃ¸dvin";"Glass";"14";"2.0942857"
"Vinmonopolet";"3773101";"Couveys Chardonnay 2018";"Couveys Chardonnay";"2018";"154.9";"0.75";"206.53";"White wine";"Glass";"13.5";"1.5298765"
"Vinmonopolet";"3773201";"Dom. St. Jean de la Cavalerie Cinsault RosÃ© 2017";"Dom. St. Jean de la Cavalerie Cinsault RosÃ©";"2017";"90.2";"0.75";"120.27";"RosÃ©vin";"Glass";"12.5";"0.9621333"
"Vinmonopolet";"3773301";"Dom. St. Jean de la Cavalerie Chardonnay 2018";"Dom. St. Jean de la Cavalerie Chardonnay";"2018";"139.9";"0.75";"186.53";"White wine";"Glass";"13.4";"1.3920398"
"Vinmonopolet";"3773401";"Couveys Pinot Noir 2018";"Couveys Pinot Noir";"2018";"149.9";"0.75";"199.87";"RÃ¸dvin";"Glass";"13";"1.5374359"
"Vinmonopolet";"3773501";"Dom. St. Jean de la Cavalerie Merlot-Cabernet 2016";"Dom. St. Jean de la Cavalerie Merlot-Cabernet";"2016";"149.9";"0.75";"199.87";"RÃ¸dvin";"Glass";"13";"1.5374359"
"Vinmonopolet";"3773801";"Cadenhead Burnside 26 YO Small Batch 1989";"Cadenhead Burnside 26 YO Small Batch";"1989";"1999";"0.7";"2855.71";"Whisky";"Glass";"48.8";"5.851874"
"Vinmonopolet";"3774101";"Cadenhead Royal Brackla 38 YO Single Cask 1976";"Cadenhead Royal Brackla 38 YO Single Cask";"1976";"4405.1";"0.7";"6293";"Whisky";"Glass";"52.9";"11.89603"
"Vinmonopolet";"3774501";"Cadenhead Linkwood-Glenlivet 26 YO Single Cask 1989";"Cadenhead Linkwood-Glenlivet 26 YO Single Cask";"1989";"2585";"0.7";"3692.86";"Whisky";"Glass";"50.2";"7.356289"
"Vinmonopolet";"3774901";"Normandin-Mercier Rare Petite Champagne";"Normandin-Mercier Rare Petite Champagne";"0";"1350.1";"0.7";"1928.71";"Grape spirit";"Glass";"44";"4.3834414"
"Vinmonopolet";"3775001";"Springbank Green 13 YO";"Springbank Green 13 YO";"0";"1024.9";"0.7";"1464.14";"Whisky";"Glass";"46";"3.1829195"
"Vinmonopolet";"3775101";"Normandin-Mercier Rare Grande Champagne";"Normandin-Mercier Rare Grande Champagne";"0";"1390";"0.7";"1985.71";"Grape spirit";"Glass";"42";"4.7278914"
"Vinmonopolet";"3775301";"Normandin-Mercier Petite Champagne 1976";"Normandin-Mercier Petite Champagne";"1976";"2505";"0.7";"3578.57";"Grape spirit";"Glass";"43";"8.322259"
"Vinmonopolet";"3775502";"Normandin-Mercier Grande Champagne La PÃ©raudiÃ¨re";"Normandin-Mercier Grande Champagne La PÃ©raudiÃ¨re";"0";"990";"0.5";"1980";"Grape spirit";"Glass";"45";"4.4"
"Vinmonopolet";"3775701";"Glenburgie 7 YO Provenance 2007";"Glenburgie 7 YO Provenance";"2007";"599.9";"0.7";"857";"Whisky";"Glass";"46";"1.8630435"
"Vinmonopolet";"3775801";"Arcangelo Chianti Colli Senesi 2017";"Arcangelo Chianti Colli Senesi";"2017";"149.8";"0.75";"199.73";"RÃ¸dvin";"Glass";"13";"1.5364103"
"Vinmonopolet";"3775901";"Piccini Vino Spumante Extra Dry";"Piccini Vino Spumante Extra Dry";"0";"149.9";"0.75";"199.87";"Sparkling wine";"Glass";"11";"1.8169696"
"Vinmonopolet";"3776101";"Ãkonomierat Rebholz Vom Bundsandstein Riesling Trocken 2015";"Ãkonomierat Rebholz Vom Bundsandstein Riesling Trocken";"2015";"307.9";"0.75";"410.53";"White wine";"Glass";"12.5";"3.2842667"
"Vinmonopolet";"3776301";"Ãkonomierat Rebholz Vom Muschelkalk Riesling Trocken 2015";"Ãkonomierat Rebholz Vom Muschelkalk Riesling Trocken";"2015";"308.9";"0.75";"411.87";"White wine";"Glass";"12.5";"3.2949333"
"Vinmonopolet";"3776501";"Ãkonomierat Rebholz Riesling Trocken 2016";"Ãkonomierat Rebholz Riesling Trocken";"2016";"245.1";"0.75";"326.8";"White wine";"Glass";"11.5";"2.8417392"
"Vinmonopolet";"3776901";"Sandrone Barolo Le Vigne 2011";"Sandrone Barolo Le Vigne";"2011";"759.8";"0.75";"1013.07";"RÃ¸dvin";"Glass";"14.5";"6.9866667"
"Vinmonopolet";"3777305";"Dom. du PÃ©lican Arbois Chardonnay 2018";"Dom. du PÃ©lican Arbois Chardonnay";"2018";"782";"1.5";"521.33";"White wine";"Glass";"12.5";"4.1706667"
"Vinmonopolet";"3777501";"Diel Goldloch Riesling Grosses GewÃ¤chs 2016";"Diel Goldloch Riesling Grosses GewÃ¤chs";"2016";"454.8";"0.75";"606.4";"White wine";"Glass";"12.5";"4.8512"
"Vinmonopolet";"3777601";"Rossignol-Trapet Chapelle-Chambertin Grand Cru 2013";"Rossignol-Trapet Chapelle-Chambertin Grand Cru";"2013";"1245.1";"0.75";"1660.13";"RÃ¸dvin";"Glass";"13";"12.770256"
"Vinmonopolet";"3777901";"Rossignol-Trapet Chambertin Grand Cru 2013";"Rossignol-Trapet Chambertin Grand Cru";"2013";"1790";"0.75";"2386.67";"RÃ¸dvin";"Glass";"13";"18.358974"
"Vinmonopolet";"3778001";"Rossignol-Trapet Gevrey-Chambertin 1er Cru Clos Prieur 2013";"Rossignol-Trapet Gevrey-Chambertin 1er Cru Clos Prieur";"2013";"809.9";"0.75";"1079.87";"RÃ¸dvin";"Glass";"13";"8.306667"
"Vinmonopolet";"3778105";"Dom. du PÃ©lican Arbois Trois CÃ©pages 2015";"Dom. du PÃ©lican Arbois Trois CÃ©pages";"2015";"710.1";"1.5";"473.4";"RÃ¸dvin";"Glass";"12.5";"3.7872"
"Vinmonopolet";"3778601";"Rossignol-Trapet Gevrey-Chambertin 1er Cru Aux Combettes 2013";"Rossignol-Trapet Gevrey-Chambertin 1er Cru Aux Combettes";"2013";"809.9";"0.75";"1079.87";"RÃ¸dvin";"Glass";"13";"8.306667"
"Vinmonopolet";"3778705";"Ch. de Beaucastel ChÃ¢teauneuf-du-Pape Rouge 2013";"Ch. de Beaucastel ChÃ¢teauneuf-du-Pape Rouge";"2013";"1400";"1.5";"933.33";"RÃ¸dvin";"Glass";"14";"6.6666665"
"Vinmonopolet";"3778801";"Fichet Meursault 2014";"Fichet Meursault";"2014";"489.8";"0.75";"653.07";"White wine";"Glass";"13";"5.0235896"
"Vinmonopolet";"3779201";"Fichet Meursault Le Tesson 2013";"Fichet Meursault Le Tesson";"2013";"660.8";"0.75";"881.07";"White wine";"Glass";"13";"6.777436"
"Vinmonopolet";"3779301";"Fichet Bourgogne Blanc Vieilles Vignes 2013";"Fichet Bourgogne Blanc Vieilles Vignes";"2013";"326";"0.75";"434.67";"White wine";"Glass";"12.5";"3.4773333"
"Vinmonopolet";"3779801";"Muzard Santenay 1er Cru MaladiÃ¨res 2014";"Muzard Santenay 1er Cru MaladiÃ¨res";"2014";"356";"0.75";"474.67";"RÃ¸dvin";"Glass";"13";"3.651282"
"Vinmonopolet";"3780201";"R. Pouillon Les Blanchiens Brut Nature 2010";"R. Pouillon Les Blanchiens Brut Nature";"2010";"568.1";"0.75";"757.47";"Champagne extra brut";"Glass";"12";"6.312222"
"Vinmonopolet";"3780301";"Ch. de Beaucastel ChÃ¢teauneuf-du-Pape Blanc Vieilles Vignes 2011";"Ch. de Beaucastel ChÃ¢teauneuf-du-Pape Blanc Vieilles Vignes";"2011";"1009.9";"0.75";"1346.53";"White wine";"Glass";"14";"9.618095"
"Vinmonopolet";"3780401";"Dom. du Closel Clos du Papillon 2015";"Dom. du Closel Clos du Papillon";"2015";"399.9";"0.75";"533.2";"White wine";"Glass";"13.5";"3.9496295"
"Vinmonopolet";"3780501";"Selbach-Oster Zeltinger Sonnenuhr Riesling SpÃ¤t. Feinherb Ur Alte Reben 2015";"Selbach-Oster Zeltinger Sonnenuhr Riesling SpÃ¤t. Feinherb Ur Alte Reben";"2015";"289.9";"0.75";"386.53";"White wine";"Glass";"12";"3.221111"
"Vinmonopolet";"3780801";"Zilliken Rausch Diabas Riesling Erste Lage 2012";"Zilliken Rausch Diabas Riesling Erste Lage";"2012";"409.9";"0.75";"546.53";"White wine";"Glass";"12";"4.5544443"
"Vinmonopolet";"3781001";"R. Pouillon Solera Premier Cru Brut";"R. Pouillon Solera Premier Cru Brut";"0";"498";"0.75";"664";"Champagne, brut";"Glass";"12";"5.5333333"
"Vinmonopolet";"3781801";"Glendronach Peated";"Glendronach Peated";"0";"689.9";"0.7";"985.57";"Whisky";"Glass";"46";"2.1425467"
"Vinmonopolet";"3782801";"Dom. des Pothiers CÃ´te Roannaise RÃ©fÃ©rence 2018";"Dom. des Pothiers CÃ´te Roannaise RÃ©fÃ©rence";"2018";"209.9";"0.75";"279.87";"RÃ¸dvin";"Glass";"13";"2.1528203"
"Vinmonopolet";"3783801";"Copain Wendling Pinot Noir 2013";"Copain Wendling Pinot Noir";"2013";"599";"0.75";"798.67";"RÃ¸dvin";"Glass";"13.3";"6.0050125"
"Vinmonopolet";"3784101";"Riveyrac Rivesaltes 1988";"Riveyrac Rivesaltes";"1988";"599";"0.75";"798.67";"Fortified wine";"Glass";"16";"4.991667"
"Vinmonopolet";"3784301";"Riveyrac Rivesaltes 1966";"Riveyrac Rivesaltes";"1966";"890";"0.75";"1186.67";"Fortified wine";"Glass";"16";"7.4166665"
"Vinmonopolet";"3784805";"Cottini Amarone della Valpolicella 2013";"Cottini Amarone della Valpolicella";"2013";"765";"1.5";"510";"RÃ¸dvin";"Glass";"15.5";"3.2903225"
"Vinmonopolet";"3785001";"Longmorn - The distillers choice";"Longmorn - The distillers choice";"0";"699.9";"0.7";"999.86";"Whisky";"Glass";"40";"2.499643"
"Vinmonopolet";"3785704";"Le Petit Raisin Merlot RosÃ©";"Le Petit Raisin Merlot RosÃ©";"0";"58.9";"0.19";"314.97";"RosÃ©vin";"Plast";"12.5";"2.48"
"Vinmonopolet";"3786201";"Roubine La Vie en Rose CÃ´te de Provence 2018";"Roubine La Vie en Rose CÃ´te de Provence";"2018";"239.9";"0.75";"319.87";"RosÃ©vin";"Glass";"13";"2.4605129"
"Vinmonopolet";"3787201";"Ailsa Bay 1.2 Sweet Smoke";"Ailsa Bay 1.2 Sweet Smoke";"0";"819.9";"0.7";"1171.29";"Whisky";"Glass";"48.9";"2.3952672"
"Vinmonopolet";"3788501";"Borgeot Puligny-Montrachet Les Grands Champs 2018";"Borgeot Puligny-Montrachet Les Grands Champs";"2018";"599.9";"0.75";"799.87";"White wine";"Glass";"13";"6.1528206"
"Vinmonopolet";"3788601";"Borgeot Chassagne-Montrachet Vieilles Vignes 2017";"Borgeot Chassagne-Montrachet Vieilles Vignes";"2017";"579.9";"0.75";"773.2";"White wine";"Glass";"13";"5.9476924"
"Vinmonopolet";"3788701";"Borgeot Puligny-Montrachet 1.Cru Les Champs Gains 2016";"Borgeot Puligny-Montrachet 1.Cru Les Champs Gains";"2016";"699.9";"0.75";"933.2";"White wine";"Glass";"13.5";"6.912593"
"Vinmonopolet";"3788801";"Borgeot Santenay Vieilles Vignes 2016";"Borgeot Santenay Vieilles Vignes";"2016";"319.9";"0.75";"426.53";"RÃ¸dvin";"Glass";"13";"3.2810256"
"Vinmonopolet";"3789101";"Borgeot Bourgogne Blanc 2018";"Borgeot Bourgogne Blanc";"2018";"279.9";"0.75";"373.2";"White wine";"Glass";"13";"2.8707693"
"Vinmonopolet";"3789201";"Borgeot Chassagne-Montrachet 1.Cru Morgeot 2017";"Borgeot Chassagne-Montrachet 1.Cru Morgeot";"2017";"659.9";"0.75";"879.87";"White wine";"Glass";"13.5";"6.517531"
"Vinmonopolet";"3789301";"Roche de Bellene Meursault Vieilles Vignes 2018";"Roche de Bellene Meursault Vieilles Vignes";"2018";"529.9";"0.75";"706.53";"White wine";"Glass";"12.5";"5.652267"
"Vinmonopolet";"3789701";"VIP Norway Arctic Cloudberry";"VIP Norway Arctic Cloudberry";"0";"229.9";"0.75";"306.53";"Flavoured wine	";"Glass";"11";"2.7866666"
"Vinmonopolet";"3789801";"Costers del Priorat Pissarres 2016";"Costers del Priorat Pissarres";"2016";"254.9";"0.75";"339.87";"RÃ¸dvin";"Glass";"14.5";"2.343908"
"Vinmonopolet";"3789901";"Costers del Priorat Clos Cypres 2015";"Costers del Priorat Clos Cypres";"2015";"349";"0.75";"465.33";"RÃ¸dvin";"Glass";"14.5";"3.2091954"
"Vinmonopolet";"3790001";"VÃ­a ArxÃ©ntea Treixadura y Godello 2016";"VÃ­a ArxÃ©ntea Treixadura y Godello";"2016";"169.5";"0.75";"226";"White wine";"Glass";"13";"1.7384615"
"Vinmonopolet";"3790201";"Hac. Solano 2014";"Hac. Solano";"2014";"159.9";"0.75";"213.2";"RÃ¸dvin";"Glass";"14";"1.5228571"
"Vinmonopolet";"3790901";"Castello di Ama Chianti Classico 2003";"Castello di Ama Chianti Classico";"2003";"435.4";"0.75";"580.53";"RÃ¸dvin";"Glass";"13.5";"4.3002467"
"Vinmonopolet";"3791202";"Ch. Musar 2001";"Ch. Musar";"2001";"239.9";"0.38";"639.73";"RÃ¸dvin";"Glass";"13.5";"4.676413"
"Vinmonopolet";"3793301";"J.P. Chenet Ice Edition RosÃ©";"J.P. Chenet Ice Edition RosÃ©";"0";"124.9";"0.75";"166.53";"Musserende vin, rosÃ©";"Glass";"11";"1.5139394"
"Vinmonopolet";"3793401";"Cascina Luisin Barbaresco Paolin 2012";"Cascina Luisin Barbaresco Paolin";"2012";"440.4";"0.75";"587.2";"RÃ¸dvin";"Glass";"14";"4.194286"
"Vinmonopolet";"3793501";"Cant. Terlano Chardonnay 2017";"Cant. Terlano Chardonnay";"2017";"220.2";"0.75";"293.6";"White wine";"Glass";"13";"2.2584615"
"Vinmonopolet";"3793602";"InderÃ¸y Brenneri Aquavit No1 2019";"InderÃ¸y Brenneri Aquavit No1";"2019";"425.2";"0.5";"850.4";"Aquavit";"Glass";"42";"2.024762"
"Vinmonopolet";"3794001";"Torraccia del Piantavigna Barlan Rosato 2016";"Torraccia del Piantavigna Barlan Rosato";"2016";"139.9";"0.75";"186.53";"RosÃ©vin";"Glass";"12";"1.5544444"
"Vinmonopolet";"3794101";"Etiket Ti Amo Pinot Grigio 2018";"Etiket Ti Amo Pinot Grigio";"2018";"139.9";"0.75";"186.53";"White wine";"Glass";"12";"1.5544444"
"Vinmonopolet";"3794201";"Zeni Soave Classico 2017";"Zeni Soave Classico";"2017";"149.9";"0.75";"199.87";"White wine";"Glass";"12.5";"1.5989332"
"Vinmonopolet";"3794301";"Wente Riva Ranch Pinot Noir 2017";"Wente Riva Ranch Pinot Noir";"2017";"349";"0.75";"465.33";"RÃ¸dvin";"Glass";"14.5";"3.2091954"
"Vinmonopolet";"3794401";"Clos du Jaugueyron Petit Jaug Margaux 2015";"Clos du Jaugueyron Petit Jaug Margaux";"2015";"419.9";"0.75";"559.87";"RÃ¸dvin";"Glass";"13.5";"4.1471605"
"Vinmonopolet";"3794501";"Monsoon Valley Blended Red 2014";"Monsoon Valley Blended Red";"2014";"165.6";"0.75";"220.8";"RÃ¸dvin";"Glass";"13";"1.6984617"
"Vinmonopolet";"3794701";"Monsoon Valley Colombard 2015";"Monsoon Valley Colombard";"2015";"223.4";"0.75";"297.87";"White wine";"Glass";"12.5";"2.3829334"
"Vinmonopolet";"3794801";"Monsoon Valley Shiraz 2014";"Monsoon Valley Shiraz";"2014";"223";"0.75";"297.33";"RÃ¸dvin";"Glass";"13.5";"2.202469"
"Vinmonopolet";"3794901";"Monsoon Valley Shiraz Rose 2015";"Monsoon Valley Shiraz Rose";"2015";"223.6";"0.75";"298.13";"RosÃ©vin";"Glass";"12";"2.4844446"
"Vinmonopolet";"3795101";"Loimer Seeberg Riesling 2016";"Loimer Seeberg Riesling";"2016";"399";"0.75";"532";"White wine";"Glass";"13";"4.0923076"
"Vinmonopolet";"3795201";"Loimer Ried Steinmassl Riesling 2016";"Loimer Ried Steinmassl Riesling";"2016";"399";"0.75";"532";"White wine";"Glass";"12.5";"4.256"
"Vinmonopolet";"3795401";"Van Volxem Goldberg Riesling 2016";"Van Volxem Goldberg Riesling";"2016";"339";"0.75";"452";"White wine";"Glass";"12";"3.7666667"
"Vinmonopolet";"3795801";"SÃ©rol Eclat de Granite 2018";"SÃ©rol Eclat de Granite";"2018";"199.9";"0.75";"266.53";"RÃ¸dvin";"Glass";"12.5";"2.1322665"
"Vinmonopolet";"3796502";"Castelnau de Suduiraut 2011";"Castelnau de Suduiraut";"2011";"185.9";"0.38";"495.73";"White wine";"Glass";"13.5";"3.6237817"
"Vinmonopolet";"3797301";"Lompoc Pinot Noir 2014";"Lompoc Pinot Noir";"2014";"250";"0.75";"333.33";"RÃ¸dvin";"Glass";"12.5";"2.6666667"
"Vinmonopolet";"3797401";"Casa Belfi ColfÃ²ndo Raboso 2016";"Casa Belfi ColfÃ²ndo Raboso";"2016";"219.9";"0.75";"293.2";"Perlende vin, rÃ¸d";"Glass";"11.5";"2.549565"
"Vinmonopolet";"3797701";"Valli Unite Alessandrino";"Valli Unite Alessandrino";"2018";"189.9";"0.75";"253.2";"RÃ¸dvin";"Glass";"13";"1.9476923"
"Vinmonopolet";"3798402";"Sundbytunet Emigrant IPA";"Sundbytunet Emigrant IPA";"0";"56";"0.33";"169.7";"India pale ale";"Glass";"6.7";"2.5327907"
"Vinmonopolet";"3798501";"FÃ©lix Solis ViÃ±a Albali Verdejo 2018";"FÃ©lix Solis ViÃ±a Albali Verdejo";"2018";"135";"0.75";"180";"White wine";"Glass";"12.5";"1.44"
"Vinmonopolet";"3798506";"FÃ©lix Solis ViÃ±a Albali Verdejo";"FÃ©lix Solis ViÃ±a Albali Verdejo";"2018";"420";"3";"140";"White wine";"Bag-in-box";"12.5";"1.12"
"Vinmonopolet";"3798602";"Sundbytunet Blond";"Sundbytunet Blond";"0";"54";"0.33";"163.64";"Light ale";"Glass";"6";"2.7272725"
"Vinmonopolet";"3799202";"Kloster Scheyern Weisse Dunkel";"Kloster Scheyern Weisse Dunkel";"0";"59.9";"0.5";"119.8";"HveteÃ¸l";"Glass";"5.2";"2.3038464"
"Vinmonopolet";"3799302";"Kloster Scheyern Weisse Hell";"Kloster Scheyern Weisse Hell";"0";"49.9";"0.5";"99.8";"HveteÃ¸l";"Glass";"5.2";"1.9192309"
"Vinmonopolet";"3799502";"Kloster Scheyern Doppelbock Dunkel";"Kloster Scheyern Doppelbock Dunkel";"0";"65.9";"0.5";"131.8";"MÃ¸rk lager";"Glass";"7.6";"1.7342106"
"Vinmonopolet";"3800101";"Ch. de Rouillac Blanc 2012";"Ch. de Rouillac Blanc";"2012";"269.9";"0.75";"359.87";"White wine";"Glass";"13";"2.7682052"
"Vinmonopolet";"3800205";"Ch. Panet 2015";"Ch. Panet";"2015";"519.9";"1.5";"346.6";"RÃ¸dvin";"Glass";"14.5";"2.3903449"
"Vinmonopolet";"3800301";"Louis Max Saint-VÃ©ran 2014";"Louis Max Saint-VÃ©ran";"2014";"236";"0.75";"314.67";"White wine";"Glass";"13";"2.420513"
"Vinmonopolet";"3800501";"Louis Max Mercurey Les Rochelles 2015";"Louis Max Mercurey Les Rochelles";"2015";"295";"0.75";"393.33";"White wine";"Glass";"13";"3.025641"
"Vinmonopolet";"3800601";"Le Dada de Rouillac 2014";"Le Dada de Rouillac";"2014";"189.9";"0.75";"253.2";"White wine";"Glass";"13";"1.9476923"
"Vinmonopolet";"3800701";"Ch. de L'Aubrade 2018";"Ch. de L'Aubrade";"2018";"129.9";"0.75";"173.2";"White wine";"Glass";"12.5";"1.3856"
"Vinmonopolet";"3801102";"Oskar Blues G'Knight Imperial Red IPA";"Oskar Blues G'Knight Imperial Red IPA";"0";"63.9";"0.35";"180";"India pale ale";"Metall";"8.7";"2.0985222"
"Vinmonopolet";"3801401";"La Petite Perriere Pinot Noir";"La Petite Perriere Pinot Noir";"2018";"149.9";"0.75";"199.87";"RÃ¸dvin";"Glass";"12.5";"1.5989332"
"Vinmonopolet";"3801501";"Laroche Bourgogne RÃ©serve Chardonnay";"Laroche Bourgogne RÃ©serve Chardonnay";"2018";"169.9";"0.75";"226.53";"White wine";"Glass";"13";"1.7425641"
"Vinmonopolet";"3802001";"GÃ©rard Bertrand St. Chinian 2016";"GÃ©rard Bertrand St. Chinian";"2016";"199";"0.75";"265.33";"RÃ¸dvin";"Glass";"14";"1.895238"
"Vinmonopolet";"3802201";"GÃ©rard Bertrand Gris Blanc 2017";"GÃ©rard Bertrand Gris Blanc";"2017";"159";"0.75";"212";"RosÃ©vin";"Glass";"13";"1.6307693"
"Vinmonopolet";"3802501";"La Fleur de Bouard 2011";"La Fleur de Bouard";"2011";"529";"0.75";"705.33";"RÃ¸dvin";"Glass";"13.5";"5.2246914"
"Vinmonopolet";"3802601";"L'HÃ©ritage de Chasse-Spleen 2011";"L'HÃ©ritage de Chasse-Spleen";"2011";"359";"0.75";"478.67";"RÃ¸dvin";"Glass";"13.5";"3.545679"
"Vinmonopolet";"3802701";"Villa Righetti Ripasso 2017";"Villa Righetti Ripasso";"2017";"209.9";"0.75";"279.87";"RÃ¸dvin";"Glass";"14";"1.9990475"
"Vinmonopolet";"3802901";"Koskenkorva Peach";"Koskenkorva Peach";"0";"229.9";"0.7";"328.43";"LikÃ¸r";"Plast";"21";"1.5639455"
"Vinmonopolet";"3803201";"Monmosseau CrÃ©mant de Loire Brut Rose";"Monmosseau CrÃ©mant de Loire Brut Rose";"0";"180";"0.75";"240";"Musserende vin, rosÃ©";"Glass";"12";"2"
"Vinmonopolet";"3803401";"A. H. Riise Black Barrel Navy Spiced Rum";"A. H. Riise Black Barrel Navy Spiced Rum";"0";"589.9";"0.7";"842.71";"Other spirit";"Glass";"40";"2.1067858"
"Vinmonopolet";"3803802";"Austmann La Shaman Aztec Stout";"Austmann La Shaman Aztec Stout";"0";"62.9";"0.33";"190.61";"Porter and stout";"Glass";"8";"2.3825758"
"Vinmonopolet";"3803905";"Foillard Morgon CÃ´te du Py 2017";"Foillard Morgon CÃ´te du Py";"2017";"739.9";"1.5";"493.27";"RÃ¸dvin";"Glass";"14.5";"3.4018393"
"Vinmonopolet";"3804201";"Tissot Arbois DD 2018";"Tissot Arbois DD";"2018";"329.9";"0.75";"439.87";"RÃ¸dvin";"Glass";"12.5";"3.5189333"
"Vinmonopolet";"3804205";"Tissot Arbois DD 2018";"Tissot Arbois DD";"2018";"669.9";"1.5";"446.6";"RÃ¸dvin";"Glass";"12.5";"3.5728002"
"Vinmonopolet";"3804601";"Bussia Soprana Barolo Mosconi 2010";"Bussia Soprana Barolo Mosconi";"2010";"598";"0.75";"797.33";"RÃ¸dvin";"Glass";"14";"5.695238"
"Vinmonopolet";"3805801";"Mas Asturias Bierzo Massuria 2008";"Mas Asturias Bierzo Massuria";"2008";"355";"0.75";"473.33";"RÃ¸dvin";"Glass";"13";"3.6410255"
"Vinmonopolet";"3806101";"William Cole Albamar 2015";"William Cole Albamar";"2015";"158.2";"0.75";"210.93";"White wine";"Glass";"12.9";"1.6351421"
"Vinmonopolet";"3806301";"William Cole Colombine Special Reserve 2015";"William Cole Colombine Special Reserve";"2015";"147.3";"0.75";"196.4";"RÃ¸dvin";"Glass";"14";"1.4028572"
"Vinmonopolet";"3806601";"Cascina Disa Barolo Riserva 2011";"Cascina Disa Barolo Riserva";"2011";"519.9";"0.75";"693.2";"RÃ¸dvin";"Glass";"14.5";"4.7806897"
"Vinmonopolet";"3807301";"San Patrignano Avenir";"San Patrignano Avenir";"2013";"168.7";"0.75";"224.93";"Sparkling wine";"Glass";"12.5";"1.7994666"
"Vinmonopolet";"3807501";"Pedregosa Petit CuvÃ©e RosÃ© Brut Nature 2018";"Pedregosa Petit CuvÃ©e RosÃ© Brut Nature";"2018";"179.9";"0.75";"239.87";"Musserende vin, rosÃ©";"Glass";"11.5";"2.085797"
"Vinmonopolet";"3807605";"Pedregosa Reserva Brut Nature 2015";"Pedregosa Reserva Brut Nature";"2015";"389.9";"1.5";"259.93";"Sparkling wine";"Glass";"11.5";"2.26029"
"Vinmonopolet";"3807705";"Pedregosa Reserva Clos Brut Nature 2016";"Pedregosa Reserva Clos Brut Nature";"2016";"359.9";"1.5";"239.93";"Sparkling wine";"Glass";"11.5";"2.0863767"
"Vinmonopolet";"3807901";"Kinn Pryl Belgisk Dobbel";"Kinn Pryl Belgisk Dobbel";"0";"99.9";"0.75";"133.2";"Trappist";"Glass";"7";"1.9028572"
"Vinmonopolet";"3809401";"Vivaldi ai Colli Valpolicella 2014";"Vivaldi ai Colli Valpolicella";"2014";"139.6";"0.75";"186.13";"RÃ¸dvin";"Glass";"12";"1.5511112"
"Vinmonopolet";"3811602";"Timmermans Oude Gueuze";"Timmermans Oude Gueuze";"2017";"89.9";"0.38";"239.73";"SurÃ¸l";"Glass";"6.7";"3.5310292"
"Vinmonopolet";"3811802";"Timmermans Oude Kriek";"Timmermans Oude Kriek";"0";"93.9";"0.38";"250.4";"SurÃ¸l";"Glass";"6.7";"3.6881385"
"Vinmonopolet";"3812101";"Giacomo Finocchio 90 di Barolo Bussia Riserva 2011";"Giacomo Finocchio 90 di Barolo Bussia Riserva";"2011";"1084.7";"0.75";"1446.27";"RÃ¸dvin";"Glass";"14.5";"9.974253"
"Vinmonopolet";"3812401";"Knoll Ried Loibenberg Loibner Riesling Federspiel 2017";"Knoll Ried Loibenberg Loibner Riesling Federspiel";"2017";"377.3";"0.75";"503.07";"White wine";"Glass";"12";"4.192222"
"Vinmonopolet";"3812601";"Knoll Ried Loibenberg Loibner Riesling Smaragd 2017";"Knoll Ried Loibenberg Loibner Riesling Smaragd";"2017";"533.3";"0.75";"711.07";"White wine";"Glass";"13";"5.4697433"
"Vinmonopolet";"3812701";"Knoll Ried Loibenberg GrÃ¼ner Veltliner Smaragd 2017";"Knoll Ried Loibenberg GrÃ¼ner Veltliner Smaragd";"2017";"533.1";"0.75";"710.8";"White wine";"Glass";"13.5";"5.265185"
"Vinmonopolet";"3812801";"Knoll Loibner GrÃ¼ner Veltliner 2018";"Knoll Loibner GrÃ¼ner Veltliner";"2018";"313.8";"0.75";"418.4";"White wine";"Glass";"11.5";"3.6382608"
"Vinmonopolet";"3813101";"Asbach Original Aged 3 Years";"Asbach Original Aged 3 Years";"0";"389.9";"0.7";"557";"Grape spirit";"Glass";"38";"1.4657894"
"Vinmonopolet";"3813201";"Calle Fegth En liter RÃ¥sa 2018";"Calle Fegth En liter RÃ¥sa";"2018";"197.9";"1";"197.9";"RosÃ©vin";"Glass";"11.5";"1.7208695"
"Vinmonopolet";"3813601";"KÃ¼hling-Gillot Nierstein Hipping Riesling trocken Grosses GewÃ¤chs 2018";"KÃ¼hling-Gillot Nierstein Hipping Riesling trocken Grosses GewÃ¤chs";"2018";"465";"0.75";"620";"White wine";"Glass";"12.5";"4.96"
"Vinmonopolet";"3813902";"Hexamer Meddersheimer Rheingrafenberg Riesling Beerenauslese 2017";"Hexamer Meddersheimer Rheingrafenberg Riesling Beerenauslese";"2017";"332.9";"0.38";"887.73";"White wine";"Glass";"6";"14.600877"
"Vinmonopolet";"3814001";"Grans-Fassian Laurentiuslay Riesling Trocken GG 2014";"Grans-Fassian Laurentiuslay Riesling Trocken GG";"2014";"395";"0.75";"526.67";"White wine";"Glass";"13";"4.051282"
"Vinmonopolet";"3814401";"Tikves Barovo 2012";"Tikves Barovo";"2012";"311.3";"0.75";"415.07";"RÃ¸dvin";"Glass";"14.5";"2.8625286"
"Vinmonopolet";"3814601";"Bovin Imperator 2013";"Bovin Imperator";"2013";"288.7";"0.75";"384.93";"RÃ¸dvin";"Glass";"15";"2.5662224"
"Vinmonopolet";"3814801";"Tikves Bela Voda 2013";"Tikves Bela Voda";"2013";"311.3";"0.75";"415.07";"RÃ¸dvin";"Glass";"14.5";"2.8625286"
"Vinmonopolet";"3814901";"Kamnik Ten Barrels Syrah 2013";"Kamnik Ten Barrels Syrah";"2013";"398.8";"0.75";"531.73";"RÃ¸dvin";"Glass";"15";"3.5448887"
"Vinmonopolet";"3815101";"Kamnik Terroir Vranec 2012";"Kamnik Terroir Vranec";"2012";"671.8";"0.75";"895.73";"RÃ¸dvin";"Glass";"16.2";"5.5292177"
"Vinmonopolet";"3815302";"Aja Noaidi Dark Saison";"Aja Noaidi Dark Saison";"2016";"64.9";"0.33";"196.67";"Saison farmhouse ale";"Glass";"8";"2.4583333"
"Vinmonopolet";"3816301";"Mulata Silver Dry";"Mulata Silver Dry";"0";"389.9";"0.7";"557";"Rum";"Glass";"38";"1.4657894"
"Vinmonopolet";"3816401";"Mulata Blanco Reserva 3 Anos";"Mulata Blanco Reserva 3 Anos";"0";"399.9";"0.7";"571.29";"Rum";"Glass";"38";"1.5033835"
"Vinmonopolet";"3816501";"Mulata Anejo Gran Reserva 7 Anos";"Mulata Anejo Gran Reserva 7 Anos";"0";"419.9";"0.7";"599.86";"Rum";"Glass";"38";"1.5785714"
"Vinmonopolet";"3816601";"Donnafugata Prio 2018";"Donnafugata Prio";"2018";"214.9";"0.75";"286.53";"White wine";"Glass";"12.5";"2.2922666"
"Vinmonopolet";"3816701";"Nicolas Gonin Altesse IsÃ¨re 2016";"Nicolas Gonin Altesse IsÃ¨re";"2016";"319";"0.75";"425.33";"White wine";"Glass";"13";"3.2717948"
"Vinmonopolet";"3816902";"Egge GÃ¥rd Hallingskarvet nasjonalpark akevitt";"Egge GÃ¥rd Hallingskarvet nasjonalpark akevitt";"2015";"329";"0.5";"658";"Aquavit";"Glass";"40";"1.645"
"Vinmonopolet";"3817401";"Lucien le Moine Inopia Rouge 2017";"Lucien le Moine Inopia Rouge";"2017";"279.9";"0.75";"373.2";"RÃ¸dvin";"Glass";"14";"2.6657143"
"Vinmonopolet";"3817601";"Lucien le Moine Inopia Blanc 2017";"Lucien le Moine Inopia Blanc";"2017";"289.9";"0.75";"386.53";"White wine";"Glass";"14";"2.7609522"
"Vinmonopolet";"3817701";"Fratelli Berlucchi Casa delle Colonne Franciacorta Brut Riserva 2015";"Fratelli Berlucchi Casa delle Colonne Franciacorta Brut Riserva";"2015";"227.9";"0.75";"303.87";"Sparkling wine";"Glass";"12.5";"2.4309332"
"Vinmonopolet";"3819102";"Midtfyns Imperial Stout Rum BA 2015";"Midtfyns Imperial Stout Rum BA";"2015";"154.9";"0.5";"309.8";"Porter and stout";"Glass";"12";"2.5816665"
"Vinmonopolet";"3821401";"Celestino Treviso Prosecco";"Celestino Treviso Prosecco";"0";"129.9";"0.75";"173.2";"Sparkling wine";"Glass";"11";"1.5745454"
"Vinmonopolet";"3821404";"Celestino Treviso Prosecco";"Celestino Treviso Prosecco";"0";"49.9";"0.2";"249.5";"Sparkling wine";"Glass";"11";"2.2681818"
"Vinmonopolet";"3824801";"Delaporte Sancerre Les Monts DamnÃ©s 2015";"Delaporte Sancerre Les Monts DamnÃ©s";"2015";"342.9";"0.75";"457.2";"White wine";"Glass";"13";"3.516923"
"Vinmonopolet";"3824902";"Laffon Triple Sec";"Laffon Triple Sec";"0";"269";"0.5";"538";"LikÃ¸r";"Glass";"35";"1.5371429"
"Vinmonopolet";"3825002";"Magic Rock High Wire Grapefruit Pale Ale";"Magic Rock High Wire Grapefruit Pale Ale";"0";"51.9";"0.33";"151.21";"Pale ale";"Emballasje med pant";"5.5";"2.859504"
"Vinmonopolet";"3825102";"Magic Rock Cannonball IPA";"Magic Rock Cannonball IPA";"0";"59.9";"0.33";"175.46";"India pale ale";"Emballasje med pant";"7.4";"2.4529073"
"Vinmonopolet";"3825501";"Franco Francesco Barbera d'Asti 2018";"Franco Francesco Barbera d'Asti";"2018";"165";"0.75";"220";"RÃ¸dvin";"Glass";"13.5";"1.6296296"
"Vinmonopolet";"3825901";"Bepin de Eto Valdobbiadene Prosecco Superiore Brut";"Bepin de Eto Valdobbiadene Prosecco Superiore Brut";"0";"190";"0.75";"253.33";"Sparkling wine";"Glass";"11.5";"2.2028985"
"Vinmonopolet";"3826001";"Dauby CuvÃ©e RÃ¨serve Premier Cru";"Dauby CuvÃ©e RÃ¨serve Premier Cru";"0";"309.9";"0.75";"413.2";"Champagne, brut";"Glass";"12";"3.4433331"
"Vinmonopolet";"3826101";"Gapsted's Hidden Story Cabernet Sauvignon 2017";"Gapsted's Hidden Story Cabernet Sauvignon";"2017";"135";"0.75";"180";"RÃ¸dvin";"Glass";"14";"1.2857143"
"Vinmonopolet";"3826501";"Chili Klaus Ghost Bitter Chili Skud Vindstyrke 6";"Chili Klaus Ghost Bitter Chili Skud Vindstyrke 6";"0";"309.9";"0.7";"442.71";"Bitter	";"Glass";"20";"2.2135713"
"Vinmonopolet";"3826601";"Chili Klaus Ghost Bitter Chili Skud Vindstyrke 12";"Chili Klaus Ghost Bitter Chili Skud Vindstyrke 12";"0";"309.9";"0.7";"442.71";"Bitter	";"Glass";"20";"2.2135713"
"Vinmonopolet";"3827701";"Vidal-Fleury CÃ´tes du RhÃ´ne Blanc 2017";"Vidal-Fleury CÃ´tes du RhÃ´ne Blanc";"2017";"229.9";"0.75";"306.53";"White wine";"Glass";"14";"2.1895237"
"Vinmonopolet";"3829501";"Marion Borgomarcellise Valpolicella 2014";"Marion Borgomarcellise Valpolicella";"2014";"169.1";"0.75";"225.47";"RÃ¸dvin";"Glass";"12.5";"1.8037333"
"Vinmonopolet";"3829902";"Buxton x Lervig Trolltunga Gooseberry Sour IPA";"Buxton x Lervig Trolltunga Gooseberry Sour IPA";"0";"59";"0.33";"178.79";"India pale ale";"Glass";"6.3";"2.8379025"
"Vinmonopolet";"3831502";"Samuel Smith Apricot Fruit Beer";"Samuel Smith Apricot Fruit Beer";"0";"49.9";"0.35";"140.56";"Special";"Glass";"5";"2.8514287"
"Vinmonopolet";"3832202";"Samuel Smith Raspberry Fruit Beer";"Samuel Smith Raspberry Fruit Beer";"0";"49.9";"0.35";"140.56";"Special";"Glass";"5.1";"2.7955184"
"Vinmonopolet";"3832701";"Le Vigne Di Eli Pignatuni Etna Rosso 2013";"Le Vigne Di Eli Pignatuni Etna Rosso";"2013";"377.8";"0.75";"503.73";"RÃ¸dvin";"Glass";"13.5";"3.7313578"
"Vinmonopolet";"3832901";"Pomodolce Grue Timorasso 2016";"Pomodolce Grue Timorasso";"2016";"197.5";"0.75";"263.33";"White wine";"Glass";"14";"1.8809524"
"Vinmonopolet";"3833001";"Luisin Barolo Leon 2010";"Luisin Barolo Leon";"2010";"429.7";"0.75";"572.93";"RÃ¸dvin";"Glass";"13.5";"4.243951"
"Vinmonopolet";"3839401";"Finca Manzanos Rosado fermentado en barrica 2016";"Finca Manzanos Rosado fermentado en barrica";"2016";"129.6";"0.75";"172.8";"RosÃ©vin";"Glass";"13";"1.3292308"
"Vinmonopolet";"3842301";"Mirabeau Rose 2018";"Mirabeau Rose";"2018";"199.9";"0.75";"266.53";"RosÃ©vin";"Glass";"12.5";"2.1322665"
"Vinmonopolet";"3843102";"Darguner Weissbier";"Darguner Weissbier";"0";"42.9";"0.5";"85.8";"HveteÃ¸l";"Metall";"5.1";"1.682353"
"Vinmonopolet";"3845201";"Quinta da Rede Grand Reserva Tinto";"Quinta da Rede Grand Reserva Tinto";"2013";"353.1";"0.75";"470.8";"RÃ¸dvin";"Glass";"14.5";"3.2468965"
"Vinmonopolet";"3845301";"Quinta da Rede Grand Reserva Branco 2015";"Quinta da Rede Grand Reserva Branco";"2015";"280.1";"0.75";"373.47";"White wine";"Glass";"13.5";"2.76642"
"Vinmonopolet";"3845501";"Rede Tinto";"Rede Tinto";"2015";"183.9";"0.75";"245.2";"RÃ¸dvin";"Glass";"13";"1.8861538"
"Vinmonopolet";"3845701";"Rede Branco";"Rede Branco";"2018";"182";"0.75";"242.67";"White wine";"Glass";"12.5";"1.9413333"
"Vinmonopolet";"3845801";"Quinta da Rede Reserva Tinto";"Quinta da Rede Reserva Tinto";"2013";"261.1";"0.75";"348.13";"RÃ¸dvin";"Glass";"13.5";"2.5787654"
"Vinmonopolet";"3846002";"Hansa IPA Ekstra Spesial";"Hansa IPA Ekstra Spesial";"0";"49";"0.5";"94";"India pale ale";"Emballasje med pant";"6";"1.6333333"
"Vinmonopolet";"3849601";"Movia Rebula 2014";"Movia Rebula";"2014";"243.8";"0.75";"325.07";"White wine";"Glass";"12";"2.708889"
"Vinmonopolet";"3854301";"Von Winning Herrgottsacker Riesling 2018";"Von Winning Herrgottsacker Riesling";"2018";"224.9";"0.75";"299.87";"White wine";"Glass";"12";"2.4988887"
"Vinmonopolet";"3858905";"Matsu El Recio 2015";"Matsu El Recio";"2015";"443";"1.5";"295.33";"RÃ¸dvin";"Glass";"14.5";"2.0367815"
"Vinmonopolet";"3859101";"Clos de l'Obac Costers del Siurana 2007";"Clos de l'Obac Costers del Siurana";"2007";"999.9";"0.75";"1333.2";"RÃ¸dvin";"Glass";"16";"8.3325"
"Vinmonopolet";"3859205";"Matsu El Picaro 2016";"Matsu El Picaro";"2016";"356";"1.5";"237.33";"RÃ¸dvin";"Glass";"14.5";"1.6367816"
"Vinmonopolet";"3859301";"AT Roca Xarel-lo PenedÃ¨s 2018";"AT Roca Xarel-lo PenedÃ¨s";"2018";"281.1";"0.75";"374.8";"White wine";"Glass";"12.5";"2.9984"
"Vinmonopolet";"3859501";"Vouette & Sorbee Textures Brut Nature";"Vouette & Sorbee Textures Brut Nature";"0";"899.9";"0.75";"1199.87";"Champagne extra brut";"Glass";"12";"9.998889"
"Vinmonopolet";"3859801";"Matassa Blossom 2018";"Matassa Blossom";"2018";"339.9";"0.75";"453.2";"White wine";"Glass";"12";"3.7766666"
"Vinmonopolet";"3859901";"Matassa Olla Rouge 2019";"Matassa Olla Rouge";"2019";"284.9";"0.75";"379.87";"RÃ¸dvin";"Glass";"12";"3.1655555"
"Vinmonopolet";"3860105";"Vouette & Sorbee Fidele Extra Brut";"Vouette & Sorbee Fidele Extra Brut";"0";"1449.9";"1.5";"966.6";"Champagne extra brut";"Glass";"12";"8.055"
"Vinmonopolet";"3860501";"Hardys Nottage Hill Riesling 2016";"Hardys Nottage Hill Riesling";"2016";"129.8";"0.75";"173.07";"White wine";"Glass";"12";"1.4422222"
"Vinmonopolet";"3863201";"Soellner Roter Veltliner von GÃ¶sing 2018";"Soellner Roter Veltliner von GÃ¶sing";"2018";"219.9";"0.75";"293.2";"White wine";"Glass";"12";"2.4433331"
"Vinmonopolet";"3865506";"Pata Negra Apasionado";"Pata Negra Apasionado";"2018";"429.9";"3";"143.3";"RÃ¸dvin";"Bag-in-box";"14.5";"0.9882758"
"Vinmonopolet";"3865601";"Crazy Tropez";"Crazy Tropez";"0";"154.8";"0.75";"206.4";"RosÃ©vin";"Glass";"12.5";"1.6512"
"Vinmonopolet";"3865605";"Crazy Tropez";"Crazy Tropez";"0";"305.1";"1.5";"203.4";"RosÃ©vin";"Glass";"12.5";"1.6272"
"Vinmonopolet";"3865701";"Bickel-Stumpf ThÃ¼ngersheimer Riesling Trocken 2015";"Bickel-Stumpf ThÃ¼ngersheimer Riesling Trocken";"2015";"199.9";"0.75";"266.53";"White wine";"Glass";"12.5";"2.1322665"
"Vinmonopolet";"3865801";"Oliver Zeter Sauvignon Blanc 2018";"Oliver Zeter Sauvignon Blanc";"2018";"180";"0.75";"240";"White wine";"Glass";"12.5";"1.92"
"Vinmonopolet";"3866006";"Franco Francesco Dolcetto";"Franco Francesco Dolcetto";"0";"410";"3";"136.67";"RÃ¸dvin";"Bag-in-box";"12.5";"1.0933334"
"Vinmonopolet";"3866701";"De Glazen Toren Lentebier";"De Glazen Toren Lentebier";"0";"149.9";"0.75";"199.87";"Saison farmhouse ale";"Glass";"9";"2.2207406"
"Vinmonopolet";"3866801";"GÃ©rard Bertrand Minervois 2017";"GÃ©rard Bertrand Minervois";"2017";"199";"0.75";"265.33";"RÃ¸dvin";"Glass";"14.5";"1.829885"
"Vinmonopolet";"3868801";"Rojo Musso Chardonnay 2017";"Rojo Musso Chardonnay";"2017";"192.1";"0.75";"256.13";"White wine";"Glass";"12.5";"2.0490668"
"Vinmonopolet";"3869901";"Dr Crusius SchloÃbÃ¶ckelheimer Felsenberg Riesling SpÃ¤tlese 2016";"Dr Crusius SchloÃbÃ¶ckelheimer Felsenberg Riesling SpÃ¤tlese";"2016";"297.9";"0.75";"397.2";"White wine";"Glass";"8.5";"4.672941"
"Vinmonopolet";"3871301";"Teeling Single Malt";"Teeling Single Malt";"0";"679.9";"0.7";"971.29";"Whisky";"Glass";"46";"2.1114907"
"Vinmonopolet";"3871801";"Glen Moray Peated";"Glen Moray Peated";"0";"404.9";"0.7";"578.43";"Whisky";"Glass";"40";"1.4460714"
"Vinmonopolet";"3871901";"DesormiÃ¨re CÃ´te Roannaise Tradition 2016";"DesormiÃ¨re CÃ´te Roannaise Tradition";"2016";"109.9";"0.75";"146.53";"RÃ¸dvin";"Glass";"12";"1.2211112"
"Vinmonopolet";"3872101";"Hattingley Valley RosÃ©";"Hattingley Valley RosÃ©";"2015";"369.9";"0.75";"493.2";"Musserende vin, rosÃ©";"Glass";"12";"4.11"
"Vinmonopolet";"3872205";"Ioppa Colline Novaresi Rusin Nebbiolo 2019";"Ioppa Colline Novaresi Rusin Nebbiolo";"2019";"309.9";"1.5";"206.6";"RosÃ©vin";"Glass";"12.5";"1.6528"
"Vinmonopolet";"3872301";"Ioppa San Grato 2018";"Ioppa San Grato";"2018";"149.9";"0.75";"199.87";"White wine";"Glass";"12";"1.6655555"
"Vinmonopolet";"3872501";"Bereche Campania Remensis Extra Brut RosÃ©";"Bereche Campania Remensis Extra Brut RosÃ©";"2017";"739.6";"0.75";"986.13";"Champagne, rosÃ©";"Glass";"12";"8.217777"
"Vinmonopolet";"3873101";"Lete-Vautrain Sarpsborg 1016-2016 Brut";"Lete-Vautrain Sarpsborg - Brut";"0";"398.4";"0.75";"531.2";"Champagne, brut";"Glass";"12.5";"4.2496"
"Vinmonopolet";"3873105";"Lete-Vautrain Sarpsborg 1016-2016 Brut";"Lete-Vautrain Sarpsborg - Brut";"0";"898.7";"1.5";"599.13";"Champagne, brut";"Glass";"12.5";"4.7930665"
"Vinmonopolet";"3873201";"Rocca di Frassinello Le Sughere 2013";"Rocca di Frassinello Le Sughere";"2013";"259.7";"0.75";"346.27";"RÃ¸dvin";"Glass";"13.5";"2.5649383"
"Vinmonopolet";"3876501";"Terramia Rosso Toscano 2018";"Terramia Rosso Toscano";"2018";"134.9";"0.75";"179.87";"RÃ¸dvin";"Glass";"12.5";"1.4389333"
"Vinmonopolet";"3877801";"Lagavulin 8 YO";"Lagavulin 8 YO";"2016";"689.9";"0.7";"985.57";"Whisky";"Glass";"48";"2.053274"
"Vinmonopolet";"3879602";"7 Fjell Tjommi Pale Ale";"7 Fjell Tjommi Pale Ale";"0";"48.9";"0.33";"148.18";"Pale ale";"Glass";"6";"2.469697"
"Vinmonopolet";"3880801";"De Wetshof Bateleur Chardonnay 2013";"De Wetshof Bateleur Chardonnay";"2013";"469";"0.75";"625.33";"White wine";"Glass";"13";"4.8102565"
"Vinmonopolet";"3881002";"Lofotpils Godt Haill";"Lofotpils Godt Haill";"0";"54.4";"0.33";"164.85";"MÃ¸rk lager";"Glass";"6";"2.7474747"
"Vinmonopolet";"3881301";"Croix de Labrie St.-Emilion Grand Cru 2012";"Croix de Labrie St.-Emilion Grand Cru";"2012";"1194.9";"0.75";"1593.2";"RÃ¸dvin";"Glass";"13";"12.255384"
"Vinmonopolet";"3882201";"LÃ©oube RosÃ© 2019";"LÃ©oube RosÃ©";"2019";"259";"0.75";"345.33";"RosÃ©vin";"Glass";"12.5";"2.7626667"
"Vinmonopolet";"3882205";"LÃ©oube RosÃ© 2018";"LÃ©oube RosÃ©";"2018";"538";"1.5";"358.67";"RosÃ©vin";"Glass";"12.5";"2.8693333"
"Vinmonopolet";"3882301";"Secret de LÃ©oube RosÃ© 2019";"Secret de LÃ©oube RosÃ©";"2019";"338";"0.75";"450.67";"RosÃ©vin";"Glass";"12.5";"3.6053333"
"Vinmonopolet";"3882305";"Secret de LÃ©oube RosÃ© 2019";"Secret de LÃ©oube RosÃ©";"2019";"696";"1.5";"464";"RosÃ©vin";"Glass";"13";"3.5692308"
"Vinmonopolet";"3882501";"Fernand Engel Cremant d'Alsace Chardonnay Brut";"Fernand Engel Cremant d'Alsace Chardonnay Brut";"2017";"199.5";"0.75";"266";"Sparkling wine";"Glass";"12.5";"2.128"
"Vinmonopolet";"3882803";"Tempt Quick 'N' Dirty GranatÃ¦ble";"Tempt Quick 'N' Dirty GranatÃ¦ble";"0";"24";"0.02";"1200";"LikÃ¸r";"Plast";"16.4";"7.3170733"
"Vinmonopolet";"3882903";"Tempt Quick 'N' Dirty Sure Ãbler";"Tempt Quick 'N' Dirty Sure Ãbler";"0";"24";"0.02";"1200";"LikÃ¸r";"Plast";"16.4";"7.3170733"
"Vinmonopolet";"3883003";"Tempt Quick 'N' Dirty Ren Lakrids";"Tempt Quick 'N' Dirty Ren Lakrids";"0";"24";"0.02";"1200";"LikÃ¸r";"Plast";"16.4";"7.3170733"
"Vinmonopolet";"3883301";"Henriot RosÃ© MillÃ©sime 2008";"Henriot RosÃ© MillÃ©sime";"2008";"849.9";"0.75";"1133.2";"Champagne, rosÃ©";"Glass";"12";"9.443334"
"Vinmonopolet";"3883701";"La Fourmone Le Fauquet Gigondas 2014";"La Fourmone Le Fauquet Gigondas";"2014";"198.2";"0.75";"264.27";"RÃ¸dvin";"Glass";"14.5";"1.8225287"
"Vinmonopolet";"3883801";"Molino Mistral Moscato d Asti 2016";"Molino Mistral Moscato d Asti";"2016";"125.2";"0.75";"166.93";"Sparkling wine";"Glass";"5";"3.3386667"
"Vinmonopolet";"3883904";"J.P. Chenet Ice Edition";"J.P. Chenet Ice Edition";"0";"59.9";"0.2";"299.5";"Sparkling wine";"Glass";"10.5";"2.852381"
"Vinmonopolet";"3884001";"Principiano Piemonte Barbera 2018";"Principiano Piemonte Barbera";"2018";"139.9";"0.75";"186.53";"RÃ¸dvin";"Glass";"12";"1.5544444"
"Vinmonopolet";"3884302";"Gilde Aquavit Fisk og Skalldyr";"Gilde Aquavit Fisk og Skalldyr";"0";"324.9";"0.5";"649.8";"Aquavit";"Glass";"37.5";"1.7328"
"Vinmonopolet";"3884401";"Bergens Hanseaten Aquavit";"Bergens Hanseaten Aquavit";"0";"489.9";"0.7";"699.86";"Aquavit";"Glass";"41.5";"1.6864028"
"Vinmonopolet";"3884701";"Rinaldi Dolcetto d'Alba 2016";"Rinaldi Dolcetto d'Alba";"2016";"319.9";"0.75";"426.53";"RÃ¸dvin";"Glass";"13.5";"3.159506"
"Vinmonopolet";"3884901";"Rinaldi Rosae Vino Rosso 2017";"Rinaldi Rosae Vino Rosso";"2017";"379.9";"0.75";"506.53";"RÃ¸dvin";"Glass";"13.5";"3.7520988"
"Vinmonopolet";"3886601";"Jacquesson Avize Champ CaÃ¯n 2005";"Jacquesson Avize Champ CaÃ¯n";"2005";"1569.9";"0.75";"2093.2";"Champagne extra brut";"Glass";"12.5";"16.7456"
"Vinmonopolet";"3887005";"Jacquesson CuvÃ©e no 733 D.T.";"Jacquesson CuvÃ©e no 733 D.T.";"0";"1380.3";"1.5";"920.2";"Champagne extra brut";"Glass";"12.1";"7.6049585"
"Vinmonopolet";"3887101";"Jacquesson Ay Vauzelle Terme 2008";"Jacquesson Ay Vauzelle Terme";"2008";"1699.9";"0.75";"2266.53";"Champagne extra brut";"Glass";"12";"18.887777"
"Vinmonopolet";"3887301";"Lheraud Cognac Grande Champagne 1976";"Lheraud Cognac Grande Champagne";"1976";"4575";"0.7";"6535.71";"Grape spirit";"Glass";"48";"13.616072"
"Vinmonopolet";"3889506";"The Bag Real Deal Aussie Shiraz";"The Bag Real Deal Aussie Shiraz";"0";"419.5";"3";"139.83";"RÃ¸dvin";"Bag-in-box";"13.5";"1.0358025"
"Vinmonopolet";"3890701";"Clau de Nell Val de Loire Grolleau 2012";"Clau de Nell Val de Loire Grolleau";"2012";"299.9";"0.75";"399.87";"RÃ¸dvin";"Glass";"12";"3.3322222"
"Vinmonopolet";"3890801";"Clau de Nell Anjou Cabernet Franc 2011";"Clau de Nell Anjou Cabernet Franc";"2011";"349.9";"0.75";"466.53";"RÃ¸dvin";"Glass";"13.5";"3.4558024"
"Vinmonopolet";"3892701";"Ch. Lauduc 2014";"Ch. Lauduc";"2014";"129.6";"0.75";"172.8";"RÃ¸dvin";"Glass";"12.5";"1.3824"
"Vinmonopolet";"3895201";"Newton Unfiltered Chardonnay 2015";"Newton Unfiltered Chardonnay";"2015";"484.9";"0.75";"646.53";"White wine";"Glass";"14";"4.6180954"
"Vinmonopolet";"3896701";"Newton Red Label Chardonnay 2015";"Newton Red Label Chardonnay";"2015";"234.9";"0.75";"313.2";"White wine";"Glass";"13.5";"2.32"
"Vinmonopolet";"3898801";"Pizzolato Spumante d'Italia Extra Dry";"Pizzolato Spumante d'Italia Extra Dry";"2017";"129.9";"0.75";"173.2";"Sparkling wine";"Glass";"11";"1.5745454"
"Vinmonopolet";"3898901";"TrÃ©nel JuliÃ©nas 2017";"TrÃ©nel JuliÃ©nas";"2017";"189.9";"0.75";"253.2";"RÃ¸dvin";"Glass";"13";"1.9476923"
"Vinmonopolet";"3899001";"TrÃ©nel Chiroubles 2017";"TrÃ©nel Chiroubles";"2017";"189.9";"0.75";"253.2";"RÃ¸dvin";"Glass";"13";"1.9476923"
"Vinmonopolet";"3899101";"TrÃ©nel Saint-Amour 2018";"TrÃ©nel Saint-Amour";"2018";"209";"0.75";"278.67";"RÃ¸dvin";"Glass";"13.5";"2.0641975"
"Vinmonopolet";"3899301";"Settesecco Bianco Frizzante";"Settesecco Bianco Frizzante";"0";"109.9";"0.75";"146.53";"Sparkling white wine";"Glass";"10.5";"1.3955556"
"Vinmonopolet";"3899501";"Settesecco Rosato Frizzante";"Settesecco Rosato Frizzante";"0";"119.9";"0.75";"159.87";"Perlende vin, rosÃ©";"Glass";"10.5";"1.5225397"
"Vinmonopolet";"3900401";"La Parde de Haut-Bailly 2012";"La Parde de Haut-Bailly";"2012";"524.9";"0.75";"699.87";"RÃ¸dvin";"Glass";"13";"5.38359"
"Vinmonopolet";"3901101";"Les AllÃ©es de Cantemerle 2011";"Les AllÃ©es de Cantemerle";"2011";"349";"0.75";"465.33";"RÃ¸dvin";"Glass";"13";"3.579487"
"Vinmonopolet";"3901201";"Ch. Croix Cardinale 2012";"Ch. Croix Cardinale";"2012";"459";"0.75";"612";"RÃ¸dvin";"Glass";"13.5";"4.5333333"
"Vinmonopolet";"3901401";"Ch. Les Carmes Haut-Brion 2011";"Ch. Les Carmes Haut-Brion";"2011";"989";"0.75";"1318.67";"RÃ¸dvin";"Glass";"13.5";"9.767901"
"Vinmonopolet";"3901601";"Ch. Gloria 2009";"Ch. Gloria";"2009";"989";"0.75";"1318.67";"RÃ¸dvin";"Glass";"13.5";"9.767901"
"Vinmonopolet";"3901901";"Coccinelle Chardonnay";"Coccinelle Chardonnay";"2015";"99.6";"0.75";"132.8";"White wine";"Plast";"13";"1.0215385"
"Vinmonopolet";"3902201";"Georg Breuer Riesling Brut 2017";"Georg Breuer Riesling Brut";"2017";"299.9";"0.75";"399.87";"Sparkling wine";"Glass";"12.5";"3.1989334"
"Vinmonopolet";"3902301";"Georg Breuer Gris Grauer Burgunder 2019";"Georg Breuer Gris Grauer Burgunder";"2019";"227.9";"0.75";"303.87";"White wine";"Glass";"11.5";"2.6423187"
"Vinmonopolet";"3902401";"Mount Riley Pinot Noir 2018";"Mount Riley Pinot Noir";"2018";"209.9";"0.75";"279.87";"RÃ¸dvin";"Glass";"13";"2.1528203"
"Vinmonopolet";"3903701";"Ferret Pouilly-FuissÃ© 2016";"Ferret Pouilly-FuissÃ©";"2016";"339.9";"0.75";"453.2";"White wine";"Glass";"13.5";"3.357037"
"Vinmonopolet";"3904701";"Pink Pegau 2015";"Pink Pegau";"2015";"189.9";"0.75";"253.2";"RosÃ©vin";"Glass";"12.5";"2.0256"
"Vinmonopolet";"3904804";"Gibson's London Dry Gin";"Gibson's London Dry Gin";"0";"116.9";"0.2";"584.5";"Gin";"Glass";"37.5";"1.5586667"
"Vinmonopolet";"3904901";"Juliusspital WÃ¼rzburger Riesling Trocken 2018";"Juliusspital WÃ¼rzburger Riesling Trocken";"2018";"194.3";"0.75";"259.07";"White wine";"Glass";"13.5";"1.9190124"
"Vinmonopolet";"3905101";"Bersano Barolo Riserva 2011";"Bersano Barolo Riserva";"2011";"599";"0.75";"798.67";"RÃ¸dvin";"Glass";"14.5";"5.508046"
"Vinmonopolet";"3905601";"Caravaglio Occhio di Terra Malvasia 2017";"Caravaglio Occhio di Terra Malvasia";"2017";"259.9";"0.75";"346.53";"White wine";"Glass";"12.5";"2.7722666"
"Vinmonopolet";"3906202";"Mikkeller Raspberry Quadrupelbock Barrel Aged";"Mikkeller Raspberry Quadrupelbock Barrel Aged";"0";"99.3";"0.38";"264.8";"Trappist";"Glass";"13";"2.0101216"
"Vinmonopolet";"3907501";"Dom. de la GarreliÃ¨re Gamay Sans Tralala 2019";"Dom. de la GarreliÃ¨re Gamay Sans Tralala";"2019";"216.9";"0.75";"289.2";"RÃ¸dvin";"Glass";"13.5";"2.1422222"
"Vinmonopolet";"3908201";"Gulfi NeroSanlorÃ© 2010";"Gulfi NeroSanlorÃ©";"2010";"379.9";"0.75";"506.53";"RÃ¸dvin";"Glass";"14.5";"3.4933333"
"Vinmonopolet";"3908301";"Gulfi NeroBaronj 2010";"Gulfi NeroBaronj";"2010";"299.9";"0.75";"399.87";"RÃ¸dvin";"Glass";"14";"2.8561904"
"Vinmonopolet";"3908502";"Poppels American Pale Ale";"Poppels American Pale Ale";"0";"52.9";"0.33";"160.3";"Pale ale";"Glass";"5.4";"2.9685745"
"Vinmonopolet";"3908602";"Poppels IPA";"Poppels IPA";"0";"57.9";"0.33";"175.45";"India pale ale";"Glass";"6.5";"2.6993008"
"Vinmonopolet";"3908702";"Poppels Double IPA";"Poppels Double IPA";"0";"62.9";"0.33";"190.61";"India pale ale";"Glass";"8";"2.3825758"
"Vinmonopolet";"3908801";"Scarpa Barbera d'Asti Bogliona 2008";"Scarpa Barbera d'Asti Bogliona";"2008";"399.9";"0.75";"533.2";"RÃ¸dvin";"Glass";"14";"3.8085713"
"Vinmonopolet";"3908805";"Scarpa Barbera d'Asti La Bogliona 2007";"Scarpa Barbera d'Asti La Bogliona";"2007";"724.7";"1.5";"483.13";"RÃ¸dvin";"Glass";"14.5";"3.331954"
"Vinmonopolet";"3909001";"Spindler Jesuitengarten Forst Riesling Trocken Grosse Lage 2016";"Spindler Jesuitengarten Forst Riesling Trocken Grosse Lage";"2016";"388";"0.75";"517.33";"White wine";"Glass";"13";"3.9794872"
"Vinmonopolet";"3909101";"Girardin Chassagne-Montrachet Vieilles Vignes Rouge 2016";"Girardin Chassagne-Montrachet Vieilles Vignes Rouge";"2016";"389";"0.75";"518.67";"RÃ¸dvin";"Glass";"13";"3.9897435"
"Vinmonopolet";"3909201";"Wirsching IphÃ¶fer Julius-Echter-Berg Silvaner Trocken 2015";"Wirsching IphÃ¶fer Julius-Echter-Berg Silvaner Trocken";"2015";"248.9";"0.75";"331.87";"White wine";"Glass";"13.5";"2.4582715"
"Vinmonopolet";"3909601";"Birichino Besson Grenache Old Vines 2013";"Birichino Besson Grenache Old Vines";"2013";"284.9";"0.75";"379.87";"RÃ¸dvin";"Glass";"13.5";"2.813827"
"Vinmonopolet";"3909901";"Spindler KirchenstÃ¼ck Forst Riesling Trocken Grosse Lage 2015";"Spindler KirchenstÃ¼ck Forst Riesling Trocken Grosse Lage";"2015";"389.9";"0.75";"519.87";"White wine";"Glass";"13.5";"3.8508642"
"Vinmonopolet";"3910001";"Colla Bricco del Drago 2013";"Colla Bricco del Drago";"2013";"289.9";"0.75";"386.53";"RÃ¸dvin";"Glass";"13.5";"2.8632097"
"Vinmonopolet";"3910201";"Cadenhead Linkwood 28 YO Small Batch";"Cadenhead Linkwood 28 YO Small Batch";"0";"2205";"0.7";"3150";"Whisky";"Glass";"58.4";"5.3938355"
"Vinmonopolet";"3910601";"Cadenhead Tomintaol-Glenlivet 30 YO Single Cask";"Cadenhead Tomintaol-Glenlivet 30 YO Single Cask";"0";"3005";"0.7";"4292.86";"Whisky";"Glass";"50.7";"8.467174"
"Vinmonopolet";"3910901";"Cadenhead's Classic Rum";"Cadenhead's Classic Rum";"0";"620";"0.7";"885.71";"Rum";"Glass";"50";"1.7714286"
"Vinmonopolet";"3911201";"Cadenhead Dufftown-Glenlivet 37 YO Single Cask";"Cadenhead Dufftown-Glenlivet 37 YO Single Cask";"0";"3599";"0.7";"5141.43";"Whisky";"Glass";"47.3";"10.869828"
"Vinmonopolet";"3911301";"Cadenhead Aultmore-Glenlivet 18 YO Single Cask";"Cadenhead Aultmore-Glenlivet 18 YO Single Cask";"0";"1395";"0.7";"1992.86";"Whisky";"Glass";"53.9";"3.697323"
"Vinmonopolet";"3911401";"Cadenhead 12 YO Blended Scotch Whisky";"Cadenhead 12 YO Blended Scotch Whisky";"0";"530";"0.7";"757.14";"Whisky";"Glass";"46";"1.6459627"
"Vinmonopolet";"3911501";"Cadenhead 7 YO Single Islay Malt";"Cadenhead 7 YO Single Islay Malt";"0";"865";"0.7";"1235.71";"Whisky";"Glass";"59.1";"2.0908873"
"Vinmonopolet";"3912401";"Gulfi RosÃ  2015";"Gulfi RosÃ";"2015";"200.3";"0.75";"267.07";"RosÃ©vin";"Glass";"12.5";"2.1365333"
"Vinmonopolet";"3912802";"Kald Sommer Aquavit";"Kald Sommer Aquavit";"0";"399.9";"0.5";"799.8";"Aquavit";"Glass";"40";"1.9994999"
"Vinmonopolet";"3913005";"Camille SavÃ¨s Bouzy Grand Cru 2015";"Camille SavÃ¨s Bouzy Grand Cru";"2015";"889";"1.5";"592.67";"Champagne, brut";"Glass";"12";"4.938889"
"Vinmonopolet";"3913101";"Paul Prieur Sancerre Monts DamnÃ©s 2017";"Paul Prieur Sancerre Monts DamnÃ©s";"2017";"349.9";"0.75";"466.53";"White wine";"Glass";"14";"3.332381"
"Vinmonopolet";"3913202";"Blackthorn Cider Dry";"Blackthorn Cider Dry";"0";"43.9";"0.5";"87.8";"Cider";"Metall";"5";"1.756"
"Vinmonopolet";"3913301";"Tsantalis Klima Klima Assyrtiko 2015";"Tsantalis Klima Klima Assyrtiko";"2015";"284.9";"0.75";"379.87";"White wine";"Glass";"12";"3.1655555"
"Vinmonopolet";"3913601";"The Glenlivet Founder's Reserve";"The Glenlivet Founder's Reserve";"0";"479.9";"0.7";"685.57";"Whisky";"Glass";"40";"1.7139286"
"Vinmonopolet";"3913801";"Serge Laloue Sancerre Le Cul de Beaujeu 2016";"Serge Laloue Sancerre Le Cul de Beaujeu";"2016";"347";"0.75";"462.67";"White wine";"Glass";"13";"3.5589743"
"Vinmonopolet";"3913901";"Jameson Caskmates Stout Edition";"Jameson Caskmates Stout Edition";"0";"424.9";"0.7";"607";"Whisky";"Glass";"40";"1.5175"
"Vinmonopolet";"3914201";"Ch. des Rontets Pouilly-FuissÃ© Clos Varambon 2017";"Ch. des Rontets Pouilly-FuissÃ© Clos Varambon";"2017";"379.9";"0.75";"506.53";"White wine";"Glass";"13.5";"3.7520988"
"Vinmonopolet";"3914601";"Crystallum The Agnes Chardonnay 2018";"Crystallum The Agnes Chardonnay";"2018";"309.9";"0.75";"413.2";"White wine";"Glass";"13";"3.1784616"
"Vinmonopolet";"3914801";"Craven Clairette Blanche 2018";"Craven Clairette Blanche";"2018";"219.9";"0.75";"293.2";"White wine";"Glass";"11";"2.6654544"
"Vinmonopolet";"3915001";"Craven Faure Pinot Noir 2018";"Craven Faure Pinot Noir";"2018";"289.9";"0.75";"386.53";"RÃ¸dvin";"Glass";"11.5";"3.3611593"
"Vinmonopolet";"3915501";"Crystallum Peter Max Pinot Noir";"Crystallum Peter Max Pinot Noir";"2018";"339.9";"0.75";"453.2";"RÃ¸dvin";"Glass";"13.5";"3.357037"
"Vinmonopolet";"3915601";"Crystallum Mabalel Pinot Noir";"Crystallum Mabalel Pinot Noir";"2018";"499.9";"0.75";"666.53";"RÃ¸dvin";"Glass";"13.5";"4.937284"
"Vinmonopolet";"3915801";"Rall Cinsault";"Rall Cinsault";"2018";"299.9";"0.75";"399.87";"RÃ¸dvin";"Glass";"12";"3.3322222"
"Vinmonopolet";"3915901";"M & D Freakshow Cabernet Sauvignon 2016";"M & D Freakshow Cabernet Sauvignon";"2016";"229.9";"0.75";"306.53";"RÃ¸dvin";"Glass";"14.5";"2.114023"
"Vinmonopolet";"3916301";"Ca'della Scala Adagio Pinot Grigio 2018";"Ca'della Scala Adagio Pinot Grigio";"2018";"135";"0.75";"180";"White wine";"Glass";"12.5";"1.44"
"Vinmonopolet";"3916401";"Ch. du Coing l'Ancestrale 2015";"Ch. du Coing l'Ancestrale";"2015";"199.9";"0.75";"266.53";"White wine";"Glass";"12";"2.221111"
"Vinmonopolet";"3916501";"Dom. les BruyÃ¨res Georges Crozes-Hermitage 2017";"Dom. les BruyÃ¨res Georges Crozes-Hermitage";"2017";"279";"0.75";"372";"RÃ¸dvin";"Glass";"13.5";"2.7555556"
"Vinmonopolet";"3916801";"Reynaud Beaumont Crozes-Hermitage 2018";"Reynaud Beaumont Crozes-Hermitage";"2018";"229.8";"0.75";"306.4";"RÃ¸dvin";"Glass";"13.5";"2.2696297"
"Vinmonopolet";"3916901";"Lapalu Brouilly La Croix des Rameaux 2017";"Lapalu Brouilly La Croix des Rameaux";"2017";"314.9";"0.75";"419.87";"RÃ¸dvin";"Glass";"14.5";"2.895632"
"Vinmonopolet";"3917101";"Lapalu Beaujolais-Villages Vieilles Vignes 2018";"Lapalu Beaujolais-Villages Vieilles Vignes";"2018";"228";"0.75";"304";"RÃ¸dvin";"Glass";"12.5";"2.432"
"Vinmonopolet";"3917201";"Dom. Raissac Sam Eyde Ostrea 2018";"Dom. Raissac Sam Eyde Ostrea";"2018";"175";"0.75";"233.33";"White wine";"Glass";"12.5";"1.8666667"
"Vinmonopolet";"3917401";"Ch. Magondeau Bordeaux Blanc 2018";"Ch. Magondeau Bordeaux Blanc";"2018";"175";"0.75";"233.33";"White wine";"Glass";"12.5";"1.8666667"
"Vinmonopolet";"3917501";"Dom. Raissac Sam Eyde Les Lys RosÃ© 2015";"Dom. Raissac Sam Eyde Les Lys RosÃ©";"2015";"189.9";"0.75";"253.2";"RosÃ©vin";"Glass";"13";"1.9476923"
"Vinmonopolet";"3918301";"Pirouettes CrÃ©mant ZÃ©ro Dosage";"Pirouettes CrÃ©mant ZÃ©ro Dosage";"2017";"269.9";"0.75";"359.87";"Sparkling wine";"Glass";"12.5";"2.8789332"
"Vinmonopolet";"3918701";"Clos Lentiscus Blanc de Blancs Brut Nature 2013";"Clos Lentiscus Blanc de Blancs Brut Nature";"2013";"279.9";"0.75";"373.2";"Sparkling wine";"Glass";"12";"3.11"
"Vinmonopolet";"3918801";"Clos Lentiscus Blanc de Noirs Brut Nature 2013";"Clos Lentiscus Blanc de Noirs Brut Nature";"2013";"289.9";"0.75";"386.53";"Sparkling wine";"Glass";"12.5";"3.0922666"
"Vinmonopolet";"3919002";"3 Fonteinen Oude Geuze";"3 Fonteinen Oude Geuze";"0";"119.9";"0.38";"319.73";"SurÃ¸l";"Glass";"5.7";"5.5355496"
"Vinmonopolet";"3919101";"Springbank 21 YO 2015 Edition";"Springbank 21 YO  Edition";"0";"2520";"0.7";"3600";"Whisky";"Glass";"46";"7.826087"
"Vinmonopolet";"3919701";"Rock Oyster Cask Strength";"Rock Oyster Cask Strength";"0";"799.9";"0.7";"1142.71";"Whisky";"Glass";"57.4";"1.9907914"
"Vinmonopolet";"3921801";"Girardin St.-Romain Vieilles Vignes 2016";"Girardin St.-Romain Vieilles Vignes";"2016";"336.1";"0.75";"448.13";"White wine";"Glass";"13";"3.4471796"
"Vinmonopolet";"3922001";"Girardin Puligny-Montrachet Premier Cru Les Referts 2013";"Girardin Puligny-Montrachet Premier Cru Les Referts";"2013";"658.1";"0.75";"877.47";"White wine";"Glass";"13.5";"6.499753"
"Vinmonopolet";"3922401";"Richard Rottiers Beaujolais Villages La Sambinerie 2017";"Richard Rottiers Beaujolais Villages La Sambinerie";"2017";"208";"0.75";"277.33";"RÃ¸dvin";"Glass";"12";"2.3111112"
"Vinmonopolet";"3922501";"Thillardon ChÃ©nas Les BlÃ©monts 2014";"Thillardon ChÃ©nas Les BlÃ©monts";"2014";"272.8";"0.75";"363.73";"RÃ¸dvin";"Glass";"12";"3.031111"
"Vinmonopolet";"3922701";"Thillardon ChÃ©nas Chassignol 2014";"Thillardon ChÃ©nas Chassignol";"2014";"349.9";"0.75";"466.53";"RÃ¸dvin";"Glass";"12";"3.8877778"
"Vinmonopolet";"3922901";"Richard Rottiers Moulin Ã  Vent Champ du Cour 2015";"Richard Rottiers Moulin Ã  Vent Champ du Cour";"2015";"323.8";"0.75";"431.73";"RÃ¸dvin";"Glass";"13";"3.3210256"
"Vinmonopolet";"3923105";"Comando G La Bruja de Rozas 2018";"Comando G La Bruja de Rozas";"2018";"589.9";"1.5";"393.27";"RÃ¸dvin";"Glass";"14.5";"2.712184"
"Vinmonopolet";"3923401";"Sacred Spice English Vermouth";"Sacred Spice English Vermouth";"0";"398.8";"0.75";"531.73";"Vermouth";"Glass";"18";"2.954074"
"Vinmonopolet";"3927001";"Bernabeleva Navaherreros Blanco 2017";"Bernabeleva Navaherreros Blanco";"2017";"249.9";"0.75";"333.2";"White wine";"Glass";"12";"2.7766666"
"Vinmonopolet";"3927101";"Bernabeleva Navaherreros 2018";"Bernabeleva Navaherreros";"2018";"249.9";"0.75";"333.2";"RÃ¸dvin";"Glass";"14.5";"2.297931"
"Vinmonopolet";"3927201";"Bernabeleva Cantocuerdas Albillo 2017";"Bernabeleva Cantocuerdas Albillo";"2017";"299.9";"0.75";"399.87";"White wine";"Glass";"13.5";"2.9619753"
"Vinmonopolet";"3927401";"Ch. Ollieux Romanis CuvÃ©e Classique RosÃ© 2018";"Ch. Ollieux Romanis CuvÃ©e Classique RosÃ©";"2018";"199.9";"0.75";"266.53";"RosÃ©vin";"Glass";"13";"2.0502563"
"Vinmonopolet";"3927501";"Georg Breuer SpÃ¤tburgunder Rouge 2018";"Georg Breuer SpÃ¤tburgunder Rouge";"2018";"243.9";"0.75";"325.2";"RÃ¸dvin";"Glass";"12";"2.71"
"Vinmonopolet";"3927802";"BrewDog Elvis Juice Grapefruit Infused IPA";"BrewDog Elvis Juice Grapefruit Infused IPA";"0";"44.9";"0.33";"130";"India pale ale";"Emballasje med pant";"6.5";"2.09324"
"Vinmonopolet";"3927901";"Lenoble Terroirs RosÃ© Brut";"Lenoble Terroirs RosÃ© Brut";"0";"479.9";"0.75";"639.87";"Champagne, rosÃ©";"Glass";"12";"5.332222"
"Vinmonopolet";"3928201";"Philippe Goulley Chablis Premier Cru Fourchaume 2016";"Philippe Goulley Chablis Premier Cru Fourchaume";"2016";"469";"0.75";"625.33";"White wine";"Glass";"12.5";"5.0026665"
"Vinmonopolet";"3928301";"Begude Sabrura Chardonnay 2018";"Begude Sabrura Chardonnay";"2018";"179";"0.75";"238.67";"White wine";"Glass";"13";"1.8358974"
"Vinmonopolet";"3928502";"Bollinger RosÃ©";"Bollinger RosÃ©";"0";"419.7";"0.38";"1119.2";"Champagne, rosÃ©";"Glass";"12";"9.203948"
"Vinmonopolet";"3928901";"Freixenet Ice CuvÃ©e Especial";"Freixenet Ice CuvÃ©e Especial";"0";"159.9";"0.75";"213.2";"Sparkling wine";"Glass";"11.5";"1.853913"
"Vinmonopolet";"3929201";"Contratto Vermouth Bianco";"Contratto Vermouth Bianco";"0";"294.2";"0.75";"392.27";"Vermouth";"Glass";"17.5";"2.241524"
"Vinmonopolet";"3929401";"Contratto Amaro Fernet";"Contratto Amaro Fernet";"0";"422.1";"0.7";"603";"Bitter	";"Glass";"30";"2.01"
"Vinmonopolet";"3929601";"Contratto Bitter";"Contratto Bitter";"0";"432.3";"1";"432.3";"Bitter	";"Glass";"22";"1.9649999"
"Vinmonopolet";"3929701";"Contratto Aperitif";"Contratto Aperitif";"0";"286";"1";"286";"Other spirit";"Glass";"13.5";"2.1185186"
"Vinmonopolet";"3929901";"Le Petit Haut Lafitte 2013";"Le Petit Haut Lafitte";"2013";"444.9";"0.75";"593.2";"RÃ¸dvin";"Glass";"13";"4.563077"
"Vinmonopolet";"3930301";"Ch. Mondot 2007";"Ch. Mondot";"2007";"515";"0.75";"686.67";"RÃ¸dvin";"Glass";"13.5";"5.0864196"
"Vinmonopolet";"3930401";"Duluc de Branaire Ducru 2011";"Duluc de Branaire Ducru";"2011";"479";"0.75";"638.67";"RÃ¸dvin";"Glass";"13";"4.9128203"
"Vinmonopolet";"3930601";"Blason d'Issan 2013";"Blason d'Issan";"2013";"445";"0.75";"593.33";"RÃ¸dvin";"Glass";"13";"4.5641026"
"Vinmonopolet";"3930701";"Les Fiefs de Lagrange 2012";"Les Fiefs de Lagrange";"2012";"447";"0.75";"596";"RÃ¸dvin";"Glass";"13.5";"4.414815"
"Vinmonopolet";"3930801";"Ch. Lagrange 2013";"Ch. Lagrange";"2013";"635";"0.75";"846.67";"RÃ¸dvin";"Glass";"13.5";"6.271605"
"Vinmonopolet";"3931201";"La Dame de Montrose 2013";"La Dame de Montrose";"2013";"629";"0.75";"838.67";"RÃ¸dvin";"Glass";"13";"6.451282"
"Vinmonopolet";"3931401";"Les Fiefs de Lagrange 2011";"Les Fiefs de Lagrange";"2011";"469";"0.75";"625.33";"RÃ¸dvin";"Glass";"13";"4.8102565"
"Vinmonopolet";"3932701";"Ambroise Nuits-St.-Georges 2011";"Ambroise Nuits-St.-Georges";"2011";"458.9";"0.75";"611.87";"RÃ¸dvin";"Glass";"13";"4.7066665"
"Vinmonopolet";"3933101";"Ambroise Nuits-Staint-Georges Les Hauts Pruliers 2011";"Ambroise Nuits-Staint-Georges Les Hauts Pruliers";"2011";"448.9";"0.75";"598.53";"RÃ¸dvin";"Glass";"13";"4.6041026"
"Vinmonopolet";"3934001";"Ambroise Nuits-Saint-Georges Vieilles Vignes 2011";"Ambroise Nuits-Saint-Georges Vieilles Vignes";"2011";"497.9";"0.75";"663.87";"RÃ¸dvin";"Glass";"13";"5.1066666"
"Vinmonopolet";"3935704";"Mionetto Treviso Prosecco Brut";"Mionetto Treviso Prosecco Brut";"0";"54.9";"0.2";"274.5";"Sparkling wine";"Glass";"11";"2.4954545"
"Vinmonopolet";"3936601";"Koskenkorva Sauna Barrel Vodka";"Koskenkorva Sauna Barrel Vodka";"0";"339.9";"0.7";"485.57";"Vodka";"Glass";"37.5";"1.2948571"
"Vinmonopolet";"3950401";"Koskenkorva Lemon Lime Yarrow Vodka";"Koskenkorva Lemon Lime Yarrow Vodka";"0";"339.9";"0.7";"485.57";"Vodka";"Glass";"37.5";"1.2948571"
"Vinmonopolet";"3950501";"Koskenkorva Blueberry Juniper Vodka";"Koskenkorva Blueberry Juniper Vodka";"0";"339.9";"0.7";"485.57";"Vodka";"Glass";"37.5";"1.2948571"
"Vinmonopolet";"3951301";"Nicolas Feuillatte Brut";"Nicolas Feuillatte Brut";"0";"429.9";"0.75";"573.2";"Champagne, brut";"Glass";"12";"4.7766666"
"Vinmonopolet";"3951302";"Nicolas Feuillatte Brut";"Nicolas Feuillatte Brut";"0";"257.9";"0.38";"687.73";"Champagne, brut";"Glass";"12";"5.6557016"
"Vinmonopolet";"3951304";"Nicolas Feuillatte Brut";"Nicolas Feuillatte Brut";"0";"150.9";"0.2";"754.5";"Champagne, brut";"Glass";"12";"6.2874994"
"Vinmonopolet";"3951305";"Nicolas Feuillatte Brut";"Nicolas Feuillatte Brut";"0";"949.9";"1.5";"633.27";"Champagne, brut";"Glass";"12";"5.277222"
"Vinmonopolet";"3951501";"Nicolas Feuillatte Palmes d'Or 2006";"Nicolas Feuillatte Palmes d'Or";"2006";"1280.9";"0.75";"1707.87";"Champagne, brut";"Glass";"12";"14.232223"
"Vinmonopolet";"3951505";"Nicolas Feuillatte Palmes d'Or 1999";"Nicolas Feuillatte Palmes d'Or";"1999";"2780.2";"1.5";"1853.47";"Champagne, brut";"Glass";"12";"15.445556"
"Vinmonopolet";"3951701";"Mas Janeil Blanc 2015";"Mas Janeil Blanc";"2015";"209.9";"0.75";"279.87";"White wine";"Glass";"13.5";"2.0730863"
"Vinmonopolet";"3951801";"PflÃ¼ger Friedelsheimer St. Laurent 2017";"PflÃ¼ger Friedelsheimer St. Laurent";"2017";"249.9";"0.75";"333.2";"RÃ¸dvin";"Glass";"14";"2.3799999"
"Vinmonopolet";"3952108";"Arcus Norske Aquavitter (10x5cl)";"Arcus Norske Aquavitter (10x5cl)";"0";"344.9";"0.5";"689.8";"Aquavit";"Ãvrig";"41.5";"1.6621686"
"Vinmonopolet";"3952201";"San Francesco Ciro Rosato 2017";"San Francesco Ciro Rosato";"2017";"89.7";"0.75";"119.6";"RosÃ©vin";"Glass";"13";"0.91999996"
"Vinmonopolet";"3952301";"Jacquesson CuvÃ©e no 742";"Jacquesson CuvÃ©e no 742";"0";"589.9";"0.75";"786.53";"Champagne extra brut";"Glass";"12.5";"6.292267"
"Vinmonopolet";"3953001";"Vicchiomaggio Ripa delle Mandorle 2016";"Vicchiomaggio Ripa delle Mandorle";"2016";"139.6";"0.75";"186.13";"White wine";"Glass";"13";"1.4317949"
"Vinmonopolet";"3953201";"Quinta de Couselo Rosal 2018";"Quinta de Couselo Rosal";"2018";"189.9";"0.75";"253.2";"White wine";"Glass";"13.5";"1.8755555"
"Vinmonopolet";"3953701";"Gilde Norsk Lutefisk Akevitt";"Gilde Norsk Lutefisk Akevitt";"0";"444.9";"0.7";"635.57";"Aquavit";"Glass";"40";"1.5889286"
"Vinmonopolet";"3954702";"Casotto del Merlo Recioto della Valpolicella Classico 2015";"Casotto del Merlo Recioto della Valpolicella Classico";"2015";"215";"0.5";"430";"RÃ¸dvin";"Glass";"13";"3.3076923"
"Vinmonopolet";"3955101";"Penfolds Bin 389 Cabernet Shiraz 2017";"Penfolds Bin 389 Cabernet Shiraz";"2017";"489.9";"0.75";"653.2";"RÃ¸dvin";"Glass";"14.5";"4.5048275"
"Vinmonopolet";"3955201";"Penfolds Bin 28 Kalimna Shiraz 2017";"Penfolds Bin 28 Kalimna Shiraz";"2017";"279.9";"0.75";"373.2";"RÃ¸dvin";"Glass";"14.5";"2.573793"
"Vinmonopolet";"3956801";"Gilde Oplandske Rakefisk Aquavit";"Gilde Oplandske Rakefisk Aquavit";"0";"444.9";"0.7";"635.57";"Aquavit";"Glass";"41.5";"1.5314975"
"Vinmonopolet";"3957301";"Morsa Aquavit";"Morsa Aquavit";"0";"469.9";"0.7";"671.29";"Aquavit";"Glass";"40";"1.6782143"
"Vinmonopolet";"3957701";"Michter's US 1 Bourbon Whiskey";"Michter's US 1 Bourbon Whiskey";"0";"769.9";"0.7";"1099.86";"Whisky";"Glass";"45.7";"2.4066896"
"Vinmonopolet";"3957902";"Myken Arktisk Vintergin";"Myken Arktisk Vintergin";"0";"559.9";"0.5";"1119.8";"Gin";"Glass";"47";"2.3825533"
"Vinmonopolet";"3958201";"Michter's US 1 Unblended American Whiskey";"Michter's US 1 Unblended American Whiskey";"0";"769.9";"0.7";"1099.86";"Whisky";"Glass";"41.7";"2.6375473"
"Vinmonopolet";"3958301";"Michter's US 1 Sour Mash Whiskey";"Michter's US 1 Sour Mash Whiskey";"0";"769.9";"0.7";"1099.86";"Whisky";"Glass";"43";"2.5578074"
"Vinmonopolet";"3958401";"Michter's US 1 Straight Rye Single Barrel";"Michter's US 1 Straight Rye Single Barrel";"0";"769.9";"0.7";"1099.86";"Whisky";"Glass";"42.4";"2.5940027"
"Vinmonopolet";"3959001";"Scherrer Helfer Vineyard Chardonnay 2013";"Scherrer Helfer Vineyard Chardonnay";"2013";"498";"0.75";"664";"White wine";"Glass";"14.5";"4.5793104"
"Vinmonopolet";"3959301";"La Paonnerie Rien que Melon 2018";"La Paonnerie Rien que Melon";"2018";"259.2";"0.75";"345.6";"White wine";"Glass";"12";"2.88"
"Vinmonopolet";"3959401";"Henri Milan Le Grand Blanc 2014";"Henri Milan Le Grand Blanc";"2014";"299";"0.75";"398.67";"White wine";"Glass";"13.5";"2.9530864"
"Vinmonopolet";"3959801";"Bacardi Pineapple";"Bacardi Pineapple";"0";"316.9";"0.7";"452.71";"Other spirit";"Glass";"32";"1.4147321"
"Vinmonopolet";"3959901";"Bacardi Mango";"Bacardi Mango";"0";"316.9";"0.7";"452.71";"Other spirit";"Glass";"32";"1.4147321"
"Vinmonopolet";"3960301";"Ch. LÃ©oube Sparkling de LÃ©oube";"Ch. LÃ©oube Sparkling de LÃ©oube";"2015";"333";"0.75";"444";"Musserende vin, rosÃ©";"Glass";"12.5";"3.552"
"Vinmonopolet";"3960305";"Ch. LÃ©oube Sparkling de LÃ©oube";"Ch. LÃ©oube Sparkling de LÃ©oube";"2015";"675";"1.5";"450";"Musserende vin, rosÃ©";"Glass";"12";"3.75"
"Vinmonopolet";"3961501";"Luis Seabra Xisto Cru 2016";"Luis Seabra Xisto Cru";"2016";"399";"0.75";"532";"RÃ¸dvin";"Glass";"12.5";"4.256"
"Vinmonopolet";"3961701";"Paddy Borthwick Riesling 2017";"Paddy Borthwick Riesling";"2017";"139.6";"0.75";"186.13";"White wine";"Glass";"12";"1.5511112"
"Vinmonopolet";"3961901";"Paddy Borthwick Sauvignon Blanc 2017";"Paddy Borthwick Sauvignon Blanc";"2017";"144.7";"0.75";"192.93";"White wine";"Glass";"13";"1.4841025"
"Vinmonopolet";"3962201";"Livio Felluga Friulano 2018";"Livio Felluga Friulano";"2018";"265";"0.75";"353.33";"White wine";"Glass";"13";"2.7179487"
"Vinmonopolet";"3962301";"Livio Felluga Sharis 2015";"Livio Felluga Sharis";"2015";"245";"0.75";"326.67";"White wine";"Glass";"12.5";"2.6133332"
"Vinmonopolet";"3962701";"Bibi Graetz Bollamatta";"Bibi Graetz Bollamatta";"0";"199.9";"0.75";"266.53";"Musserende vin, rosÃ©";"Glass";"12";"2.221111"
"Vinmonopolet";"3963201";"Gueguen Sauvignon Saint-Bris 2014";"Gueguen Sauvignon Saint-Bris";"2014";"178.8";"0.75";"238.4";"White wine";"Glass";"12";"1.9866667"
"Vinmonopolet";"3963301";"Colares Chitas 2000";"Colares Chitas";"2000";"400";"0.75";"533.33";"RÃ¸dvin";"Glass";"11";"4.848485"
"Vinmonopolet";"3963401";"Churchill's Late Bottled Vintage 2013";"Churchill's Late Bottled Vintage";"2013";"279.9";"0.75";"373.2";"Port wine";"Glass";"20";"1.8659999"
"Vinmonopolet";"3963502";"Churchill's 20 YO Tawny Port";"Churchill's 20 YO Tawny Port";"0";"349.9";"0.5";"699.8";"Port wine";"Glass";"19.5";"3.588718"
"Vinmonopolet";"3963702";"Churchill's 10 YO Tawny Port";"Churchill's 10 YO Tawny Port";"0";"249.9";"0.5";"499.8";"Port wine";"Glass";"19.5";"2.563077"
"Vinmonopolet";"3965601";"Markus Molitor Haus Klosterberg Pinot Noir RosÃ© 2017";"Markus Molitor Haus Klosterberg Pinot Noir RosÃ©";"2017";"144.9";"0.75";"193.2";"RosÃ©vin";"Glass";"11";"1.7563635"
"Vinmonopolet";"3966501";"Stift GÃ¶ttweig Ried Silberbichl Riesling 2015";"Stift GÃ¶ttweig Ried Silberbichl Riesling";"2015";"279.9";"0.75";"373.2";"White wine";"Glass";"13.5";"2.7644444"
"Vinmonopolet";"3966702";"Mickey Finn Scrumtious Strawberry";"Mickey Finn Scrumtious Strawberry";"0";"134.9";"0.5";"269.8";"Flavoured wine	";"Glass";"15";"1.7986666"
"Vinmonopolet";"3966801";"Cuvage Metodo Classico Nebbiolo RosÃ© Brut";"Cuvage Metodo Classico Nebbiolo RosÃ© Brut";"0";"259.9";"0.75";"346.53";"Musserende vin, rosÃ©";"Glass";"12";"2.8877778"
"Vinmonopolet";"3967001";"Castellblanc Organic Brut RosÃ©";"Castellblanc Organic Brut RosÃ©";"0";"169.9";"0.75";"226.53";"Musserende vin, rosÃ©";"Glass";"12";"1.8877777"
"Vinmonopolet";"3967401";"Jean Claude Courtault Petit Chablis 2016";"Jean Claude Courtault Petit Chablis";"2016";"188.2";"0.75";"250.93";"White wine";"Glass";"12.5";"2.0074666"
"Vinmonopolet";"3967501";"Jean Claude Courtault Chablis Grand Cru 2015";"Jean Claude Courtault Chablis Grand Cru";"2015";"433.1";"0.75";"577.47";"White wine";"Glass";"12.9";"4.476486"
"Vinmonopolet";"3967601";"Jean Claude Courtault Chablis 1er Cru 2015";"Jean Claude Courtault Chablis 1er Cru";"2015";"276.8";"0.75";"369.07";"White wine";"Glass";"12.8";"2.8833332"
"Vinmonopolet";"3968501";"Villa Job Piantagrane 2018";"Villa Job Piantagrane";"2018";"285";"0.75";"380";"White wine";"Glass";"13";"2.9230769"
"Vinmonopolet";"3968601";"Villa Job Bianco 2015";"Villa Job Bianco";"2015";"223.6";"0.75";"298.13";"White wine";"Glass";"12.5";"2.3850667"
"Vinmonopolet";"3968701";"Freixenet Mia Sangria Classic Royal";"Freixenet Mia Sangria Classic Royal";"0";"124.5";"0.75";"166";"Flavoured wine	";"Glass";"8.5";"1.9529412"
"Vinmonopolet";"3968801";"Freixenet Mia Sangria White Frizzante";"Freixenet Mia Sangria White Frizzante";"0";"124.5";"0.75";"166";"Flavoured wine	";"Glass";"7.5";"2.2133334"
"Vinmonopolet";"3969705";"William FÃ¨vre Petit Chablis 2015";"William FÃ¨vre Petit Chablis";"2015";"399.9";"1.5";"266.6";"White wine";"Glass";"12";"2.2216666"
"Vinmonopolet";"3969807";"William FÃ¨vre Chablis Domaine 2015";"William FÃ¨vre Chablis Domaine";"2015";"899.9";"3";"299.97";"White wine";"Glass";"12.5";"2.3997333"
"Vinmonopolet";"3970301";"Highland Park Ice Edition";"Highland Park Ice Edition";"0";"2219.9";"0.7";"3171.29";"Whisky";"Glass";"53.9";"5.8836465"
"Vinmonopolet";"3970901";"Heinz Eifel Riesling Auslese 2016";"Heinz Eifel Riesling Auslese";"2016";"145.1";"0.75";"193.47";"White wine";"Glass";"7.5";"2.5795557"
"Vinmonopolet";"3971101";"Heinz Eifel Riesling SpÃ¤tlese 2016";"Heinz Eifel Riesling SpÃ¤tlese";"2016";"145.3";"0.75";"193.73";"White wine";"Glass";"7.5";"2.583111"
"Vinmonopolet";"3971201";"Heinz Eifel Shine Riesling 2018";"Heinz Eifel Shine Riesling";"2018";"140.1";"0.75";"186.8";"White wine";"Glass";"10.5";"1.7790477"
"Vinmonopolet";"3971601";"Vinitrio La Fleur des Pins Sauvignon 2017";"Vinitrio La Fleur des Pins Sauvignon";"2017";"123";"0.75";"164";"White wine";"Glass";"12.5";"1.312"
"Vinmonopolet";"3971801";"Vinitrio La Fleur des Pins Marselan 2017";"Vinitrio La Fleur des Pins Marselan";"2017";"123";"0.75";"164";"RÃ¸dvin";"Glass";"13.5";"1.2148148"
"Vinmonopolet";"3972301";"Francesc Ricart Reserva Brut";"Francesc Ricart Reserva Brut";"2015";"169.1";"0.75";"225.47";"Sparkling wine";"Glass";"12";"1.878889"
"Vinmonopolet";"3972601";"La Conreria d'Scala Les Brugueres 2015";"La Conreria d'Scala Les Brugueres";"2015";"288.3";"0.75";"384.4";"White wine";"Glass";"13.5";"2.8474073"
"Vinmonopolet";"3972701";"Marco Pontarelli Barbera 2018";"Marco Pontarelli Barbera";"2018";"159.9";"0.75";"213.2";"RÃ¸dvin";"Glass";"12.5";"1.7055999"
"Vinmonopolet";"3972801";"Cederberg Bukettraube 2016";"Cederberg Bukettraube";"2016";"277";"0.75";"369.33";"White wine";"Glass";"13.5";"2.7358024"
"Vinmonopolet";"3972901";"Cederberg Merlot Shiraz 2016";"Cederberg Merlot Shiraz";"2016";"280";"0.75";"373.33";"RÃ¸dvin";"Glass";"14";"2.6666667"
"Vinmonopolet";"3973201";"Lanzerac Sauvignon Blanc 2015";"Lanzerac Sauvignon Blanc";"2015";"191";"0.75";"254.67";"White wine";"Glass";"14";"1.8190476"
"Vinmonopolet";"3973301";"Lanzerac Chardonnay 2016";"Lanzerac Chardonnay";"2016";"192";"0.75";"256";"White wine";"Glass";"14";"1.8285714"
"Vinmonopolet";"3973401";"Lanzerac Blanc de Blancs Brut 2015";"Lanzerac Blanc de Blancs Brut";"2015";"286";"0.75";"381.33";"Sparkling wine";"Glass";"13";"2.9333334"
"Vinmonopolet";"3973601";"Solar das Bou as Alvarinho 2018";"Solar das Bou as Alvarinho";"2018";"169.9";"0.75";"226.53";"White wine";"Glass";"12.5";"1.8122666"
"Vinmonopolet";"3974201";"La Raia Gavi 2018";"La Raia Gavi";"2018";"209.9";"0.75";"279.87";"White wine";"Glass";"12.5";"2.2389333"
"Vinmonopolet";"3974401";"Jaffelin Bourgogne Pinot Noir 2018";"Jaffelin Bourgogne Pinot Noir";"2018";"199.9";"0.75";"266.53";"RÃ¸dvin";"Glass";"13";"2.0502563"
"Vinmonopolet";"3974405";"Jaffelin Bourgogne Pinot Noir";"Jaffelin Bourgogne Pinot Noir";"0";"395";"1.5";"263.33";"RÃ¸dvin";"Glass";"12.5";"2.1066666"
"Vinmonopolet";"3974505";"Reichsrat Von Buhl Riesling Trocken 2017";"Reichsrat Von Buhl Riesling Trocken";"2017";"359.9";"1.5";"239.93";"White wine";"Glass";"12.5";"1.9194666"
"Vinmonopolet";"3975001";"Jean Loron MÃ¢con RosÃ© 2018";"Jean Loron MÃ¢con RosÃ©";"2018";"150";"0.75";"200";"RosÃ©vin";"Glass";"12";"1.6666666"
"Vinmonopolet";"3975301";"Chavy-Chouet Bourgogne Les Femelottes 2018";"Chavy-Chouet Bourgogne Les Femelottes";"2018";"213.9";"0.75";"285.2";"White wine";"Glass";"12.5";"2.2816"
"Vinmonopolet";"3975501";"Louis Bernard CÃ´te de Provence RosÃ© 2016";"Louis Bernard CÃ´te de Provence RosÃ©";"2016";"148.7";"0.75";"198.27";"RosÃ©vin";"Glass";"13";"1.5251281"
"Vinmonopolet";"3975701";"Oliver Zeter Riesling 2015";"Oliver Zeter Riesling";"2015";"165.7";"0.75";"220.93";"White wine";"Glass";"12";"1.8411111"
"Vinmonopolet";"3975901";"Black Tears Cuban Spiced";"Black Tears Cuban Spiced";"0";"374.9";"0.7";"535.57";"Other spirit";"Glass";"35";"1.530204"
"Vinmonopolet";"3976101";"Bod. Tajinaste Tinto Tradicional 2015";"Bod. Tajinaste Tinto Tradicional";"2015";"189.9";"0.75";"253.2";"RÃ¸dvin";"Glass";"13";"1.9476923"
"Vinmonopolet";"3977901";"Castello di Gabbiano Bellezza Chianti Classico Gran Selezione 2015";"Castello di Gabbiano Bellezza Chianti Classico Gran Selezione";"2015";"274.9";"0.75";"366.53";"RÃ¸dvin";"Glass";"14";"2.6180952"
"Vinmonopolet";"3978101";"CARM Maria de Lourdes 2015";"CARM Maria de Lourdes";"2015";"430";"0.75";"573.33";"RÃ¸dvin";"Glass";"14";"4.095238"
"Vinmonopolet";"3978201";"Martinolles CrÃ©mant de Limoux Brut 2017";"Martinolles CrÃ©mant de Limoux Brut";"2017";"159.9";"0.75";"213.2";"Sparkling wine";"Glass";"12";"1.7766666"
"Vinmonopolet";"3978301";"La Fuga Brunello di Montalcino 2014";"La Fuga Brunello di Montalcino";"2014";"419.9";"0.75";"559.87";"RÃ¸dvin";"Glass";"14";"3.9990475"
"Vinmonopolet";"3978401";"Cabreo il Borgo 2016";"Cabreo il Borgo";"2016";"375";"0.75";"500";"RÃ¸dvin";"Glass";"14";"3.5714285"
"Vinmonopolet";"3978501";"Nozzole Le Bruniche Chardonnay di Toscana 2018";"Nozzole Le Bruniche Chardonnay di Toscana";"2018";"214.9";"0.75";"286.53";"White wine";"Glass";"12.5";"2.2922666"
"Vinmonopolet";"3980201";"Lanson Green Label";"Lanson Green Label";"0";"599.9";"0.75";"799.87";"Champagne, brut";"Glass";"12.5";"6.3989334"
"Vinmonopolet";"3980301";"Pierre Ponnelle Chardonnay 2018";"Pierre Ponnelle Chardonnay";"2018";"144.9";"0.75";"193.2";"White wine";"Glass";"12";"1.6099999"
"Vinmonopolet";"3980601";"Kinn BrottsjÃ¸ Dobbel IndiaÃ¸l";"Kinn BrottsjÃ¸ Dobbel IndiaÃ¸l";"0";"115";"0.75";"153.33";"India pale ale";"Glass";"8.5";"1.8039216"
"Vinmonopolet";"3980801";"Eraldo Revelli RossÃ¨t Langhe Rosato 2015";"Eraldo Revelli RossÃ¨t Langhe Rosato";"2015";"229.9";"0.75";"306.53";"RosÃ©vin";"Glass";"12.5";"2.4522667"
"Vinmonopolet";"3980901";"Heidi SchrÃ¶ck RosÃ© Biscaya 2018";"Heidi SchrÃ¶ck RosÃ© Biscaya";"2018";"179.9";"0.75";"239.87";"RosÃ©vin";"Glass";"13.5";"1.77679"
"Vinmonopolet";"3981006";"Biagi Montepuliciano d'Abruzzo";"Biagi Montepuliciano d'Abruzzo";"2018";"400.8";"3";"133.6";"RÃ¸dvin";"Bag-in-box";"12.5";"1.0688"
"Vinmonopolet";"3981101";"Cloudy Bay Te Wahi 2016";"Cloudy Bay Te Wahi";"2016";"634.9";"0.75";"846.53";"RÃ¸dvin";"Glass";"14";"6.046667"
"Vinmonopolet";"3981301";"Allram Rosegartl GrÃ¼ner Veltliner 2018";"Allram Rosegartl GrÃ¼ner Veltliner";"2018";"259.9";"0.75";"346.53";"White wine";"Glass";"13.5";"2.5669136"
"Vinmonopolet";"3981401";"Allram GrÃ¼ner Renner GrÃ¼ner Veltliner Erste Lage 2018";"Allram GrÃ¼ner Renner GrÃ¼ner Veltliner Erste Lage";"2018";"299.9";"0.75";"399.87";"White wine";"Glass";"13.5";"2.9619753"
"Vinmonopolet";"3981601";"Notorious Pink 2019";"Notorious Pink";"2019";"169";"0.75";"225.33";"RosÃ©vin";"Glass";"11.5";"1.9594203"
"Vinmonopolet";"3982001";"Poggio Castagno Brunello di Montalcino 2013";"Poggio Castagno Brunello di Montalcino";"2013";"386.2";"0.75";"514.93";"RÃ¸dvin";"Glass";"13.5";"3.814321"
"Vinmonopolet";"3982101";"Scopone Brunello di Montalcino l'Olivare 2011";"Scopone Brunello di Montalcino l'Olivare";"2011";"430.7";"0.75";"574.27";"RÃ¸dvin";"Glass";"14.5";"3.96046"
"Vinmonopolet";"3982201";"Pascal Ricotier Chardonnay Blanc de Blancs";"Pascal Ricotier Chardonnay Blanc de Blancs";"0";"196.2";"0.75";"261.6";"Sparkling wine";"Glass";"12.5";"2.0928"
"Vinmonopolet";"3982701";"FranÃ§ois Crochet Sancerre 2018";"FranÃ§ois Crochet Sancerre";"2018";"334";"0.75";"445.33";"White wine";"Glass";"13";"3.425641"
"Vinmonopolet";"3983001";"LIOCO Russian River Chardonnay 2017";"LIOCO Russian River Chardonnay";"2017";"469";"0.75";"625.33";"White wine";"Glass";"13.7";"4.564477"
"Vinmonopolet";"3983201";"Roma Bianco 2015";"Roma Bianco";"2015";"164.6";"0.75";"219.47";"White wine";"Glass";"12.5";"1.7557334"
"Vinmonopolet";"3983301";"Dom. de Magord Clairette de Die Vincent";"Dom. de Magord Clairette de Die Vincent";"2018";"179.8";"0.75";"239.73";"Sparkling wine";"Glass";"7.5";"3.1964445"
"Vinmonopolet";"3983601";"Von Rieben Riesling 2015";"Von Rieben Riesling";"2015";"165.9";"0.75";"221.2";"White wine";"Glass";"12.5";"1.7695999"
"Vinmonopolet";"3983901";"Vino Casa Vital Azul Mediterraneo 2015";"Vino Casa Vital Azul Mediterraneo";"2015";"130.6";"0.75";"174.13";"Flavoured wine	";"Glass";"11.5";"1.514203"
"Vinmonopolet";"3984101";"Rede RosÃ©";"Rede RosÃ©";"2018";"185.2";"0.75";"246.93";"RosÃ©vin";"Glass";"12.5";"1.9754666"
"Vinmonopolet";"3984502";"Midtfyns Double India Pale Ale";"Midtfyns Double India Pale Ale";"0";"59.8";"0.33";"181.21";"India pale ale";"Glass";"9.2";"1.9696969"
"Vinmonopolet";"3984602";"Midtfyns Barley Wine";"Midtfyns Barley Wine";"0";"67.9";"0.33";"205.76";"Barley wine	";"Glass";"10";"2.0575757"
"Vinmonopolet";"3984702";"Midtfyns Chili Tripel";"Midtfyns Chili Tripel";"0";"66.9";"0.33";"202.73";"Trappist";"Glass";"9.2";"2.2035573"
"Vinmonopolet";"3984802";"Midtfyns Chili Tripel Ghost";"Midtfyns Chili Tripel Ghost";"0";"66.9";"0.33";"202.73";"Special";"Glass";"9.2";"2.2035573"
"Vinmonopolet";"3985101";"Laphroaig Lore";"Laphroaig Lore";"0";"1009.9";"0.7";"1442.71";"Whisky";"Glass";"48";"3.0056548"
"Vinmonopolet";"3985301";"Zanasi Intrigante Lambrusco Grasparossa di Castelvetro Frizzante RosÃ© 2016";"Zanasi Intrigante Lambrusco Grasparossa di Castelvetro Frizzante RosÃ©";"2016";"189";"0.75";"252";"Perlende vin, rosÃ©";"Glass";"11.5";"2.1913044"
"Vinmonopolet";"3986201";"Kranskop Cabernet Sauvignon 2014";"Kranskop Cabernet Sauvignon";"2014";"299.9";"0.75";"399.87";"RÃ¸dvin";"Glass";"13.5";"2.9619753"
"Vinmonopolet";"3987202";"Grim & Gryt The Number of the Yeast Sterk Staut";"Grim & Gryt The Number of the Yeast Sterk Staut";"0";"50";"0.33";"151.52";"Porter and stout";"Glass";"10.1";"1.5001498"
"Vinmonopolet";"3987706";"Lunaria Montepulciano d'Abruzzo 2018";"Lunaria Montepulciano d'Abruzzo";"2018";"499.9";"3";"166.63";"RÃ¸dvin";"Bag-in-box";"13.5";"1.234321"
"Vinmonopolet";"3988201";"Creation Pinot Noir 2017";"Creation Pinot Noir";"2017";"299.9";"0.75";"399.87";"RÃ¸dvin";"Glass";"14.5";"2.7577012"
"Vinmonopolet";"3988401";"Vietti Moscato dâAsti Cascinetta 2018";"Vietti Moscato dâAsti Cascinetta";"2018";"199.9";"0.75";"266.53";"Sparkling white wine";"Glass";"5";"5.3306665"
"Vinmonopolet";"3988601";"Carobbio Chianti Classico 2014";"Carobbio Chianti Classico";"2014";"219.9";"0.75";"293.2";"RÃ¸dvin";"Glass";"13.5";"2.1718519"
"Vinmonopolet";"3988701";"A.D. Coutelas Eloge Premier Cru Blanc de Blancs Brut";"A.D. Coutelas Eloge Premier Cru Blanc de Blancs Brut";"2014";"484";"0.75";"645.33";"Champagne, brut";"Glass";"12";"5.3777776"
"Vinmonopolet";"3989301";"Ayala CuvÃ©e Perle d'Ayala 2006";"Ayala CuvÃ©e Perle d'Ayala";"2006";"1049.9";"0.75";"1399.87";"Champagne, brut";"Glass";"12";"11.665556"
"Vinmonopolet";"3989901";"Pol Roger RosÃ© Brut 2012";"Pol Roger RosÃ© Brut";"2012";"689";"0.75";"918.67";"Champagne, rosÃ©";"Glass";"12.5";"7.3493333"
"Vinmonopolet";"3990001";"Ravenswood Vintners Blend Chardonnay 2016";"Ravenswood Vintners Blend Chardonnay";"2016";"174.9";"0.75";"233.2";"White wine";"Glass";"13.5";"1.7274073"
"Vinmonopolet";"3990601";"Albino Armani Moscato";"Albino Armani Moscato";"0";"129.9";"0.75";"173.2";"Sparkling wine";"Glass";"7";"2.4742856"
"Vinmonopolet";"3992101";"Gordon & MacPhail Smith's Glenlivet 21 YO";"Gordon & MacPhail Smith's Glenlivet 21 YO";"0";"2449.4";"0.7";"3499.14";"Whisky";"Glass";"43";"8.137542"
"Vinmonopolet";"3993401";"Gordon & MacPhail Clynelish Connoisseurs Choice 1993";"Gordon & MacPhail Clynelish Connoisseurs Choice";"1993";"1555.1";"0.7";"2221.57";"Whisky";"Glass";"43";"5.1664453"
"Vinmonopolet";"3993701";"Gordon & MacPhail Mortlach Rare Vintage 1984";"Gordon & MacPhail Mortlach Rare Vintage";"1984";"6262";"0.7";"8945.71";"Whisky";"Glass";"43";"20.803988"
"Vinmonopolet";"3994101";"Blackadder Raw Cask Glenrothes 24 YO 1989";"Blackadder Raw Cask Glenrothes 24 YO";"1989";"3406";"0.7";"4865.71";"Whisky";"Glass";"54.8";"8.879041"
"Vinmonopolet";"3994201";"Blackadder Raw Cask Glencadam 21 YO 1991";"Blackadder Raw Cask Glencadam 21 YO";"1991";"2253.1";"0.7";"3218.71";"Whisky";"Glass";"56.3";"5.7170773"
"Vinmonopolet";"3994702";"Balder Grabokk";"Balder Grabokk";"0";"64.5";"0.33";"195.46";"MÃ¸rk lager";"Glass";"6";"3.2575755"
"Vinmonopolet";"3994802";"Balder Eplepils";"Balder Eplepils";"0";"61.5";"0.33";"186.36";"Special";"Glass";"5.5";"3.3884296"
"Vinmonopolet";"3994902";"Balder Stabokk";"Balder Stabokk";"0";"64.5";"0.33";"195.45";"MÃ¸rk lager";"Glass";"6.2";"3.1524925"
"Vinmonopolet";"3995002";"Balder Harald HÃ¥rfagre-Ãl";"Balder Harald HÃ¥rfagre-Ãl";"0";"64.5";"0.33";"195.45";"Special";"Glass";"5.7";"3.429027"
"Vinmonopolet";"3995101";"Legado del Moncayo Garnacha 2018";"Legado del Moncayo Garnacha";"2018";"150";"0.75";"200";"RÃ¸dvin";"Glass";"14";"1.4285715"
"Vinmonopolet";"3995201";"Legado del Moncayo Montana Garnacha Old Vines 2018";"Legado del Moncayo Montana Garnacha Old Vines";"2018";"179.9";"0.75";"239.87";"RÃ¸dvin";"Glass";"14";"1.7133332"
"Vinmonopolet";"3995301";"Guido Marsella Fiano di Avellino 2013";"Guido Marsella Fiano di Avellino";"2013";"169.3";"0.75";"225.73";"White wine";"Glass";"13.5";"1.6720988"
"Vinmonopolet";"3995601";"Rafael Palacios As Sortes 2018";"Rafael Palacios As Sortes";"2018";"485";"0.75";"646.67";"White wine";"Glass";"14";"4.6190476"
"Vinmonopolet";"3996301";"Crystallum Clay Shales Chardonnay";"Crystallum Clay Shales Chardonnay";"2018";"499.9";"0.75";"666.53";"White wine";"Glass";"13";"5.1271796"
"Vinmonopolet";"3996401";"Dog Point Chardonnay 2017";"Dog Point Chardonnay";"2017";"330";"0.75";"440";"White wine";"Glass";"13.5";"3.2592592"
"Vinmonopolet";"3996501";"Dog Point Pinot Noir 2017";"Dog Point Pinot Noir";"2017";"360";"0.75";"480";"RÃ¸dvin";"Glass";"14";"3.4285715"
"Vinmonopolet";"3996601";"Dog Point Section 94 2016";"Dog Point Section 94";"2016";"332";"0.75";"442.67";"White wine";"Glass";"14";"3.1619048"
"Vinmonopolet";"3996701";"Dog Point Sauvignon Blanc 2018";"Dog Point Sauvignon Blanc";"2018";"250";"0.75";"333.33";"White wine";"Glass";"13";"2.5641026"
"Vinmonopolet";"4000001";"Cant. Terlano Nova Domus Terlaner Riserva 2015";"Cant. Terlano Nova Domus Terlaner Riserva";"2015";"450";"0.75";"600";"White wine";"Glass";"14.5";"4.137931"
"Vinmonopolet";"4001602";"Kuemmerling";"Kuemmerling";"0";"269.9";"0.5";"539.8";"LikÃ¸r";"Glass";"35";"1.5422857"
"Vinmonopolet";"4001608";"Kuemmerling (3x2cl)";"Kuemmerling (3x2cl)";"0";"79.9";"0.06";"1331.67";"LikÃ¸r";"Ãvrig";"35";"3.8047621"
"Vinmonopolet";"4003801";"Dom. de Sahari 2018";"Dom. de Sahari";"2018";"139.9";"0.75";"186.53";"RÃ¸dvin";"Glass";"13";"1.4348717"
"Vinmonopolet";"4004002";"Drappier Carte d'Or Brut";"Drappier Carte d'Or Brut";"0";"185";"0.38";"493.33";"Champagne, brut";"Glass";"12";"4.057018"
"Vinmonopolet";"4004401";"Pierre Gimonnet CuvÃ©e Cuis 1er Cru Brut";"Pierre Gimonnet CuvÃ©e Cuis 1er Cru Brut";"0";"399.9";"0.75";"533.2";"Champagne, brut";"Glass";"12.5";"4.2655997"
"Vinmonopolet";"4004901";"Pierre Peters CuvÃ©e de Reserve Grand Cru, Brut";"Pierre Peters CuvÃ©e de Reserve Grand Cru, Brut";"0";"399.9";"0.75";"533.2";"Champagne, brut";"Glass";"12";"4.443333"
"Vinmonopolet";"4005301";"Diebolt-Vallois Brut Prestige";"Diebolt-Vallois Brut Prestige";"0";"408.4";"0.75";"544.53";"Champagne, brut";"Glass";"12.5";"4.3562665"
"Vinmonopolet";"4006302";"Royal Tokaji AszÃº 6 Puttonyos Betsek 2013";"Royal Tokaji AszÃº 6 Puttonyos Betsek";"2013";"799.9";"0.5";"1599.8";"White wine";"Glass";"11";"14.543637"
"Vinmonopolet";"4006901";"Ch. Belgrave 2014";"Ch. Belgrave";"2014";"499";"0.75";"665.33";"RÃ¸dvin";"Glass";"13";"5.1179485"
"Vinmonopolet";"4010701";"Banfi Grappa di Brunello";"Banfi Grappa di Brunello";"0";"699.9";"0.7";"999.86";"Grape spirit";"Glass";"45";"2.221905"
"Vinmonopolet";"4010801";"ViÃ±a Maipo Mi Pueblo Cabernet Sauvignon 2019";"ViÃ±a Maipo Mi Pueblo Cabernet Sauvignon";"2019";"98.9";"0.75";"131.87";"RÃ¸dvin";"Glass";"11.5";"1.1466666"
"Vinmonopolet";"4010806";"ViÃ±a Maipo Mi Pueblo Cabernet Sauvignon 2019";"ViÃ±a Maipo Mi Pueblo Cabernet Sauvignon";"2019";"346.9";"3";"115.63";"RÃ¸dvin";"Bag-in-box";"11.5";"1.0055072"
"Vinmonopolet";"4013701";"Ch. Ksara RÃ©serve du Couvent 2017";"Ch. Ksara RÃ©serve du Couvent";"2017";"189.9";"0.75";"253.2";"RÃ¸dvin";"Glass";"13.5";"1.8755555"
"Vinmonopolet";"4014705";"Muga SelecciÃ³n Especial 2014";"Muga SelecciÃ³n Especial";"2014";"839.9";"1.5";"559.93";"RÃ¸dvin";"Glass";"14";"3.9995239"
"Vinmonopolet";"4017001";"Fontanabianca Barbaresco Bordini 2016";"Fontanabianca Barbaresco Bordini";"2016";"499.9";"0.75";"666.53";"RÃ¸dvin";"Glass";"14.5";"4.5967817"
"Vinmonopolet";"4017501";"Bruno Giacosa Dolcetto d'Alba 2016";"Bruno Giacosa Dolcetto d'Alba";"2016";"285.2";"0.75";"380.27";"RÃ¸dvin";"Glass";"13";"2.9251282"
"Vinmonopolet";"4017901";"Ruvei Barbera d'Alba 2017";"Ruvei Barbera d'Alba";"2017";"169.9";"0.75";"226.53";"RÃ¸dvin";"Glass";"13";"1.7425641"
"Vinmonopolet";"4017902";"Ruvei Barbera d'Alba 2018";"Ruvei Barbera d'Alba";"2018";"101.9";"0.38";"271.73";"RÃ¸dvin";"Glass";"14";"1.9154136"
"Vinmonopolet";"4017905";"Ruvei Barbera d'Alba 2017";"Ruvei Barbera d'Alba";"2017";"439.9";"1.5";"293.27";"RÃ¸dvin";"Glass";"13.5";"2.1723456"
"Vinmonopolet";"4019201";"Sct. Valentin SÃ¼dtiroler Chardonnay 2017";"Sct. Valentin SÃ¼dtiroler Chardonnay";"2017";"365";"0.75";"486.67";"White wine";"Glass";"13.5";"3.6049383"
"Vinmonopolet";"4019701";"SÃ¼dtiroler Montiggl Riesling 2018";"SÃ¼dtiroler Montiggl Riesling";"2018";"255";"0.75";"340";"White wine";"Glass";"13.5";"2.5185184"
"Vinmonopolet";"4019901";"Bellavista Convento della Annunciata 2016";"Bellavista Convento della Annunciata";"2016";"465";"0.75";"620";"White wine";"Glass";"13.5";"4.5925927"
"Vinmonopolet";"4020201";"Bruno Giacosa Roero Arneis 2018";"Bruno Giacosa Roero Arneis";"2018";"315";"0.75";"420";"White wine";"Glass";"13.5";"3.1111112"
"Vinmonopolet";"4023801";"Perrin CÃ´tes du RhÃ´ne RÃ©serve 2017";"Perrin CÃ´tes du RhÃ´ne RÃ©serve";"2017";"168.9";"0.75";"225.2";"RÃ¸dvin";"Glass";"14";"1.6085714"
"Vinmonopolet";"4024301";"Pelissero Munfrina Dolcetto d'Alba 2016";"Pelissero Munfrina Dolcetto d'Alba";"2016";"196";"0.75";"261.33";"RÃ¸dvin";"Glass";"13.5";"1.9358025"
"Vinmonopolet";"4025501";"Jean Fillioux Cep d'Or";"Jean Fillioux Cep d'Or";"0";"849.9";"0.7";"1214.14";"Grape spirit";"Glass";"40";"3.0353572"
"Vinmonopolet";"4027601";"Alamos Cabernet Sauvignon 2019";"Alamos Cabernet Sauvignon";"2019";"139.9";"0.75";"186.53";"RÃ¸dvin";"Glass";"13.5";"1.3817283"
"Vinmonopolet";"4027701";"Alamos Malbec 2018";"Alamos Malbec";"2018";"139.9";"0.75";"186.53";"RÃ¸dvin";"Glass";"13.5";"1.3817283"
"Vinmonopolet";"4027702";"Alamos Malbec 2017";"Alamos Malbec";"2017";"83.9";"0.38";"223.73";"RÃ¸dvin";"Glass";"12.5";"1.7663158"
"Vinmonopolet";"4028701";"Quinta do Noval Unfiltered LBV 2013";"Quinta do Noval Unfiltered LBV";"2013";"299.9";"0.75";"399.87";"Port wine";"Glass";"19.5";"2.0505981"
"Vinmonopolet";"4029301";"Badia a Coltibuono Chianti Classico Riserva 2013";"Badia a Coltibuono Chianti Classico Riserva";"2013";"324.9";"0.75";"433.2";"RÃ¸dvin";"Glass";"14";"3.0942857"
"Vinmonopolet";"4031801";"MarquÃ©s de CÃ¡ceres Reserva 2014";"MarquÃ©s de CÃ¡ceres Reserva";"2014";"235";"0.75";"313.33";"RÃ¸dvin";"Glass";"14.5";"2.1609194"
"Vinmonopolet";"4032101";"Rioja BordÃ³n Crianza 2015";"Rioja BordÃ³n Crianza";"2015";"154.9";"0.75";"206.53";"RÃ¸dvin";"Glass";"13.5";"1.5298765"
"Vinmonopolet";"4033201";"Jaime I";"Jaime I";"0";"949.9";"0.7";"1357";"Grape spirit";"Glass";"38";"3.5710528"
"Vinmonopolet";"4034601";"Andresen Ruby";"Andresen Ruby";"0";"239.9";"0.75";"319.87";"Port wine";"Glass";"19.5";"1.6403419"
"Vinmonopolet";"4034701";"Andresen Dry White";"Andresen Dry White";"0";"269.9";"0.75";"359.87";"Port wine";"Glass";"19.5";"1.8454701"
"Vinmonopolet";"4035201";"Dooley's Toffee Liqueur";"Dooley's Toffee Liqueur";"0";"214.9";"0.7";"307";"LikÃ¸r";"Glass";"17";"1.8058823"
"Vinmonopolet";"4035202";"Dooley's Toffee Liqueur";"Dooley's Toffee Liqueur";"0";"116.9";"0.35";"334";"LikÃ¸r";"Glass";"17";"1.964706"
"Vinmonopolet";"4035401";"Gaudium Gran Vino 2014";"Gaudium Gran Vino";"2014";"629.9";"0.75";"839.87";"RÃ¸dvin";"Glass";"14.5";"5.7921844"
"Vinmonopolet";"4035501";"Ladoucette Pouilly-FumÃ© 2018";"Ladoucette Pouilly-FumÃ©";"2018";"384.9";"0.75";"513.2";"White wine";"Glass";"12.5";"4.1056"
"Vinmonopolet";"4035601";"Comte Lafond Grande CuvÃ©e 2017";"Comte Lafond Grande CuvÃ©e";"2017";"489.9";"0.75";"653.2";"White wine";"Glass";"12.5";"5.2256"
"Vinmonopolet";"4039101";"Dom. du Colombier Hermitage 2017";"Dom. du Colombier Hermitage";"2017";"649.9";"0.75";"866.53";"RÃ¸dvin";"Glass";"14";"6.189524"
"Vinmonopolet";"4043501";"Livon Collio Pinot Grigio 2018";"Livon Collio Pinot Grigio";"2018";"199.9";"0.75";"266.53";"White wine";"Glass";"12.5";"2.1322665"
"Vinmonopolet";"4052101";"Casa Silva Reserva CarmenÃ¨re 2018";"Casa Silva Reserva CarmenÃ¨re";"2018";"164.9";"0.75";"219.87";"RÃ¸dvin";"Glass";"14";"1.5704762"
"Vinmonopolet";"4052701";"Paladin Refosco 2018";"Paladin Refosco";"2018";"128";"0.75";"170.67";"RÃ¸dvin";"Glass";"12.5";"1.3653333"
"Vinmonopolet";"4056701";"Ostertag Fronholz Riesling 2018";"Ostertag Fronholz Riesling";"2018";"352";"0.75";"469.33";"White wine";"Glass";"14";"3.352381"
"Vinmonopolet";"4056902";"Isole e Olena Vin Santo del Chianti Classico 2009";"Isole e Olena Vin Santo del Chianti Classico";"2009";"394";"0.38";"1050.67";"White wine";"Glass";"13";"7.9757085"
"Vinmonopolet";"4057201";"Dupont Calvados Pays d'Auge RÃ©serve";"Dupont Calvados Pays d'Auge RÃ©serve";"0";"565";"0.7";"807.14";"Fruit spirit";"Glass";"42";"1.9217688"
"Vinmonopolet";"4057301";"Dupont Calvados Pays d'Auge 12 Ans";"Dupont Calvados Pays d'Auge 12 Ans";"0";"775";"0.7";"1107.14";"Fruit spirit";"Glass";"42";"2.6360545"
"Vinmonopolet";"4057401";"Dupont Calvados Pays d'Auge 20 Ans";"Dupont Calvados Pays d'Auge 20 Ans";"0";"1099.9";"0.7";"1571.29";"Fruit spirit";"Glass";"42";"3.7411566"
"Vinmonopolet";"4067901";"Marchesi di Barolo Barbera Monferrato 2016";"Marchesi di Barolo Barbera Monferrato";"2016";"159.9";"0.75";"213.2";"RÃ¸dvin";"Glass";"13";"1.64"
"Vinmonopolet";"4068201";"San Michele Appiano SÃ¼dtiroler Weissburgunder Pinot Bianco 2016";"San Michele Appiano SÃ¼dtiroler Weissburgunder Pinot Bianco";"2016";"199.9";"0.75";"266.53";"White wine";"Glass";"13.5";"1.9743209"
"Vinmonopolet";"4068801";"Jermann Vinnae 2015";"Jermann Vinnae";"2015";"365";"0.75";"486.67";"White wine";"Glass";"12.5";"3.8933334"
"Vinmonopolet";"4068901";"Jermann Chardonnay 2016";"Jermann Chardonnay";"2016";"365";"0.75";"486.67";"White wine";"Glass";"13";"3.7435896"
"Vinmonopolet";"4073001";"Fumaio 2017";"Fumaio";"2017";"159.9";"0.75";"213.2";"White wine";"Glass";"12";"1.7766666"
"Vinmonopolet";"4073201";"Roberto Anselmi Capitel Croce 2018";"Roberto Anselmi Capitel Croce";"2018";"239.9";"0.75";"319.87";"White wine";"Glass";"13";"2.4605129"
"Vinmonopolet";"4073301";"Anselmi Capitel Foscarino 2018";"Anselmi Capitel Foscarino";"2018";"239.9";"0.75";"319.87";"White wine";"Glass";"13";"2.4605129"
"Vinmonopolet";"4073401";"Anselmi San Vincenzo 2019";"Anselmi San Vincenzo";"2019";"159.9";"0.75";"213.2";"White wine";"Glass";"12.5";"1.7055999"
"Vinmonopolet";"4073405";"Anselmi San Vincenzo 2018";"Anselmi San Vincenzo";"2018";"349.9";"1.5";"233.27";"White wine";"Glass";"12.5";"1.8661333"
"Vinmonopolet";"4073901";"Bellavista Franciacorta Brut 2014";"Bellavista Franciacorta Brut";"2014";"525";"0.75";"700";"Sparkling wine";"Glass";"12.5";"5.6"
"Vinmonopolet";"4079001";"Tullamore Dew 12 Years Old";"Tullamore Dew 12 Years Old";"0";"699.9";"0.7";"999.86";"Whisky";"Glass";"40";"2.499643"
"Vinmonopolet";"4080301";"Von Buhl Forster Pechstein Riesling Grosses GewÃ¤chs 2014";"Von Buhl Forster Pechstein Riesling Grosses GewÃ¤chs";"2014";"699.9";"0.75";"933.2";"White wine";"Glass";"13.5";"6.912593"
"Vinmonopolet";"4080801";"Nittardi Chianti Classico Artist Label 2017";"Nittardi Chianti Classico Artist Label";"2017";"299.9";"0.75";"399.87";"RÃ¸dvin";"Glass";"13.5";"2.9619753"
"Vinmonopolet";"4080901";"Bellavista Franciacorta RosÃ© 2015";"Bellavista Franciacorta RosÃ©";"2015";"525";"0.75";"700";"Musserende vin, rosÃ©";"Glass";"12.5";"5.6"
"Vinmonopolet";"4081001";"Nittardi Chianti Classico Riserva 2015";"Nittardi Chianti Classico Riserva";"2015";"495";"0.75";"660";"RÃ¸dvin";"Glass";"14";"4.714286"
"Vinmonopolet";"4081401";"Jermann Were Dreams 2015";"Jermann Were Dreams";"2015";"575";"0.75";"766.67";"White wine";"Glass";"13.5";"5.6790123"
"Vinmonopolet";"4089001";"De Muller Legitim Priorat 2017";"De Muller Legitim Priorat";"2017";"209.9";"0.75";"279.87";"RÃ¸dvin";"Glass";"14.5";"1.9301149"
"Vinmonopolet";"4091201";"Villa Monteleone Amarone 2009";"Villa Monteleone Amarone";"2009";"574.9";"0.75";"766.53";"RÃ¸dvin";"Glass";"16";"4.7908335"
"Vinmonopolet";"4091401";"Campo Santa Lena Valpolicella Classico 2015";"Campo Santa Lena Valpolicella Classico";"2015";"189.7";"0.75";"252.93";"RÃ¸dvin";"Glass";"12";"2.1077778"
"Vinmonopolet";"4091501";"CodornÃ­u Clasico, Brut";"CodornÃ­u Clasico, Brut";"0";"129.9";"0.75";"173.2";"Sparkling wine";"Glass";"11.5";"1.5060868"
"Vinmonopolet";"4093301";"Moccagatta Dolcetto d'Alba 2015";"Moccagatta Dolcetto d'Alba";"2015";"245";"0.75";"326.67";"RÃ¸dvin";"Glass";"12.5";"2.6133332"
"Vinmonopolet";"4093701";"Jermann Vintage Tunina 2017";"Jermann Vintage Tunina";"2017";"575";"0.75";"766.67";"White wine";"Glass";"13.5";"5.6790123"
"Vinmonopolet";"4093901";"Fontanabianca Barbera d'Alba 2017";"Fontanabianca Barbera d'Alba";"2017";"225";"0.75";"300";"RÃ¸dvin";"Glass";"14";"2.142857"
"Vinmonopolet";"4105801";"Olivier Leflaive Bourgogne Blanc Les SÃ©tilles";"Olivier Leflaive Bourgogne Blanc Les SÃ©tilles";"2017";"289.9";"0.75";"386.53";"White wine";"Glass";"13";"2.9733334"
"Vinmonopolet";"4106301";"Villa Cafaggio Chianti Classico Riserva 2014";"Villa Cafaggio Chianti Classico Riserva";"2014";"329.9";"0.75";"439.87";"RÃ¸dvin";"Glass";"13.5";"3.2582715"
"Vinmonopolet";"4106501";"Quintarelli Amarone Valpolicella Classico 2011";"Quintarelli Amarone Valpolicella Classico";"2011";"2899.9";"0.75";"3866.53";"RÃ¸dvin";"Glass";"16.5";"23.433535"
"Vinmonopolet";"4106505";"Quintarelli Amarone Valpolicella Classico 2005";"Quintarelli Amarone Valpolicella Classico";"2005";"7134.9";"1.5";"4756.6";"RÃ¸dvin";"Glass";"16.5";"28.827879"
"Vinmonopolet";"4106601";"Baron de Ley Finca Monasterio 2016";"Baron de Ley Finca Monasterio";"2016";"294.9";"0.75";"393.2";"RÃ¸dvin";"Glass";"14";"2.8085713"
"Vinmonopolet";"4106701";"J.P. Chenet Merlot 2018";"J.P. Chenet Merlot";"2018";"126.9";"0.75";"169.2";"RÃ¸dvin";"Glass";"12";"1.41"
"Vinmonopolet";"4106704";"J.P. Chenet Merlot 2018";"J.P. Chenet Merlot";"2018";"62.9";"0.25";"251.6";"RÃ¸dvin";"Glass";"13.5";"1.8637037"
"Vinmonopolet";"4106706";"J.P. Chenet Merlot 2018";"J.P. Chenet Merlot";"2018";"429.9";"3";"143.3";"RÃ¸dvin";"Bag-in-box";"12";"1.1941667"
"Vinmonopolet";"4107002";"Jaboulet Muscat de Beaume de Venise Le Chant des Griolles 2018";"Jaboulet Muscat de Beaume de Venise Le Chant des Griolles";"2018";"229.9";"0.38";"613.07";"Fortified wine";"Glass";"15";"4.0333333"
"Vinmonopolet";"4109901";"Chapelle du Bois 2019";"Chapelle du Bois";"2019";"119.9";"0.75";"159.87";"RÃ¸dvin";"Glass";"12.5";"1.2789334"
"Vinmonopolet";"4109902";"Chapelle du Bois 2017";"Chapelle du Bois";"2017";"71.9";"0.38";"191.73";"RÃ¸dvin";"Glass";"12";"1.5767545"
"Vinmonopolet";"4113101";"CastaÃ±o HÃ©cula Monastrell";"CastaÃ±o HÃ©cula Monastrell";"2017";"169.9";"0.75";"226.53";"RÃ¸dvin";"Glass";"14";"1.6180952"
"Vinmonopolet";"4113201";"Kopke Colheita 1975";"Kopke Colheita";"1975";"919.9";"0.75";"1226.53";"Port wine";"Glass";"20";"6.132667"
"Vinmonopolet";"4113402";"De Kuyper Sour Apple";"De Kuyper Sour Apple";"0";"199.9";"0.5";"399.8";"LikÃ¸r";"Glass";"15";"2.6653333"
"Vinmonopolet";"4115001";"Absente 55";"Absente 55";"0";"574.9";"0.7";"821.29";"LikÃ¸r";"Glass";"55";"1.4932468"
"Vinmonopolet";"4115003";"Absente 55";"Absente 55";"0";"117.9";"0.1";"1179";"LikÃ¸r";"Glass";"55";"2.1436365"
"Vinmonopolet";"4117907";"Periquita 2016";"Periquita";"2016";"2791.9";"9";"310.21";"RÃ¸dvin";"Glass";"13";"2.3862393"
"Vinmonopolet";"4118201";"Sunrise Chardonnay 2019";"Sunrise Chardonnay";"2019";"98.9";"0.75";"131.87";"White wine";"Glass";"11.5";"1.1466666"
"Vinmonopolet";"4118306";"ViÃ±a Maipo Mi Pueblo Sauvignon Blanc 2019";"ViÃ±a Maipo Mi Pueblo Sauvignon Blanc";"2019";"339.9";"3";"113.3";"White wine";"Bag-in-box";"11";"1.03"
"Vinmonopolet";"4122902";"Alambre Moscatel de SetÃºbal 20 YO";"Alambre Moscatel de SetÃºbal 20 YO";"0";"359.9";"0.5";"719.8";"Fortified wine";"Glass";"18";"3.9988887"
"Vinmonopolet";"4123402";"Fisherstorm";"Fisherstorm";"0";"230.5";"0.5";"461";"Flavoured wine	";"Glass";"21.5";"2.144186"
"Vinmonopolet";"4123901";"Poggio alle Mura Brunello di Montalcino 2014";"Poggio alle Mura Brunello di Montalcino";"2014";"674.9";"0.75";"899.87";"RÃ¸dvin";"Glass";"13.5";"6.6656795"
"Vinmonopolet";"4124001";"SÃ¼dtiroler Sauvignon Lahn 2018";"SÃ¼dtiroler Sauvignon Lahn";"2018";"255";"0.75";"340";"White wine";"Glass";"14";"2.4285715"
"Vinmonopolet";"4124101";"Livon Collio Sauvignon 2018";"Livon Collio Sauvignon";"2018";"199.9";"0.75";"266.53";"White wine";"Glass";"12.5";"2.1322665"
"Vinmonopolet";"4124201";"Sanct Valentin SÃ¼dtiroler Sauvignon 2018";"Sanct Valentin SÃ¼dtiroler Sauvignon";"2018";"365";"0.75";"486.67";"White wine";"Glass";"14.5";"3.3563218"
"Vinmonopolet";"4124301";"Sct. Valentin SÃ¼dtiroler Pinot Grigio 2017";"Sct. Valentin SÃ¼dtiroler Pinot Grigio";"2017";"365";"0.75";"486.67";"White wine";"Glass";"14";"3.4761906"
"Vinmonopolet";"4124601";"Cannubi Barolo 2014";"Cannubi Barolo";"2014";"599.9";"0.75";"799.87";"RÃ¸dvin";"Glass";"14";"5.7133336"
"Vinmonopolet";"4124605";"Cannubi Barolo 2014";"Cannubi Barolo";"2014";"1190";"1.5";"793.33";"RÃ¸dvin";"Glass";"14";"5.6666665"
"Vinmonopolet";"4125601";"Drappier Brut Nature";"Drappier Brut Nature";"0";"359.9";"0.75";"479.87";"Champagne extra brut";"Glass";"12";"3.9988887"
"Vinmonopolet";"4126501";"Absolut Vodka";"Absolut Vodka";"0";"454.9";"1";"454.9";"Vodka";"Glass";"40";"1.13725"
"Vinmonopolet";"4126502";"Absolut Vodka";"Absolut Vodka";"0";"249.9";"0.5";"499.8";"Vodka";"Glass";"40";"1.2494999"
"Vinmonopolet";"4126503";"Absolut Vodka";"Absolut Vodka";"0";"59.9";"0.05";"1198";"Vodka";"Glass";"40";"2.9950001"
"Vinmonopolet";"4126602";"Absolut Citron";"Absolut Citron";"0";"257.9";"0.5";"515.8";"Vodka";"Glass";"40";"1.2895"
"Vinmonopolet";"4126701";"Caparzo Sangiovese 2018";"Caparzo Sangiovese";"2018";"139.9";"0.75";"186.53";"RÃ¸dvin";"Glass";"13";"1.4348717"
"Vinmonopolet";"4127601";"Montes Cabernet Sauvignon 2017";"Montes Cabernet Sauvignon";"2017";"189";"0.75";"252";"RÃ¸dvin";"Glass";"14";"1.8"
"Vinmonopolet";"4128101";"Moccagatta Barbera d'Alba 2018";"Moccagatta Barbera d'Alba";"2018";"285";"0.75";"380";"RÃ¸dvin";"Glass";"14";"2.7142856"
"Vinmonopolet";"4128801";"Marchesi di Barolo Madonna del Dono Dolcetto dÂ´Alba 2018";"Marchesi di Barolo Madonna del Dono Dolcetto dÂ´Alba";"2018";"200";"0.75";"266.67";"RÃ¸dvin";"Glass";"13.5";"1.9753087"
"Vinmonopolet";"4132702";"HofbrÃ¤u MÃ¼nchner Weisse";"HofbrÃ¤u MÃ¼nchner Weisse";"0";"58.2";"0.5";"116.4";"HveteÃ¸l";"Glass";"5.1";"2.282353"
"Vinmonopolet";"4137801";"MoÃ«t & Chandon ImpÃ©rial RosÃ©";"MoÃ«t & Chandon ImpÃ©rial RosÃ©";"0";"459.9";"0.75";"613.2";"Champagne, rosÃ©";"Glass";"12";"5.11"
"Vinmonopolet";"4137804";"MoÃ«t & Chandon ImpÃ©rial RosÃ©";"MoÃ«t & Chandon ImpÃ©rial RosÃ©";"0";"164.9";"0.2";"824.5";"Champagne, rosÃ©";"Glass";"12";"6.870833"
"Vinmonopolet";"4137805";"MoÃ«t & Chandon ImpÃ©rial RosÃ©";"MoÃ«t & Chandon ImpÃ©rial RosÃ©";"0";"1349.9";"1.5";"899.93";"Champagne, rosÃ©";"Glass";"12";"7.4994445"
"Vinmonopolet";"4137901";"Bila-Haut Occultum Lapidem 2016";"Bila-Haut Occultum Lapidem";"2016";"239.9";"0.75";"319.87";"RÃ¸dvin";"Glass";"15.5";"2.0636559"
"Vinmonopolet";"4138101";"Mas Amiel Vintage 1980";"Mas Amiel Vintage";"1980";"752";"0.75";"1002.67";"Fortified wine";"Glass";"16";"6.266667"
"Vinmonopolet";"4139601";"Schmitt Glintzberg Riesling 2018";"Schmitt Glintzberg Riesling";"2018";"220";"0.75";"293.33";"White wine";"Glass";"14";"2.0952382"
"Vinmonopolet";"4139701";"MalvirÃ  Barbera d'Alba 2017";"MalvirÃ  Barbera d'Alba";"2017";"239.9";"0.75";"319.87";"RÃ¸dvin";"Glass";"14.5";"2.205977"
"Vinmonopolet";"4139801";"Alfieri La Tota Barbera d'Asti 2015";"Alfieri La Tota Barbera d'Asti";"2015";"253.9";"0.75";"338.53";"RÃ¸dvin";"Glass";"14.5";"2.3347125"
"Vinmonopolet";"4140101";"Ragnaud-Sabourin FlorilÃ¨ge Grande Champagne";"Ragnaud-Sabourin FlorilÃ¨ge Grande Champagne";"0";"2990";"0.7";"4271.43";"Grape spirit";"Glass";"46";"9.285714"
"Vinmonopolet";"4140501";"Faustino Martinez Cava Extra Seco";"Faustino Martinez Cava Extra Seco";"0";"149.9";"0.75";"199.87";"Sparkling wine";"Glass";"11.5";"1.737971"
"Vinmonopolet";"4140905";"Bellavista Franciacorta Alma CuvÃ©e Brut";"Bellavista Franciacorta Alma CuvÃ©e Brut";"0";"699.9";"1.5";"466.6";"Sparkling wine";"Glass";"12.5";"3.7328002"
"Vinmonopolet";"4141201";"Accordini Acinatico Amarone della Valpolicella Classico 2016";"Accordini Acinatico Amarone della Valpolicella Classico";"2016";"399.9";"0.75";"533.2";"RÃ¸dvin";"Glass";"16.5";"3.2315152"
"Vinmonopolet";"4141405";"Poliziano Vino Nobile di Montepulciano 2016";"Poliziano Vino Nobile di Montepulciano";"2016";"655";"1.5";"436.67";"RÃ¸dvin";"Glass";"14.5";"3.0114942"
"Vinmonopolet";"4142501";"Jermann Red Angel on the Moonlight 2014";"Jermann Red Angel on the Moonlight";"2014";"365";"0.75";"486.67";"RÃ¸dvin";"Glass";"13";"3.7435896"
"Vinmonopolet";"4143301";"Meffre CÃ´tes du RhÃ´ne Prestige Saint-Vincent 2018";"Meffre CÃ´tes du RhÃ´ne Prestige Saint-Vincent";"2018";"149.9";"0.75";"199.87";"RÃ¸dvin";"Glass";"13.5";"1.4804938"
"Vinmonopolet";"4143306";"Meffre CÃ´tes du RhÃ´ne Prestige Saint-Vincent";"Meffre CÃ´tes du RhÃ´ne Prestige Saint-Vincent";"2016";"444.9";"3";"148.3";"RÃ¸dvin";"Bag-in-box";"13.5";"1.0985185"
"Vinmonopolet";"4143502";"Mickey Finn Cracking Irish Apple";"Mickey Finn Cracking Irish Apple";"0";"134.9";"0.5";"269.8";"Flavoured wine	";"Glass";"15";"1.7986666"
"Vinmonopolet";"4148401";"Benanti Serra della Contessa Etna Rosso 2008";"Benanti Serra della Contessa Etna Rosso";"2008";"394.9";"0.75";"526.53";"RÃ¸dvin";"Glass";"14.5";"3.6312642"
"Vinmonopolet";"4158001";"Cum Laude 2015";"Cum Laude";"2015";"299.9";"0.75";"399.87";"RÃ¸dvin";"Glass";"14";"2.8561904"
"Vinmonopolet";"4158301";"Dopff & Irion CrÃ©mant d'Alsace Brut RosÃ©";"Dopff & Irion CrÃ©mant d'Alsace Brut RosÃ©";"0";"234.9";"0.75";"313.2";"Musserende vin, rosÃ©";"Glass";"12.5";"2.5056"
"Vinmonopolet";"4158801";"Robert Mondavi Private Selection Pinot Noir 2018";"Robert Mondavi Private Selection Pinot Noir";"2018";"189.9";"0.75";"253.2";"RÃ¸dvin";"Glass";"13.5";"1.8755555"
"Vinmonopolet";"4163401";"Masi Modello Bianco 2018";"Masi Modello Bianco";"2018";"129.9";"0.75";"173.2";"White wine";"Glass";"12";"1.4433333"
"Vinmonopolet";"4167101";"San Michele Appiano Lagrein 2018";"San Michele Appiano Lagrein";"2018";"245";"0.75";"326.67";"RÃ¸dvin";"Glass";"13.5";"2.419753"
"Vinmonopolet";"4167401";"Marchesi di Barolo Barolo 2013";"Marchesi di Barolo Barolo";"2013";"369.9";"0.75";"493.2";"RÃ¸dvin";"Glass";"14";"3.5228572"
"Vinmonopolet";"4168201";"Medrano Irazu Crianza 2016";"Medrano Irazu Crianza";"2016";"143.8";"0.75";"191.73";"RÃ¸dvin";"Glass";"14";"1.3695239"
"Vinmonopolet";"4169801";"AndrÃ© Clouet Silver Brut Nature";"AndrÃ© Clouet Silver Brut Nature";"0";"359.9";"0.75";"479.87";"Champagne extra brut";"Glass";"12";"3.9988887"
"Vinmonopolet";"4170601";"Pintia 2014";"Pintia";"2014";"529.9";"0.75";"706.53";"RÃ¸dvin";"Glass";"14.5";"4.872644"
"Vinmonopolet";"4171406";"Grand Sud Merlot 2018";"Grand Sud Merlot";"2018";"409.9";"3";"136.63";"RÃ¸dvin";"Bag-in-box";"11.5";"1.188116"
"Vinmonopolet";"4171601";"Perrier JouÃ«t Grand Brut";"Perrier JouÃ«t Grand Brut";"0";"449.9";"0.75";"599.87";"Champagne, brut";"Glass";"12";"4.998889"
"Vinmonopolet";"4171701";"Perrier JouÃ«t Belle Epoque Brut 2012";"Perrier JouÃ«t Belle Epoque Brut";"2012";"1349";"0.75";"1798.67";"Champagne, brut";"Glass";"12.5";"14.389334"
"Vinmonopolet";"4173301";"Dalmore 12 YO Single Highland Malt";"Dalmore 12 YO Single Highland Malt";"0";"785";"0.7";"1121.43";"Whisky";"Glass";"40";"2.8035715"
"Vinmonopolet";"4173401";"Whyte & Mackay Blended Scotch Whisky";"Whyte & Mackay Blended Scotch Whisky";"0";"399.9";"0.7";"571.29";"Whisky";"Glass";"40";"1.4282143"
"Vinmonopolet";"4174401";"Raventos Blanc de Blanc 2017";"Raventos Blanc de Blanc";"2017";"219.9";"0.75";"293.2";"Sparkling wine";"Glass";"12";"2.4433331"
"Vinmonopolet";"4174801";"Ch. la Nerthe ChÃ¢teauneuf-du-Pape CuvÃ©e des Cadettes 2015";"Ch. la Nerthe ChÃ¢teauneuf-du-Pape CuvÃ©e des Cadettes";"2015";"889.9";"0.75";"1186.53";"RÃ¸dvin";"Glass";"14.5";"8.182989"
"Vinmonopolet";"4174901";"Finlandia";"Finlandia";"0";"444.9";"1";"444.9";"Vodka";"Glass";"37.5";"1.1863999"
"Vinmonopolet";"4176302";"Brimi Vianvang Dram";"Brimi Vianvang Dram";"0";"324.9";"0.5";"649.8";"Other spirit";"Glass";"35";"1.8565714"
"Vinmonopolet";"4176502";"Old Speckled Hen";"Old Speckled Hen";"0";"59.9";"0.5";"119.8";"Pale ale";"Glass";"5";"2.3960001"
"Vinmonopolet";"4176601";"Tommasi Valpolicella Classico Superiore Ripasso 2017";"Tommasi Valpolicella Classico Superiore Ripasso";"2017";"219.9";"0.75";"293.2";"RÃ¸dvin";"Glass";"13";"2.2553844"
"Vinmonopolet";"4176605";"Tommasi Valpolicella Classico Superiore Ripasso 2016";"Tommasi Valpolicella Classico Superiore Ripasso";"2016";"479.9";"1.5";"319.93";"RÃ¸dvin";"Glass";"13";"2.4610257"
"Vinmonopolet";"4176901";"Sourz Apple";"Sourz Apple";"0";"197.9";"0.7";"282.71";"LikÃ¸r";"Glass";"15";"1.8847619"
"Vinmonopolet";"4182301";"Masi Passo Doble 2017";"Masi Passo Doble";"2017";"139.9";"0.75";"186.53";"RÃ¸dvin";"Glass";"14";"1.3323809"
"Vinmonopolet";"4183001";"Woodbridge Chardonnay 2017";"Woodbridge Chardonnay";"2017";"159.9";"0.75";"213.2";"White wine";"Glass";"13.5";"1.5792592"
"Vinmonopolet";"4184001";"Beefeater London Dry";"Beefeater London Dry";"0";"494.9";"1";"494.9";"Gin";"Glass";"40";"1.23725"
"Vinmonopolet";"4184201";"Bols Vodka";"Bols Vodka";"0";"336.9";"0.7";"481.29";"Vodka";"Glass";"37.5";"1.2834285"
"Vinmonopolet";"4184301";"J.P. Chenet Grenache Cinsault RosÃ© 2019";"J.P. Chenet Grenache Cinsault RosÃ©";"2019";"134.9";"0.75";"179.87";"RosÃ©vin";"Glass";"12.5";"1.4389333"
"Vinmonopolet";"4187401";"Tamellini Soave 2018";"Tamellini Soave";"2018";"137.9";"0.75";"183.87";"White wine";"Glass";"11.5";"1.5988405"
"Vinmonopolet";"4187402";"Tamellini Soave 2018";"Tamellini Soave";"2018";"82.9";"0.38";"221.07";"White wine";"Glass";"11.5";"1.8970252"
"Vinmonopolet";"4187405";"Tamellini Soave 2018";"Tamellini Soave";"2018";"294.9";"1.5";"196.6";"White wine";"Glass";"11.5";"1.7095652"
"Vinmonopolet";"4187701";"Caiano Chianti Classico 2013";"Caiano Chianti Classico";"2013";"221.9";"0.75";"295.87";"RÃ¸dvin";"Glass";"13.5";"2.1916049"
"Vinmonopolet";"4191601";"Freixenet Reserva Real";"Freixenet Reserva Real";"0";"299.9";"0.75";"399.87";"Sparkling wine";"Glass";"11.5";"3.4771013"
"Vinmonopolet";"4192201";"Steinvikholm Aquavit";"Steinvikholm Aquavit";"0";"499.9";"0.7";"714.14";"Aquavit";"Glass";"40";"1.7853571"
"Vinmonopolet";"4192301";"Braastad X.O. Fine Champagne";"Braastad X.O. Fine Champagne";"0";"869.9";"1";"869.9";"Grape spirit";"Glass";"40";"2.17475"
"Vinmonopolet";"4192302";"Braastad X.O. Fine Champagne";"Braastad X.O. Fine Champagne";"0";"449.9";"0.5";"899.8";"Grape spirit";"Glass";"40";"2.2495"
"Vinmonopolet";"4193106";"Camp Chardonnay";"Camp Chardonnay";"0";"289.9";"2";"144.95";"White wine";"Bag-in-box";"12.5";"1.1596"
"Vinmonopolet";"4194402";"PÃ¨re Magloire Calvados X.O.";"PÃ¨re Magloire Calvados X.O.";"0";"569.9";"0.5";"1139.8";"Fruit spirit";"Glass";"40";"2.8495002"
"Vinmonopolet";"4194501";"Vidigal 2018";"Vidigal";"2018";"129.9";"0.75";"173.2";"RÃ¸dvin";"Glass";"13";"1.3323076"
"Vinmonopolet";"4194502";"Vidigal 2013";"Vidigal";"2013";"77.9";"0.38";"207.73";"RÃ¸dvin";"Glass";"13";"1.5769231"
"Vinmonopolet";"4194505";"Vidigal Reserva 2011";"Vidigal Reserva";"2011";"239.9";"1.5";"159.93";"RÃ¸dvin";"Glass";"13";"1.2302564"
"Vinmonopolet";"4194905";"Drappier Brut Nature";"Drappier Brut Nature";"0";"765";"1.5";"510";"Champagne extra brut";"Glass";"12";"4.25"
"Vinmonopolet";"4195701";"BacalhÃ´a Moscatel de SetÃºbal 2016";"BacalhÃ´a Moscatel de SetÃºbal";"2016";"199.9";"0.75";"266.53";"Fortified wine";"Glass";"17";"1.5678431"
"Vinmonopolet";"4196401";"Carretta Barbera d'Alba 2018";"Carretta Barbera d'Alba";"2018";"152.9";"0.75";"203.87";"RÃ¸dvin";"Glass";"13";"1.5682051"
"Vinmonopolet";"4196405";"Carretta Barbera d'Alba";"Carretta Barbera d'Alba";"2017";"325";"1.5";"216.67";"RÃ¸dvin";"Glass";"13";"1.6666666"
"Vinmonopolet";"4196801";"Launois Grand Cru Blanc de Blancs Brut 2013";"Launois Grand Cru Blanc de Blancs Brut";"2013";"399.9";"0.75";"533.2";"Champagne, brut";"Glass";"12";"4.443333"
"Vinmonopolet";"4196901";"Launois Oeil de Perdrix Brut";"Launois Oeil de Perdrix Brut";"0";"355";"0.75";"473.33";"Champagne, brut";"Glass";"12";"3.9444444"
"Vinmonopolet";"4197001";"FÃ¨lsina I Sistri Chardonnay 2018";"FÃ¨lsina I Sistri Chardonnay";"2018";"269.9";"0.75";"359.87";"White wine";"Glass";"13.5";"2.665679"
"Vinmonopolet";"4197901";"MarquÃ©s de CÃ¡ceres MC 2016";"MarquÃ©s de CÃ¡ceres MC";"2016";"499.9";"0.75";"666.53";"RÃ¸dvin";"Glass";"14";"4.7609525"
"Vinmonopolet";"4198001";"Trerose Rosso di Montepulciano 2018";"Trerose Rosso di Montepulciano";"2018";"149.9";"0.75";"199.87";"RÃ¸dvin";"Glass";"13";"1.5374359"
"Vinmonopolet";"4198701";"Castello di Brolio Chianti Classico 2013";"Castello di Brolio Chianti Classico";"2013";"399.9";"0.75";"533.2";"RÃ¸dvin";"Glass";"13.5";"3.9496295"
"Vinmonopolet";"4200001";"Peter Lehmann Stonewell Shiraz 2012";"Peter Lehmann Stonewell Shiraz";"2012";"449.9";"0.75";"599.87";"RÃ¸dvin";"Glass";"14.5";"4.1370115"
"Vinmonopolet";"4201101";"Innocenti Vino Nobile di Montepulciano 2014";"Innocenti Vino Nobile di Montepulciano";"2014";"269";"0.75";"358.67";"RÃ¸dvin";"Glass";"14";"2.5619047"
"Vinmonopolet";"4201201";"Innocenti Vino Nobile di Montepulciano Riserva 2011";"Innocenti Vino Nobile di Montepulciano Riserva";"2011";"319";"0.75";"425.33";"RÃ¸dvin";"Glass";"14";"3.0380952"
"Vinmonopolet";"4202801";"Halfdan Extra Gammel";"Halfdan Extra Gammel";"0";"699";"0.7";"998.57";"Grape spirit";"Glass";"40";"2.4964287"
"Vinmonopolet";"4203601";"Santa Digna Merlot 2018";"Santa Digna Merlot";"2018";"149.9";"0.75";"199.87";"RÃ¸dvin";"Glass";"13.5";"1.4804938"
"Vinmonopolet";"4204701";"C. Moreau Chablis 1er Cru Vaillon 2016";"C. Moreau Chablis 1er Cru Vaillon";"2016";"354";"0.75";"472";"White wine";"Glass";"12.5";"3.776"
"Vinmonopolet";"4205001";"C. Moreau Chablis Grand Cru Les Clos 2016";"C. Moreau Chablis Grand Cru Les Clos";"2016";"554.8";"0.75";"739.73";"White wine";"Glass";"13";"5.690256"
"Vinmonopolet";"4206702";"Accordini Recioto della Valpolicella 2016";"Accordini Recioto della Valpolicella";"2016";"299.9";"0.5";"599.8";"RÃ¸dvin";"Glass";"13";"4.613846"
"Vinmonopolet";"4207801";"MoÃ«t & Chandon Nectar ImpÃ©rial";"MoÃ«t & Chandon Nectar ImpÃ©rial";"0";"474.9";"0.75";"633.2";"Champagne, other";"Glass";"12";"5.2766666"
"Vinmonopolet";"4209002";"Ferreira LBV 2012";"Ferreira LBV";"2012";"149.9";"0.38";"399.73";"Port wine";"Glass";"20.5";"1.9242618"
"Vinmonopolet";"4211901";"Alfred Gratien Brut Classique";"Alfred Gratien Brut Classique";"0";"500.8";"0.75";"667.73";"Champagne, brut";"Glass";"12.5";"5.3418665"
"Vinmonopolet";"4212801";"Gamla Cabernet Sauvignon 2017";"Gamla Cabernet Sauvignon";"2017";"219.9";"0.75";"293.2";"RÃ¸dvin";"Glass";"14.5";"2.022069"
"Vinmonopolet";"4214301";"Molinari Sambuca Extra";"Molinari Sambuca Extra";"0";"379.9";"0.7";"542.71";"LikÃ¸r";"Glass";"38";"1.4281955"
"Vinmonopolet";"4214701";"David Sautereau Sancerre Blanc 2018";"David Sautereau Sancerre Blanc";"2018";"244.3";"0.75";"325.73";"White wine";"Glass";"13";"2.505641"
"Vinmonopolet";"4214901";"Ch. K 2015";"Ch. K";"2015";"247.9";"0.75";"330.53";"White wine";"Glass";"15";"2.2035556"
"Vinmonopolet";"4218206";"Concha y Toro Cabernet Sauvignon 2018";"Concha y Toro Cabernet Sauvignon";"2018";"346.9";"3";"115.63";"RÃ¸dvin";"Bag-in-box";"11.5";"1.0055072"
"Vinmonopolet";"4218301";"Robertson Chardonnay 2018";"Robertson Chardonnay";"2018";"134.9";"0.75";"179.87";"White wine";"Glass";"13";"1.3835896"
"Vinmonopolet";"4218306";"Robertson Chardonnay 2019";"Robertson Chardonnay";"2019";"409.9";"3";"136.63";"White wine";"Bag-in-box";"13";"1.0510256"
"Vinmonopolet";"4218401";"Lamberti Santepietre Valpolicella Classico 2017";"Lamberti Santepietre Valpolicella Classico";"2017";"179.9";"0.75";"239.87";"RÃ¸dvin";"Glass";"12.5";"1.9189333"
"Vinmonopolet";"4218605";"Trimbach CuvÃ©e FrÃ©dÃ©ric Ãmile Riesling 2011";"Trimbach CuvÃ©e FrÃ©dÃ©ric Ãmile Riesling";"2011";"1199";"1.5";"799.33";"White wine";"Glass";"14";"5.7095237"
"Vinmonopolet";"4220201";"Ballantine's Finest";"Ballantine's Finest";"0";"529.9";"1";"529.9";"Whisky";"Glass";"40";"1.3247501"
"Vinmonopolet";"4220706";"Dr. L Riesling 2019";"Dr. L Riesling";"2019";"379.9";"3";"126.63";"White wine";"Bag-in-box";"8.5";"1.4898039"
"Vinmonopolet";"4222101";"Masi Masianco 2019";"Masi Masianco";"2019";"149.9";"0.75";"199.87";"White wine";"Glass";"13";"1.5374359"
"Vinmonopolet";"4222207";"Lanson Black Label Brut";"Lanson Black Label Brut";"0";"2899.9";"3";"966.63";"Champagne, brut";"Glass";"12.5";"7.7330666"
"Vinmonopolet";"4222401";"Peter Lehmann Art'n' Soul Riesling 2013";"Peter Lehmann Art'n' Soul Riesling";"2013";"199.9";"0.75";"266.53";"White wine";"Glass";"11";"2.4230301"
"Vinmonopolet";"4222702";"Molbo Bitter";"Molbo Bitter";"0";"320";"0.5";"640";"Bitter	";"Glass";"35";"1.8285714"
"Vinmonopolet";"4223401";"Veuve Clicquot La Grande Dame Brut 2008";"Veuve Clicquot La Grande Dame Brut";"2008";"1449.9";"0.75";"1933.2";"Champagne, brut";"Glass";"12.5";"15.4656"
"Vinmonopolet";"4223601";"Ch. Pey La Tour RÃ©serve 2016";"Ch. Pey La Tour RÃ©serve";"2016";"229";"0.75";"305.33";"RÃ¸dvin";"Glass";"14.5";"2.1057472"
"Vinmonopolet";"4224501";"Fernando de Castilla Fino";"Fernando de Castilla Fino";"0";"174.9";"0.75";"233.2";"Sherry";"Glass";"15";"1.5546666"
"Vinmonopolet";"4225506";"Lindeman's Shiraz Cabernet 2019";"Lindeman's Shiraz Cabernet";"2019";"398.9";"3";"132.97";"RÃ¸dvin";"Bag-in-box";"12.5";"1.0637333"
"Vinmonopolet";"4227301";"Dom Dinis 2015";"Dom Dinis";"2015";"139.9";"0.75";"186.53";"RÃ¸dvin";"Glass";"13";"1.4348717"
"Vinmonopolet";"4230301";"Kuentz-Bas Riesling Tradition 2016";"Kuentz-Bas Riesling Tradition";"2016";"185";"0.75";"246.67";"White wine";"Glass";"13";"1.8974359"
"Vinmonopolet";"4235401";"Capitel de Roari Amarone della Valpolicella Classico 2015";"Capitel de Roari Amarone della Valpolicella Classico";"2015";"279.9";"0.75";"373.2";"RÃ¸dvin";"Glass";"15";"2.488"
"Vinmonopolet";"4235501";"Campolieti Valpolicella Classico Superiore Ripasso 2017";"Campolieti Valpolicella Classico Superiore Ripasso";"2017";"154.9";"0.75";"206.53";"RÃ¸dvin";"Glass";"13.5";"1.5298765"
"Vinmonopolet";"4235505";"Campolieti Valpolicella Classico Superiore Ripasso 2016";"Campolieti Valpolicella Classico Superiore Ripasso";"2016";"360";"1.5";"240";"RÃ¸dvin";"Glass";"13.5";"1.7777778"
"Vinmonopolet";"4235902";"Cartron CrÃ¨me de MÃ»re de RonciÃ¨res";"Cartron CrÃ¨me de MÃ»re de RonciÃ¨res";"0";"234.9";"0.5";"469.8";"LikÃ¸r";"Glass";"18";"2.61"
"Vinmonopolet";"4236002";"Cartron CrÃ¨me de Cassis de Bourgogne";"Cartron CrÃ¨me de Cassis de Bourgogne";"0";"229.9";"0.5";"459.8";"LikÃ¸r";"Glass";"15";"3.0653334"
"Vinmonopolet";"4236102";"Cartron CrÃ¨me de Framboise de Bourgogne";"Cartron CrÃ¨me de Framboise de Bourgogne";"0";"239.9";"0.5";"479.8";"LikÃ¸r";"Glass";"18";"2.6655555"
"Vinmonopolet";"4236202";"Cartron CrÃ¨me de Fraise des Bois";"Cartron CrÃ¨me de Fraise des Bois";"0";"239.9";"0.5";"479.8";"LikÃ¸r";"Glass";"18";"2.6655555"
"Vinmonopolet";"4236301";"Trapiche Malbec Reserve 2018";"Trapiche Malbec Reserve";"2018";"179.9";"0.75";"239.87";"RÃ¸dvin";"Glass";"13.5";"1.77679"
"Vinmonopolet";"4236401";"Trapiche Syrah Reserve 2017";"Trapiche Syrah Reserve";"2017";"179.9";"0.75";"239.87";"RÃ¸dvin";"Glass";"13.5";"1.77679"
"Vinmonopolet";"4237102";"Torres Moscatel Oro";"Torres Moscatel Oro";"0";"209.9";"0.5";"419.8";"Fortified wine";"Glass";"15";"2.7986665"
"Vinmonopolet";"4238001";"Wild Yeast Chardonnay 2018";"Wild Yeast Chardonnay";"2018";"249";"0.75";"332";"White wine";"Glass";"13.5";"2.4592593"
"Vinmonopolet";"4239801";"Koskenkorva";"Koskenkorva";"0";"429.9";"1";"429.9";"Vodka";"Glass";"37.5";"1.1464"
"Vinmonopolet";"4239802";"Koskenkorva";"Koskenkorva";"0";"224.9";"0.5";"449.8";"Vodka";"Plast";"37.5";"1.1994666"
"Vinmonopolet";"4239901";"Tommasi Le Volpare Soave Classico 2017";"Tommasi Le Volpare Soave Classico";"2017";"157.5";"0.75";"210";"White wine";"Glass";"12";"1.75"
"Vinmonopolet";"4240002";"Erdinger Kristallklar Weissbier";"Erdinger Kristallklar Weissbier";"0";"60.9";"0.5";"121.8";"HveteÃ¸l";"Glass";"5.3";"2.298113"
"Vinmonopolet";"4240401";"Stolichnaya Elit";"Stolichnaya Elit";"0";"699.9";"0.7";"999.86";"Vodka";"Glass";"40";"2.499643"
"Vinmonopolet";"4240701";"Bombay Sapphire London Dry";"Bombay Sapphire London Dry";"0";"499.9";"1";"499.9";"Gin";"Glass";"40";"1.24975"
"Vinmonopolet";"4240702";"Bombay Sapphire London Dry";"Bombay Sapphire London Dry";"0";"299.9";"0.5";"599.8";"Gin";"Glass";"40";"1.4994999"
"Vinmonopolet";"4241701";"Upper Ten";"Upper Ten";"0";"479.9";"1";"479.9";"Whisky";"Glass";"40";"1.19975"
"Vinmonopolet";"4242201";"Giustino B. Valdobbiadene Prosecco Superiore Extra Dry 2018";"Giustino B. Valdobbiadene Prosecco Superiore Extra Dry";"2018";"259.9";"0.75";"346.53";"Sparkling wine";"Glass";"11.5";"3.0133333"
"Vinmonopolet";"4243706";"Laroche Chardonnay L 2019";"Laroche Chardonnay L";"2019";"449.9";"3";"149.97";"White wine";"Bag-in-box";"12";"1.2497222"
"Vinmonopolet";"4245901";"Billaud-Simon Chablis CuvÃ©e TÃªte d'Or 2017";"Billaud-Simon Chablis CuvÃ©e TÃªte d'Or";"2017";"339.9";"0.75";"453.2";"White wine";"Glass";"12.5";"3.6255999"
"Vinmonopolet";"4246201";"Astica Chardonnay 2019";"Astica Chardonnay";"2019";"109.9";"0.75";"146.53";"White wine";"Glass";"12.5";"1.1722667"
"Vinmonopolet";"4246302";"Cartron Liqueur Banane";"Cartron Liqueur Banane";"0";"269.9";"0.5";"539.8";"LikÃ¸r";"Glass";"25";"2.1592"
"Vinmonopolet";"4246701";"Gini Soave Classico Vino Biologico 2019";"Gini Soave Classico Vino Biologico";"2019";"179.9";"0.75";"239.87";"White wine";"Glass";"12";"1.9988889"
"Vinmonopolet";"4246901";"La FroscÃ  Soave Classico 2016";"La FroscÃ  Soave Classico";"2016";"229.9";"0.75";"306.53";"White wine";"Glass";"12.5";"2.4522667"
"Vinmonopolet";"4247001";"Mastroberardino Greco di Tufo 2018";"Mastroberardino Greco di Tufo";"2018";"220";"0.75";"293.33";"White wine";"Glass";"12.5";"2.3466666"
"Vinmonopolet";"4247406";"Devil's Rock Riesling 2019";"Devil's Rock Riesling";"2019";"414.9";"3";"138.3";"White wine";"Bag-in-box";"12";"1.1525"
"Vinmonopolet";"4247501";"Le Sweet Filou 2019";"Le Sweet Filou";"2019";"111.9";"0.75";"149.2";"RÃ¸dvin";"Glass";"11.5";"1.2973913"
"Vinmonopolet";"4249301";"Meukow Extra";"Meukow Extra";"0";"2799.9";"0.7";"3999.86";"Grape spirit";"Glass";"40";"9.999642"
"Vinmonopolet";"4250601";"Dopff & Irion Schoenenbourg Riesling Grand Cru 2016";"Dopff & Irion Schoenenbourg Riesling Grand Cru";"2016";"324.9";"0.75";"433.2";"White wine";"Glass";"14";"3.0942857"
"Vinmonopolet";"4250901";"Villa Paulus Pouilly FumÃ© 2017";"Villa Paulus Pouilly FumÃ©";"2017";"219.9";"0.75";"293.2";"White wine";"Glass";"12.5";"2.3456"
"Vinmonopolet";"4252806";"Lindeman's Chardonnay 2019";"Lindeman's Chardonnay";"2019";"389.9";"3";"129.97";"White wine";"Bag-in-box";"11.5";"1.130145"
"Vinmonopolet";"4253802";"Gran Feudo Moscatel 2017";"Gran Feudo Moscatel";"2017";"139.9";"0.5";"279.8";"White wine";"Glass";"12";"2.3316665"
"Vinmonopolet";"4254901";"Rizzardi Pojega Valpolicella Classico Ripasso Superiore 2017";"Rizzardi Pojega Valpolicella Classico Ripasso Superiore";"2017";"234.9";"0.75";"313.2";"RÃ¸dvin";"Glass";"14";"2.2371428"
"Vinmonopolet";"4256701";"Collet Chablis 2018";"Collet Chablis";"2018";"214.9";"0.75";"286.53";"White wine";"Glass";"12.5";"2.2922666"
"Vinmonopolet";"4256801";"Caiano Chianti Classico Riserva 2007";"Caiano Chianti Classico Riserva";"2007";"267.1";"0.75";"356.13";"RÃ¸dvin";"Glass";"14.5";"2.4560921"
"Vinmonopolet";"4259401";"Solar de Serrade Alvarinho Vinho Verde 2018";"Solar de Serrade Alvarinho Vinho Verde";"2018";"199.9";"0.75";"266.53";"White wine";"Glass";"13.5";"1.9743209"
"Vinmonopolet";"4260001";"Fernando de Castilla Solera Reserva";"Fernando de Castilla Solera Reserva";"0";"419.9";"0.7";"599.86";"Grape spirit";"Glass";"36";"1.6662699"
"Vinmonopolet";"4260901";"Lanson Gold Label Brut Vintage 2009";"Lanson Gold Label Brut Vintage";"2009";"689.9";"0.75";"919.87";"Champagne, brut";"Glass";"12.5";"7.3589334"
"Vinmonopolet";"4261401";"Antoniolo Gattinara 2014";"Antoniolo Gattinara";"2014";"389";"0.75";"518.67";"RÃ¸dvin";"Glass";"13.5";"3.8419752"
"Vinmonopolet";"4262001";"Osso San Grato Gattinara 2013";"Osso San Grato Gattinara";"2013";"599";"0.75";"798.67";"RÃ¸dvin";"Glass";"13.5";"5.9160495"
"Vinmonopolet";"4262201";"Antoniolo Gattinara San Francesco 2011";"Antoniolo Gattinara San Francesco";"2011";"549";"0.75";"732";"RÃ¸dvin";"Glass";"14";"5.2285714"
"Vinmonopolet";"4262801";"Xellent Vodka";"Xellent Vodka";"0";"455.5";"0.7";"650.71";"Vodka";"Glass";"40";"1.6267858"
"Vinmonopolet";"4263701";"Stolichnaya Ohranj";"Stolichnaya Ohranj";"0";"389.9";"0.7";"557";"Vodka";"Glass";"37.5";"1.4853333"
"Vinmonopolet";"4263801";"Stolichnaya Razberi";"Stolichnaya Razberi";"0";"389.9";"0.7";"557";"Vodka";"Glass";"37.5";"1.4853333"
"Vinmonopolet";"4264001";"Stolichnaya Vanil";"Stolichnaya Vanil";"0";"389.9";"0.7";"557";"Vodka";"Glass";"37.5";"1.4853333"
"Vinmonopolet";"4264101";"Dei Rosso di Montepulciano 2016";"Dei Rosso di Montepulciano";"2016";"189";"0.75";"252";"RÃ¸dvin";"Glass";"14";"1.8"
"Vinmonopolet";"4264201";"Bossona Vino Nobile di Montepulciano Riserva 2009";"Bossona Vino Nobile di Montepulciano Riserva";"2009";"409";"0.75";"545.33";"RÃ¸dvin";"Glass";"13.5";"4.039506"
"Vinmonopolet";"4264401";"Periquita White 2018";"Periquita White";"2018";"149.9";"0.75";"199.87";"White wine";"Glass";"12";"1.6655555"
"Vinmonopolet";"4264506";"J. Moreau & Fils Petit Chablis 2018";"J. Moreau & Fils Petit Chablis";"2018";"619.9";"3";"206.63";"White wine";"Bag-in-box";"12";"1.7219446"
"Vinmonopolet";"4265302";"Vedett Extra Blond";"Vedett Extra Blond";"0";"49.9";"0.33";"151.21";"Light lager";"Glass";"5.2";"2.9079256"
"Vinmonopolet";"4266101";"Braastad V.S.";"Braastad V.S.";"0";"584.9";"1";"584.9";"Grape spirit";"Glass";"40";"1.4622501"
"Vinmonopolet";"4266601";"Musella Bianco del Drago 2015";"Musella Bianco del Drago";"2015";"219.9";"0.75";"293.2";"White wine";"Glass";"12";"2.4433331"
"Vinmonopolet";"4267201";"Da Luca Primitivo Merlot 2018";"Da Luca Primitivo Merlot";"2018";"109.9";"0.75";"146.53";"RÃ¸dvin";"Glass";"13";"1.1271795"
"Vinmonopolet";"4267206";"Da Luca Primitivo Merlot 2017";"Da Luca Primitivo Merlot";"2017";"419.9";"3";"139.97";"RÃ¸dvin";"Bag-in-box";"13";"1.0766666"
"Vinmonopolet";"4268301";"Olivier Ravoire ChÃ¢teauneuf-du-Pape 2017";"Olivier Ravoire ChÃ¢teauneuf-du-Pape";"2017";"450";"0.75";"600";"RÃ¸dvin";"Glass";"15.5";"3.8709676"
"Vinmonopolet";"4269101";"Black Tower RosÃ© 2019";"Black Tower RosÃ©";"2019";"109.9";"0.75";"146.53";"RosÃ©vin";"Glass";"9.5";"1.5424562"
"Vinmonopolet";"4269201";"Bache-Gabrielsen 3 kors";"Bache-Gabrielsen 3 kors";"0";"579.9";"1";"579.9";"Grape spirit";"Glass";"40";"1.4497501"
"Vinmonopolet";"4269203";"Bache-Gabrielsen 3 kors";"Bache-Gabrielsen 3 kors";"0";"65.9";"0.05";"1318";"Grape spirit";"Glass";"40";"3.295"
"Vinmonopolet";"4269302";"Bache-Gabrielsen 3 kors";"Bache-Gabrielsen 3 kors";"0";"314.9";"0.5";"629.8";"Grape spirit";"Plast";"40";"1.5745"
"Vinmonopolet";"4269601";"Bache-Gabrielsen X.O. Fine Champagne";"Bache-Gabrielsen X.O. Fine Champagne";"0";"859";"1";"859";"Grape spirit";"Glass";"40";"2.1475"
"Vinmonopolet";"4269602";"Bache-Gabrielsen X.O. Fine Champagne";"Bache-Gabrielsen X.O. Fine Champagne";"0";"444.9";"0.5";"889.8";"Grape spirit";"Glass";"40";"2.2245"
"Vinmonopolet";"4269603";"Bache-Gabrielsen X.O. Fine Champagne";"Bache-Gabrielsen X.O. Fine Champagne";"0";"79.9";"0.05";"1598";"Grape spirit";"Glass";"40";"3.9950001"
"Vinmonopolet";"4269801";"Virna Borgogno Barolo 2013";"Virna Borgogno Barolo";"2013";"434.9";"0.75";"579.87";"RÃ¸dvin";"Glass";"14.5";"3.9990804"
"Vinmonopolet";"4270501";"Poderi Elia Moscato dÂ´Asti 2017";"Poderi Elia Moscato dÂ´Asti";"2017";"164.9";"0.75";"219.87";"Sparkling white wine";"Glass";"5.5";"3.9975755"
"Vinmonopolet";"4270601";"Poderi Elia Dolcetto d'Alba 2016";"Poderi Elia Dolcetto d'Alba";"2016";"194.9";"0.75";"259.87";"RÃ¸dvin";"Glass";"12.5";"2.0789332"
"Vinmonopolet";"4271206";"African Spirit Pinotage/Shiraz";"African Spirit Pinotage/Shiraz";"0";"464.9";"3";"154.97";"RÃ¸dvin";"Bag-in-box";"13.5";"1.1479012"
"Vinmonopolet";"4273101";"Astica Tempranillo Malbec 2018";"Astica Tempranillo Malbec";"2018";"114.9";"0.75";"153.2";"RÃ¸dvin";"Glass";"12.5";"1.2256"
"Vinmonopolet";"4273201";"Engel Pinot Blanc RÃ©serve 2018";"Engel Pinot Blanc RÃ©serve";"2018";"176";"0.75";"234.67";"White wine";"Glass";"12.5";"1.8773333"
"Vinmonopolet";"4273501";"Engel Riesling RÃ©serve 2015";"Engel Riesling RÃ©serve";"2015";"179";"0.75";"238.67";"White wine";"Glass";"11.5";"2.0753622"
"Vinmonopolet";"4273606";"Rosemount Shiraz Cabernet 2019";"Rosemount Shiraz Cabernet";"2019";"394.9";"3";"131.63";"RÃ¸dvin";"Bag-in-box";"13.5";"0.9750617"
"Vinmonopolet";"4274301";"Cuba Caramel";"Cuba Caramel";"0";"309.9";"0.7";"442.71";"LikÃ¸r";"Glass";"30";"1.4757143"
"Vinmonopolet";"4274601";"Castellblanc Brut";"Castellblanc Brut";"0";"129.9";"0.75";"173.2";"Sparkling wine";"Glass";"11.5";"1.5060868"
"Vinmonopolet";"4276101";"Baron-FuentÃ© Tradition Brut";"Baron-FuentÃ© Tradition Brut";"0";"309.9";"0.75";"413.2";"Champagne, brut";"Glass";"12.5";"3.3056"
"Vinmonopolet";"4280201";"Bacardi Razz";"Bacardi Razz";"0";"316.9";"0.7";"452.71";"Other spirit";"Glass";"32";"1.4147321"
"Vinmonopolet";"4280202";"Bacardi Razz";"Bacardi Razz";"0";"244.9";"0.5";"489.8";"Other spirit";"Glass";"32";"1.530625"
"Vinmonopolet";"4280601";"Capitel della Crosara Valpolicella Ripasso 2016";"Capitel della Crosara Valpolicella Ripasso";"2016";"219";"0.75";"292";"RÃ¸dvin";"Glass";"14";"2.0857143"
"Vinmonopolet";"4281201";"Pio Cesare Barolo 2015";"Pio Cesare Barolo";"2015";"625";"0.75";"833.33";"RÃ¸dvin";"Glass";"14";"5.952381"
"Vinmonopolet";"4282901";"Argeo Ruggeri Prosecco Brut";"Argeo Ruggeri Prosecco Brut";"0";"199.9";"0.75";"266.53";"Sparkling wine";"Glass";"11";"2.4230301"
"Vinmonopolet";"4283601";"Schlumberger Saering Riesling Grand Cru 2017";"Schlumberger Saering Riesling Grand Cru";"2017";"309.9";"0.75";"413.2";"White wine";"Glass";"14";"2.9514284"
"Vinmonopolet";"4283701";"Schlumberger Les Princes AbbÃ©s Riesling 2017";"Schlumberger Les Princes AbbÃ©s Riesling";"2017";"159.9";"0.75";"213.2";"White wine";"Glass";"13";"1.64"
"Vinmonopolet";"4284101";"Fernand Engel Silberberg de Rorschwihr Riesling 2014";"Fernand Engel Silberberg de Rorschwihr Riesling";"2014";"228.9";"0.75";"305.2";"White wine";"Glass";"12";"2.5433333"
"Vinmonopolet";"4285801";"Pio Cesare Barbera d'Alba 2016";"Pio Cesare Barbera d'Alba";"2016";"279.9";"0.75";"373.2";"RÃ¸dvin";"Glass";"14.5";"2.573793"
"Vinmonopolet";"4288101";"Yellow Tail Shiraz 2019";"Yellow Tail Shiraz";"2019";"134.9";"0.75";"179.87";"RÃ¸dvin";"Glass";"13.5";"1.3323456"
"Vinmonopolet";"4290002";"Fernando de Castilla Antique Pedro Ximenez";"Fernando de Castilla Antique Pedro Ximenez";"0";"369.9";"0.5";"739.8";"Sherry";"Glass";"15";"4.9319997"
"Vinmonopolet";"4290102";"Fernando de Castilla Antique Oloroso";"Fernando de Castilla Antique Oloroso";"0";"409.9";"0.5";"819.8";"Sherry";"Glass";"20";"4.099"
"Vinmonopolet";"4290601";"Ch. K 2015";"Ch. K";"2015";"295.5";"0.75";"394";"RÃ¸dvin";"Glass";"14";"2.8142858"
"Vinmonopolet";"4293901";"Hoya de Cadenas Reserva 2013";"Hoya de Cadenas Reserva";"2013";"169.9";"0.75";"226.53";"RÃ¸dvin";"Glass";"12.5";"1.8122666"
"Vinmonopolet";"4294006";"Lindeman's Bin 45 Cabernet Sauvignon 2019";"Lindeman's Bin 45 Cabernet Sauvignon";"2019";"429.9";"3";"143.3";"RÃ¸dvin";"Bag-in-box";"13.5";"1.0614815"
"Vinmonopolet";"4299901";"Clos de los Siete 2015";"Clos de los Siete";"2015";"275";"0.75";"366.67";"RÃ¸dvin";"Glass";"14.5";"2.5287356"
"Vinmonopolet";"4300401";"Borghetti Sambuca Oro";"Borghetti Sambuca Oro";"0";"354.9";"0.7";"507";"LikÃ¸r";"Glass";"38";"1.3342105"
"Vinmonopolet";"4300501";"Banfi Asti Spumante";"Banfi Asti Spumante";"0";"189.9";"0.75";"253.2";"Sparkling wine";"Glass";"7";"3.6171427"
"Vinmonopolet";"4300701";"ModA' Montepulciano d'Abruzzo 2018";"ModA' Montepulciano d'Abruzzo";"2018";"134.9";"0.75";"179.87";"RÃ¸dvin";"Glass";"13";"1.3835896"
"Vinmonopolet";"4303201";"Cono Sur Bicicleta Chardonnay 2019";"Cono Sur Bicicleta Chardonnay";"2019";"129.9";"0.75";"173.2";"White wine";"Glass";"12.5";"1.3856"
"Vinmonopolet";"4303301";"Cono Sur Bicicleta Cabernet Sauvignon 2018";"Cono Sur Bicicleta Cabernet Sauvignon";"2018";"134.9";"0.75";"179.87";"RÃ¸dvin";"Glass";"13.5";"1.3323456"
"Vinmonopolet";"4303801";"Rent Brennevin 60%";"Rent Brennevin 60%";"0";"459.9";"0.7";"657";"Vodka";"Glass";"60";"1.095"
"Vinmonopolet";"4303802";"Rent Brennevin 60 %";"Rent Brennevin 60 %";"0";"335.4";"0.5";"670.8";"Vodka";"Plast";"60";"1.118"
"Vinmonopolet";"4303901";"MarquÃ©s de Monistrol Brut";"MarquÃ©s de Monistrol Brut";"0";"109.9";"0.75";"146.53";"Sparkling wine";"Glass";"11.5";"1.274203"
"Vinmonopolet";"4304201";"Weinert Malbec 2010";"Weinert Malbec";"2010";"239.9";"0.75";"319.87";"RÃ¸dvin";"Glass";"14.5";"2.205977"
"Vinmonopolet";"4306001";"Ten. Sant' Antonio Amarone Castagnedi 2015";"Ten. Sant' Antonio Amarone Castagnedi";"2015";"369.9";"0.75";"493.2";"RÃ¸dvin";"Glass";"15";"3.2879999"
"Vinmonopolet";"4308001";"Macallan Triple Cask 18 YO";"Macallan Triple Cask 18 YO";"0";"2599.9";"0.7";"3714.14";"Whisky";"Glass";"43";"8.637542"
"Vinmonopolet";"4308202";"Erdinger Pikantus Weizenbock";"Erdinger Pikantus Weizenbock";"0";"61.9";"0.5";"123.8";"HveteÃ¸l";"Glass";"7.3";"1.6958904"
"Vinmonopolet";"4311201";"Bacardi Carta Blanca";"Bacardi Carta Blanca";"0";"494.9";"1";"494.9";"Rum";"Glass";"37.5";"1.3197333"
"Vinmonopolet";"4311202";"Bacardi Carta Blanca";"Bacardi Carta Blanca";"0";"269.9";"0.5";"539.8";"Rum";"Plast";"37.5";"1.4394666"
"Vinmonopolet";"4311301";"Luxardo Triplum Triple Sec";"Luxardo Triplum Triple Sec";"0";"395";"0.7";"564.29";"LikÃ¸r";"Glass";"39";"1.4468864"
"Vinmonopolet";"4313501";"Taittinger Comtes de Champagne RosÃ© 2006";"Taittinger Comtes de Champagne RosÃ©";"2006";"2200";"0.75";"2933.33";"Champagne, rosÃ©";"Glass";"12.5";"23.466667"
"Vinmonopolet";"4314001";"Torres Vigno Carignan 2016";"Torres Vigno Carignan";"2016";"189.9";"0.75";"253.2";"RÃ¸dvin";"Glass";"14.5";"1.7462069"
"Vinmonopolet";"4314502";"Bols Raspberry";"Bols Raspberry";"0";"209.9";"0.5";"419.8";"LikÃ¸r";"Glass";"17";"2.4694116"
"Vinmonopolet";"4314701";"Tasca Regaleali Bianco 2018";"Tasca Regaleali Bianco";"2018";"175";"0.75";"233.33";"White wine";"Glass";"12";"1.9444444"
"Vinmonopolet";"4315201";"Tasca Regaleali Rosso del Conte 2014";"Tasca Regaleali Rosso del Conte";"2014";"475";"0.75";"633.33";"RÃ¸dvin";"Glass";"14";"4.5238094"
"Vinmonopolet";"4315301";"Tasca Regaleali Nero d'Avola 2017";"Tasca Regaleali Nero d'Avola";"2017";"179";"0.75";"238.67";"RÃ¸dvin";"Glass";"13";"1.8358974"
"Vinmonopolet";"4318003";"Giraud Sauvignon Blanc";"Giraud Sauvignon Blanc";"0";"52.4";"0.19";"280.21";"White wine";"Glass";"12";"2.2982457"
"Vinmonopolet";"4318103";"Giraud Merlot 2016";"Giraud Merlot";"2016";"51.4";"0.19";"274.87";"RÃ¸dvin";"Glass";"12.5";"2.1642106"
"Vinmonopolet";"4320106";"Tabiso Chardonnay";"Tabiso Chardonnay";"0";"449.9";"3";"149.97";"White wine";"Bag-in-box";"12.5";"1.1997334"
"Vinmonopolet";"4320606";"Darling Cellars Tabiso Shiraz 2019";"Darling Cellars Tabiso Shiraz";"2019";"469.9";"3";"156.63";"RÃ¸dvin";"Bag-in-box";"13.5";"1.1602468"
"Vinmonopolet";"4321101";"Hugel Classic Riesling 2016";"Hugel Classic Riesling";"2016";"249.5";"0.75";"332.67";"White wine";"Glass";"12";"2.7722223"
"Vinmonopolet";"4321105";"Hugel Classic Riesling 2016";"Hugel Classic Riesling";"2016";"569.5";"1.5";"379.67";"White wine";"Glass";"12";"3.163889"
"Vinmonopolet";"4321201";"Hugel Classic Gewurztraminer 2016";"Hugel Classic Gewurztraminer";"2016";"264.9";"0.75";"353.2";"White wine";"Glass";"13";"2.716923"
"Vinmonopolet";"4321301";"Eristoff Vodka";"Eristoff Vodka";"0";"326.9";"0.7";"467";"Vodka";"Glass";"37.5";"1.2453333"
"Vinmonopolet";"4321601";"Tia Maria";"Tia Maria";"0";"437";"1";"437";"LikÃ¸r";"Glass";"20";"2.185"
"Vinmonopolet";"4323001";"Cartron CrÃ©mant de Bourgogne Blanc de Noirs Brut";"Cartron CrÃ©mant de Bourgogne Blanc de Noirs Brut";"0";"199.9";"0.75";"266.53";"Sparkling wine";"Glass";"12.5";"2.1322665"
"Vinmonopolet";"4323501";"Devil's Rock Riesling 2004";"Devil's Rock Riesling";"2004";"129.9";"0.75";"173.2";"White wine";"Glass";"12";"1.4433333"
"Vinmonopolet";"4323606";"Astica Chardonnay";"Astica Chardonnay";"2019";"379.9";"3";"126.63";"White wine";"Bag-in-box";"12.5";"1.0130666"
"Vinmonopolet";"4325101";"Nansen Fine Champagne V.S.O.P.";"Nansen Fine Champagne V.S.O.P.";"0";"469.9";"0.7";"671.29";"Grape spirit";"Glass";"40";"1.6782143"
"Vinmonopolet";"4325102";"Nansen Fine Champagne V.S.O.P.";"Nansen Fine Champagne V.S.O.P.";"0";"354.5";"0.5";"709";"Grape spirit";"Glass";"40";"1.7725"
"Vinmonopolet";"4327501";"La MoussiÃ©re Sancerre 2017";"La MoussiÃ©re Sancerre";"2017";"265";"0.75";"353.33";"White wine";"Glass";"13";"2.7179487"
"Vinmonopolet";"4329801";"Ch. Grand Housteau CrÃ©mant de Bordeaux RosÃ© Brut";"Ch. Grand Housteau CrÃ©mant de Bordeaux RosÃ© Brut";"0";"129.7";"0.75";"172.93";"Musserende vin, rosÃ©";"Glass";"11";"1.5721211"
"Vinmonopolet";"4330101";"Essence Riesling 2019";"Essence Riesling";"2019";"139.9";"0.75";"186.53";"White wine";"Glass";"10.5";"1.7765079"
"Vinmonopolet";"4330201";"CuvÃ©e K Rouge 2016";"CuvÃ©e K Rouge";"2016";"199.9";"0.75";"266.53";"RÃ¸dvin";"Glass";"15";"1.7768888"
"Vinmonopolet";"4330501";"Montesodi Chianti Rufina 2012";"Montesodi Chianti Rufina";"2012";"587.4";"0.75";"783.2";"RÃ¸dvin";"Glass";"14.5";"5.4013796"
"Vinmonopolet";"4331601";"Acerone Rosso di Toscana 2009";"Acerone Rosso di Toscana";"2009";"329";"0.75";"438.67";"RÃ¸dvin";"Glass";"14";"3.1333334"
"Vinmonopolet";"4332101";"Nicolas Feuillatte RosÃ© Brut";"Nicolas Feuillatte RosÃ© Brut";"0";"518.9";"0.75";"691.87";"Champagne, rosÃ©";"Glass";"12";"5.765556"
"Vinmonopolet";"4332105";"Nicolas Feuillatte RÃ©serve Exclusive Brut RosÃ©";"Nicolas Feuillatte RÃ©serve Exclusive Brut RosÃ©";"0";"1201.9";"1.5";"801.27";"Champagne, rosÃ©";"Glass";"12";"6.6772223"
"Vinmonopolet";"4333201";"Peter Lehmann Portrait Cabernet Sauvignon 2012";"Peter Lehmann Portrait Cabernet Sauvignon";"2012";"229.9";"0.75";"306.53";"RÃ¸dvin";"Glass";"14.5";"2.114023"
"Vinmonopolet";"4333501";"Montegrossi Chianti Classico 2017";"Montegrossi Chianti Classico";"2017";"244.5";"0.75";"326";"RÃ¸dvin";"Glass";"14";"2.3285713"
"Vinmonopolet";"4334301";"Thor Heyerdahl X.O.";"Thor Heyerdahl X.O.";"0";"559.9";"0.7";"799.86";"Grape spirit";"Glass";"40";"1.999643"
"Vinmonopolet";"4334501";"Solar das BouÃ§as Loureiro 2019";"Solar das BouÃ§as Loureiro";"2019";"139.9";"0.75";"186.53";"White wine";"Glass";"11.5";"1.622029"
"Vinmonopolet";"4337601";"William FÃ¨vre Chablis Domaine 2018";"William FÃ¨vre Chablis Domaine";"2018";"249.9";"0.75";"333.2";"White wine";"Glass";"12.5";"2.6655998"
"Vinmonopolet";"4338101";"RodÃ¡no Chianti Classico 2016";"RodÃ¡no Chianti Classico";"2016";"239.9";"0.75";"319.87";"RÃ¸dvin";"Glass";"14.5";"2.205977"
"Vinmonopolet";"4338701";"Tesseron Lot NÂ° 29 X.O. Exception";"Tesseron Lot NÂ° 29 X.O. Exception";"0";"4168.9";"0.7";"5955.57";"Grape spirit";"Glass";"40";"14.888928"
"Vinmonopolet";"4338801";"Tesseron Lot NÂ° 53 X.O. Perfection";"Tesseron Lot NÂ° 53 X.O. Perfection";"0";"2262.5";"0.7";"3232.14";"Grape spirit";"Glass";"40";"8.080358"
"Vinmonopolet";"4338901";"Tesseron Lot NÂ° 76 X.O. Tradition";"Tesseron Lot NÂ° 76 X.O. Tradition";"0";"1099";"0.7";"1570";"Grape spirit";"Glass";"40";"3.925"
"Vinmonopolet";"4339202";"De Luze V.S.O.P. Fine Champagne";"De Luze V.S.O.P. Fine Champagne";"0";"329.9";"0.5";"659.8";"Grape spirit";"Plast";"40";"1.6495"
"Vinmonopolet";"4341701";"PassoÃ£";"PassoÃ£";"0";"242.9";"0.7";"347";"LikÃ¸r";"Glass";"17";"2.0411766"
"Vinmonopolet";"4343901";"MarquÃ©s de Monistrol RosÃ© Brut";"MarquÃ©s de Monistrol RosÃ© Brut";"0";"139.9";"0.75";"186.53";"Musserende vin, rosÃ©";"Glass";"11.5";"1.622029"
"Vinmonopolet";"4344801";"Vionta AlbariÃ±o 2018";"Vionta AlbariÃ±o";"2018";"207.9";"0.75";"277.2";"White wine";"Glass";"13";"2.1323075"
"Vinmonopolet";"4345005";"Mumm Cordon Rouge Brut";"Mumm Cordon Rouge Brut";"0";"699.9";"1.5";"466.6";"Champagne, brut";"Glass";"12";"3.8883336"
"Vinmonopolet";"4345405";"Perrier-JouÃ«t Grand Brut";"Perrier-JouÃ«t Grand Brut";"0";"869";"1.5";"579.33";"Champagne, brut";"Glass";"12";"4.827778"
"Vinmonopolet";"4346201";"La Riojana Ecologica Shiraz Malbec Reserve 2018";"La Riojana Ecologica Shiraz Malbec Reserve";"2018";"149.9";"0.75";"199.87";"RÃ¸dvin";"Glass";"13";"1.5374359"
"Vinmonopolet";"4346206";"La Riojana Ecologica Shiraz Malbec Reserve 2019";"La Riojana Ecologica Shiraz Malbec Reserve";"2019";"499.9";"3";"166.63";"RÃ¸dvin";"Bag-in-box";"13";"1.2817949"
"Vinmonopolet";"4346406";"Rosemount GewÃ¼rztraminer Riesling 2019";"Rosemount GewÃ¼rztraminer Riesling";"2019";"382.9";"3";"127.63";"White wine";"Bag-in-box";"10";"1.2763333"
"Vinmonopolet";"4346601";"Trapiche Syrah 2017";"Trapiche Syrah";"2017";"169.9";"0.75";"226.53";"RÃ¸dvin";"Glass";"12.5";"1.8122666"
"Vinmonopolet";"4348501";"AliÃ³n 2015";"AliÃ³n";"2015";"749.9";"0.75";"999.87";"RÃ¸dvin";"Glass";"15";"6.665778"
"Vinmonopolet";"4348701";"Vega Sicilia Valbuena 5Â° 2014";"Vega Sicilia Valbuena 5Â°";"2014";"1499.9";"0.75";"1999.87";"RÃ¸dvin";"Glass";"14";"14.284762"
"Vinmonopolet";"4349301";"Sella & Mosca Cannonau di Sardegna Riserva";"Sella & Mosca Cannonau di Sardegna Riserva";"2016";"219.9";"0.75";"293.2";"RÃ¸dvin";"Glass";"14";"2.0942857"
"Vinmonopolet";"4349701";"Louis Bouillot CrÃ©mant de Bourgogne Perle de Vigne Grand RÃ©serve";"Louis Bouillot CrÃ©mant de Bourgogne Perle de Vigne Grand RÃ©serve";"0";"184.9";"0.75";"246.53";"Sparkling wine";"Glass";"12";"2.0544443"
"Vinmonopolet";"4349705";"Bouillot CrÃ©mant de Bourgogne Perle de Vigne Grand RÃ©serve";"Bouillot CrÃ©mant de Bourgogne Perle de Vigne Grand RÃ©serve";"0";"499.9";"1.5";"333.27";"Sparkling wine";"Glass";"12";"2.7772222"
"Vinmonopolet";"4349902";"Mickey Finn Raucous Raspberry";"Mickey Finn Raucous Raspberry";"0";"134.9";"0.5";"269.8";"Flavoured wine	";"Glass";"15";"1.7986666"
"Vinmonopolet";"4350001";"Clos Henri Bel Echo Sauvignon Blanc 2017";"Clos Henri Bel Echo Sauvignon Blanc";"2017";"249.9";"0.75";"333.2";"White wine";"Glass";"13";"2.563077"
"Vinmonopolet";"4350104";"Nicolas Feuillatte One Four RosÃ©";"Nicolas Feuillatte One Four RosÃ©";"0";"170.9";"0.2";"854.5";"Champagne, rosÃ©";"Glass";"12";"7.120833"
"Vinmonopolet";"4351501";"Ch. de Laubade Vemork 1943 V.S.O.P.";"Ch. de Laubade Vemork  V.S.O.P.";"0";"865.9";"0.7";"1237";"Grape spirit";"Glass";"40";"3.0925002"
"Vinmonopolet";"4352301";"Anselmann Riesling Classic 2018";"Anselmann Riesling Classic";"2018";"184.9";"0.75";"246.53";"White wine";"Glass";"13";"1.8964102"
"Vinmonopolet";"4352401";"Anselmann Riesling SpÃ¤tlese 2017";"Anselmann Riesling SpÃ¤tlese";"2017";"179.9";"0.75";"239.87";"White wine";"Glass";"9.5";"2.524912"
"Vinmonopolet";"4352501";"Anselmann Riesling Kabinett 2019";"Anselmann Riesling Kabinett";"2019";"164.9";"0.75";"219.87";"White wine";"Glass";"10.5";"2.0939682"
"Vinmonopolet";"4353201";"ValdubÃ³n Roble 2016";"ValdubÃ³n Roble";"2016";"224.9";"0.75";"299.87";"RÃ¸dvin";"Glass";"14";"2.1419046"
"Vinmonopolet";"4354007";"Taittinger Brut RÃ©serve";"Taittinger Brut RÃ©serve";"0";"4900";"6";"816.67";"Champagne, brut";"Glass";"12.5";"6.5333333"
"Vinmonopolet";"4355301";"Sourz Raspberry";"Sourz Raspberry";"0";"197.9";"0.7";"282.71";"LikÃ¸r";"Glass";"15";"1.8847619"
"Vinmonopolet";"4355701";"Cave de Clairmont CrÃ´zes-Hermitage CuvÃ©e Classique 2018";"Cave de Clairmont CrÃ´zes-Hermitage CuvÃ©e Classique";"2018";"199.9";"0.75";"266.53";"RÃ¸dvin";"Glass";"14";"1.9038094"
"Vinmonopolet";"4356301";"Celeste 2017";"Celeste";"2017";"199.9";"0.75";"266.53";"RÃ¸dvin";"Glass";"14";"1.9038094"
"Vinmonopolet";"4356701";"Ramos Pinto Duas Quintas 2017";"Ramos Pinto Duas Quintas";"2017";"196";"0.75";"261.33";"RÃ¸dvin";"Glass";"14.5";"1.8022989"
"Vinmonopolet";"4356801";"Ramos Pinto 10 YO Tawny Quinta Ervamoria";"Ramos Pinto 10 YO Tawny Quinta Ervamoria";"0";"350";"0.75";"466.67";"Port wine";"Glass";"20";"2.3333333"
"Vinmonopolet";"4356901";"Ramos Pinto Porto Tawny 30 Years Old";"Ramos Pinto Porto Tawny 30 Years Old";"0";"765";"0.75";"1020";"Port wine";"Glass";"20.5";"4.97561"
"Vinmonopolet";"4357001";"Ramos Pinto Reserva Collector";"Ramos Pinto Reserva Collector";"2015";"265";"0.75";"353.33";"Port wine";"Glass";"19.5";"1.8119658"
"Vinmonopolet";"4357701";"Keller Riesling Von der Fels Trocken 2018";"Keller Riesling Von der Fels Trocken";"2018";"289.9";"0.75";"386.53";"White wine";"Glass";"12";"3.221111"
"Vinmonopolet";"4358301";"Seaman's Shot";"Seaman's Shot";"0";"284.9";"0.7";"407";"Other spirit";"Glass";"30";"1.3566667"
"Vinmonopolet";"4359702";"Luxardo Amaretto di Saschira";"Luxardo Amaretto di Saschira";"0";"249.9";"0.5";"499.8";"LikÃ¸r";"Glass";"28";"1.785"
"Vinmonopolet";"4360101";"Rioja Vega Reserva 2014";"Rioja Vega Reserva";"2014";"214.9";"0.75";"286.53";"RÃ¸dvin";"Glass";"14";"2.0466666"
"Vinmonopolet";"4362101";"Loredan Gasparini Venegazzu della Casa 2016";"Loredan Gasparini Venegazzu della Casa";"2016";"249.9";"0.75";"333.2";"RÃ¸dvin";"Glass";"13.5";"2.468148"
"Vinmonopolet";"4364107";"Nicolas Feuillatte Brut";"Nicolas Feuillatte Brut";"0";"2389.9";"3";"796.63";"Champagne, brut";"Glass";"12";"6.638611"
"Vinmonopolet";"4364207";"Nicolas Feuillatte Brut";"Nicolas Feuillatte Brut";"0";"4715.9";"6";"785.98";"Champagne, brut";"Glass";"12";"6.549861"
"Vinmonopolet";"4364307";"Nicolas Feuillatte Brut RÃ©serve";"Nicolas Feuillatte Brut RÃ©serve";"0";"7766.9";"9";"862.99";"Champagne, brut";"Glass";"12";"7.191574"
"Vinmonopolet";"4364501";"Ch. Cissac 2016";"Ch. Cissac";"2016";"344.9";"0.75";"459.87";"RÃ¸dvin";"Glass";"13";"3.5374358"
"Vinmonopolet";"4364505";"Ch. Cissac 2015";"Ch. Cissac";"2015";"779.9";"1.5";"519.93";"RÃ¸dvin";"Glass";"13";"3.9994874"
"Vinmonopolet";"4364507";"Ch. Cissac 2012";"Ch. Cissac";"2012";"1722.2";"3";"574.07";"RÃ¸dvin";"Glass";"12.5";"4.592533"
"Vinmonopolet";"4365201";"Laurent-Perrier Ultra Brut";"Laurent-Perrier Ultra Brut";"0";"499.9";"0.75";"666.53";"Champagne extra brut";"Glass";"12";"5.5544443"
"Vinmonopolet";"4366106";"Marques de dos Aguas";"Marques de dos Aguas";"0";"294.9";"2";"147.45";"RÃ¸dvin";"Bag-in-box";"12.5";"1.1796"
"Vinmonopolet";"4366201";"FjÃ¸llmat Akevitt";"FjÃ¸llmat Akevitt";"0";"444.9";"0.7";"635.57";"Aquavit";"Glass";"40";"1.5889286"
"Vinmonopolet";"4367001";"Aukrust: Solan V.S.O.P.";"Aukrust: Solan V.S.O.P.";"0";"539.9";"0.7";"771.29";"Grape spirit";"Glass";"40";"1.9282144"
"Vinmonopolet";"4367002";"Aukrust: Solan V.S.O.P.";"Aukrust: Solan V.S.O.P.";"0";"319.9";"0.35";"914";"Grape spirit";"Glass";"40";"2.285"
"Vinmonopolet";"4369105";"Bollinger la Grande AnnÃ©e Brut 2012";"Bollinger la Grande AnnÃ©e Brut";"2012";"2959.9";"1.5";"1973.27";"Champagne, brut";"Glass";"12";"16.443888"
"Vinmonopolet";"4370902";"Dom. Wachau Beerenauslese 2017";"Dom. Wachau Beerenauslese";"2017";"199.9";"0.38";"533.07";"White wine";"Glass";"10";"5.260526"
"Vinmonopolet";"4371202";"MÃ¶nchshof Bockbier";"MÃ¶nchshof Bockbier";"0";"70.9";"0.5";"141.8";"MÃ¸rk lager";"Glass";"6.9";"2.0550725"
"Vinmonopolet";"4372201";"Borghetti CaffÃ¨ Espresso";"Borghetti CaffÃ¨ Espresso";"0";"299.9";"0.7";"428.43";"LikÃ¸r";"Glass";"25";"1.7137142"
"Vinmonopolet";"4372401";"Quinta do Vesuvio Vintage 1995";"Quinta do Vesuvio Vintage";"1995";"1099";"0.75";"1465.33";"Port wine";"Glass";"20";"7.326667"
"Vinmonopolet";"4375801";"Lisini Ugolaia Brunello di Montalcino 2012";"Lisini Ugolaia Brunello di Montalcino";"2012";"949.9";"0.75";"1266.53";"RÃ¸dvin";"Glass";"14";"9.046667"
"Vinmonopolet";"4376401";"Dom. de l'Arlot Clos de Forets St Georges 1er Cru 2015";"Dom. de l'Arlot Clos de Forets St Georges 1er Cru";"2015";"769.9";"0.75";"1026.53";"RÃ¸dvin";"Glass";"13";"7.8964105"
"Vinmonopolet";"4376602";"Badia a Coltibuono Vin Santo del Chianti Classico 2010";"Badia a Coltibuono Vin Santo del Chianti Classico";"2010";"369.9";"0.38";"986.4";"White wine";"Glass";"15";"6.489474"
"Vinmonopolet";"4376701";"Badia a Coltibuono Chianti Classico 2016";"Badia a Coltibuono Chianti Classico";"2016";"225";"0.75";"300";"RÃ¸dvin";"Glass";"14";"2.142857"
"Vinmonopolet";"4377102";"Everclear Lightnin Moonshine";"Everclear Lightnin Moonshine";"0";"234.9";"0.5";"469.8";"Other spirit";"Glass";"40";"1.1745"
"Vinmonopolet";"4377301";"Aperol";"Aperol";"0";"219.9";"0.7";"314.14";"Other spirit";"Glass";"11";"2.855844"
"Vinmonopolet";"4377307";"Aperol";"Aperol";"0";"999.9";"3";"333.3";"Other spirit";"Glass";"11";"3.03"
"Vinmonopolet";"4381401";"Casa Emma Chianti Classico 2015";"Casa Emma Chianti Classico";"2015";"249.3";"0.75";"332.4";"RÃ¸dvin";"Glass";"13.5";"2.4622223"
"Vinmonopolet";"4382602";"Cartron Fruit de la Passion";"Cartron Fruit de la Passion";"0";"259.9";"0.5";"519.8";"LikÃ¸r";"Glass";"25";"2.0792"
"Vinmonopolet";"4386901";"Ramos Pinto Duas Quintas Reserva 2014";"Ramos Pinto Duas Quintas Reserva";"2014";"356";"0.75";"474.67";"RÃ¸dvin";"Glass";"15";"3.1644444"
"Vinmonopolet";"4387601";"Chivite Colleccion 125 Chardonnay 2016";"Chivite Colleccion 125 Chardonnay";"2016";"429.9";"0.75";"573.2";"White wine";"Glass";"14";"4.0942855"
"Vinmonopolet";"4388601";"The Fat Trout Blended Scotch Whisky";"The Fat Trout Blended Scotch Whisky";"0";"329.9";"0.7";"471.29";"Whisky";"Glass";"40";"1.1782143"
"Vinmonopolet";"4388602";"The Fat Trout";"The Fat Trout";"0";"259.9";"0.5";"519.8";"Whisky";"Plast";"40";"1.2995"
"Vinmonopolet";"4389703";"JÃ¤germeister";"JÃ¤germeister";"0";"49.9";"0.04";"1247.5";"Bitter	";"Glass";"35";"3.564286"
"Vinmonopolet";"4389901";"Gaja Sito Moresco 2017";"Gaja Sito Moresco";"2017";"449.9";"0.75";"599.87";"RÃ¸dvin";"Glass";"14";"4.284762"
"Vinmonopolet";"4390001";"Promis 2017";"Promis";"2017";"389.9";"0.75";"519.87";"RÃ¸dvin";"Glass";"14";"3.7133334"
"Vinmonopolet";"4390401";"MarquÃ©s de ChivÃ© Tempranillo Reserva 2015";"MarquÃ©s de ChivÃ© Tempranillo Reserva";"2015";"134.9";"0.75";"179.87";"RÃ¸dvin";"Glass";"12.5";"1.4389333"
"Vinmonopolet";"4390701";"MarquÃ©s de GriÃ±Ã³n Petit Verdot 2016";"MarquÃ©s de GriÃ±Ã³n Petit Verdot";"2016";"380.9";"0.75";"507.87";"RÃ¸dvin";"Glass";"14.5";"3.5025287"
"Vinmonopolet";"4390801";"MarquÃ©s de GriÃ±Ã³n Svmma Varietails 2014";"MarquÃ©s de GriÃ±Ã³n Svmma Varietails";"2014";"355.9";"0.75";"474.53";"RÃ¸dvin";"Glass";"15";"3.1635554"
"Vinmonopolet";"4390901";"MarquÃ©s de GriÃ±Ã³n Syrah 2015";"MarquÃ©s de GriÃ±Ã³n Syrah";"2015";"380.9";"0.75";"507.87";"RÃ¸dvin";"Glass";"14.5";"3.5025287"
"Vinmonopolet";"4392002";"Bols Lychee";"Bols Lychee";"0";"209.9";"0.5";"419.8";"LikÃ¸r";"Glass";"17";"2.4694116"
"Vinmonopolet";"4392504";"Cellier des Dauphins RosÃ©";"Cellier des Dauphins RosÃ©";"0";"64.9";"0.25";"259.6";"RosÃ©vin";"Glass";"12.5";"2.0768"
"Vinmonopolet";"4392601";"Banfi Brut";"Banfi Brut";"0";"299.9";"0.75";"399.87";"Sparkling wine";"Glass";"12.5";"3.1989334"
"Vinmonopolet";"4393601";"Ten.di Biserno Insoglio del Cinghiale";"Ten.di Biserno Insoglio del Cinghiale";"0";"360.1";"0.75";"480.13";"RÃ¸dvin";"Glass";"14";"3.429524"
"Vinmonopolet";"4394401";"Piper-Heidsieck Brut RosÃ© Sauvage";"Piper-Heidsieck Brut RosÃ© Sauvage";"0";"414.9";"0.75";"553.2";"Champagne, rosÃ©";"Glass";"12";"4.61"
"Vinmonopolet";"4395501";"El Dorado Rum 15 YO";"El Dorado Rum 15 YO";"0";"639.9";"0.7";"914.14";"Rum";"Glass";"43";"2.1259136"
"Vinmonopolet";"4395901";"Grand Sud Merlot 2018";"Grand Sud Merlot";"2018";"139.9";"0.75";"186.53";"RÃ¸dvin";"Glass";"13";"1.4348717"
"Vinmonopolet";"4397202";"Delirium Tremens";"Delirium Tremens";"0";"73.9";"0.33";"223.94";"Trappist";"Glass";"8.5";"2.634581"
"Vinmonopolet";"4398201";"Bollinger la Grande AnnÃ©e RosÃ© Brut 2007";"Bollinger la Grande AnnÃ©e RosÃ© Brut";"2007";"1999.9";"0.75";"2666.53";"Champagne, rosÃ©";"Glass";"12";"22.221111"
"Vinmonopolet";"4398601";"Maker's Mark Kentucky Straight Bourbon Whisky";"Maker's Mark Kentucky Straight Bourbon Whisky";"0";"499.9";"0.7";"714.14";"Whisky";"Glass";"45";"1.5869842"
"Vinmonopolet";"4398701";"Gobelsburger Urgestein Riesling 2018";"Gobelsburger Urgestein Riesling";"2018";"229.9";"0.75";"306.53";"White wine";"Glass";"12";"2.5544443"
"Vinmonopolet";"4399301";"Seghesio Sonoma Zinfandel 2017";"Seghesio Sonoma Zinfandel";"2017";"299.9";"0.75";"399.87";"RÃ¸dvin";"Glass";"15";"2.6657777"
"Vinmonopolet";"4401201";"Ch. des Jacques Moulin-a-Vent 2016";"Ch. des Jacques Moulin-a-Vent";"2016";"249.9";"0.75";"333.2";"RÃ¸dvin";"Glass";"14";"2.3799999"
"Vinmonopolet";"4401601";"Quinta da Aveleda Vinho Verde 2018";"Quinta da Aveleda Vinho Verde";"2018";"139.9";"0.75";"186.53";"White wine";"Glass";"11.5";"1.622029"
"Vinmonopolet";"4402101";"Terrazas Altos del Plata Chardonnay 2018";"Terrazas Altos del Plata Chardonnay";"2018";"179.9";"0.75";"239.87";"White wine";"Glass";"14";"1.7133332"
"Vinmonopolet";"4402201";"Veuve Clicquot Brut RosÃ©";"Veuve Clicquot Brut RosÃ©";"0";"514.9";"0.75";"686.53";"Champagne, rosÃ©";"Glass";"12.5";"5.492267"
"Vinmonopolet";"4402205";"Veuve Clicquot Brut RosÃ©";"Veuve Clicquot Brut RosÃ©";"0";"1374.9";"1.5";"916.6";"Champagne, rosÃ©";"Glass";"12.5";"7.3328"
"Vinmonopolet";"4402902";"Haandbryggeriet Ardenne Blond";"Haandbryggeriet Ardenne Blond";"0";"84.3";"0.5";"168.6";"Saison farmhouse ale";"Glass";"7.5";"2.2480001"
"Vinmonopolet";"4403001";"Jameson";"Jameson";"0";"549.9";"1";"549.9";"Whisky";"Glass";"40";"1.37475"
"Vinmonopolet";"4403101";"Roux Saint-Aubin L'Ebaupin 2017";"Roux Saint-Aubin L'Ebaupin";"2017";"279.9";"0.75";"373.2";"RÃ¸dvin";"Glass";"13";"2.8707693"
"Vinmonopolet";"4404101";"Ch. La LouviÃ¨re 2014";"Ch. La LouviÃ¨re";"2014";"434.9";"0.75";"579.87";"White wine";"Glass";"13";"4.4605126"
"Vinmonopolet";"4405001";"AlbariÃ±o de FefiÃ±anes 2019";"AlbariÃ±o de FefiÃ±anes";"2019";"250";"0.75";"333.33";"White wine";"Glass";"13.5";"2.4691358"
"Vinmonopolet";"4405401";"Chignin Vieilles Vignes 2018";"Chignin Vieilles Vignes";"2018";"184.9";"0.75";"246.53";"White wine";"Glass";"11.5";"2.143768"
"Vinmonopolet";"4405501";"Chignin Mondeuse Vieilles Vignes 2016";"Chignin Mondeuse Vieilles Vignes";"2016";"244.9";"0.75";"326.53";"RÃ¸dvin";"Glass";"12";"2.721111"
"Vinmonopolet";"4406601";"Alamos Pinot Noir 2017";"Alamos Pinot Noir";"2017";"167.9";"0.75";"223.87";"RÃ¸dvin";"Glass";"12.5";"1.7909333"
"Vinmonopolet";"4407301";"Beyer Riesling les Ecailler 2012";"Beyer Riesling les Ecailler";"2012";"339";"0.75";"452";"White wine";"Glass";"13";"3.476923"
"Vinmonopolet";"4407501";"Mas DonÃ­s Rosat 2018";"Mas DonÃ­s Rosat";"2018";"149.9";"0.75";"199.87";"RosÃ©vin";"Glass";"13.5";"1.4804938"
"Vinmonopolet";"4407701";"Nicolas Catena Zapata 2014";"Nicolas Catena Zapata";"2014";"649";"0.75";"865.33";"RÃ¸dvin";"Glass";"13.5";"6.4098763"
"Vinmonopolet";"4408001";"Matua Marlborough Sauvignon Blanc 2019";"Matua Marlborough Sauvignon Blanc";"2019";"137.9";"0.75";"183.87";"White wine";"Glass";"13.5";"1.3619752"
"Vinmonopolet";"4409601";"Clotilde Davenne Chablis 2018";"Clotilde Davenne Chablis";"2018";"214.9";"0.75";"286.53";"White wine";"Glass";"12.5";"2.2922666"
"Vinmonopolet";"4409901";"Lequin-Colin Santenay Vieilles Vignes 2017";"Lequin-Colin Santenay Vieilles Vignes";"2017";"239.9";"0.75";"319.87";"RÃ¸dvin";"Glass";"13";"2.4605129"
"Vinmonopolet";"4410006";"Arne Brimis Hytte, Grill & Turvin";"Arne Brimis Hytte, Grill & Turvin";"0";"499.9";"3";"166.63";"RÃ¸dvin";"Bag-in-box";"14";"1.1902381"
"Vinmonopolet";"4410601";"Lequin-Colin Pommard Les Noizons 2017";"Lequin-Colin Pommard Les Noizons";"2017";"419.9";"0.75";"559.87";"RÃ¸dvin";"Glass";"13";"4.3066664"
"Vinmonopolet";"4411201";"Ten. Olim Bauda Barbera d'Asti La Villa 2015";"Ten. Olim Bauda Barbera d'Asti La Villa";"2015";"209.9";"0.75";"279.87";"RÃ¸dvin";"Glass";"13.5";"2.0730863"
"Vinmonopolet";"4413801";"Tremblay Chablis 1er Cru Fourchaume Vieilles Vignes 2018";"Tremblay Chablis 1er Cru Fourchaume Vieilles Vignes";"2018";"349.9";"0.75";"466.53";"White wine";"Glass";"13";"3.588718"
"Vinmonopolet";"4414001";"Zenato Lugana 2016";"Zenato Lugana";"2016";"369.9";"0.75";"493.2";"White wine";"Glass";"13.5";"3.6533332"
"Vinmonopolet";"4414801";"Patrice Rion Bourgogne Rouge 2017";"Patrice Rion Bourgogne Rouge";"2017";"268.1";"0.75";"357.47";"RÃ¸dvin";"Glass";"12.5";"2.8597333"
"Vinmonopolet";"4415001";"Brocard Chablis 1er Cru Vaulorent 2015";"Brocard Chablis 1er Cru Vaulorent";"2015";"389.9";"0.75";"519.87";"White wine";"Glass";"13";"3.9989743"
"Vinmonopolet";"4415501";"Gaba do Xil Godello 2019";"Gaba do Xil Godello";"2019";"194.9";"0.75";"259.87";"White wine";"Glass";"13";"1.9989743"
"Vinmonopolet";"4415801";"MalvirÃ  Roero Arneis Saglietto 2016";"MalvirÃ  Roero Arneis Saglietto";"2016";"232";"0.75";"309.33";"White wine";"Glass";"13.5";"2.291358"
"Vinmonopolet";"4416101";"Brocard Chablis Premier Cru Vau de Vey 2017";"Brocard Chablis Premier Cru Vau de Vey";"2017";"319.9";"0.75";"426.53";"White wine";"Glass";"13";"3.2810256"
"Vinmonopolet";"4416401";"Ferrari Trento Brut RosÃ©";"Ferrari Trento Brut RosÃ©";"0";"310.1";"0.75";"413.47";"Musserende vin, rosÃ©";"Glass";"12.5";"3.3077333"
"Vinmonopolet";"4422201";"Suavia Soave Classico Monte Carbonare Garganega 2016";"Suavia Soave Classico Monte Carbonare Garganega";"2016";"259.9";"0.75";"346.53";"White wine";"Glass";"13";"2.665641"
"Vinmonopolet";"4422301";"Suavia Soave Classico 2017";"Suavia Soave Classico";"2017";"193.9";"0.75";"258.53";"White wine";"Glass";"12.5";"2.0682666"
"Vinmonopolet";"4422801";"Emrich-SchÃ¶nleber Riesling Trocken 2017";"Emrich-SchÃ¶nleber Riesling Trocken";"2017";"221.9";"0.75";"295.87";"White wine";"Glass";"12";"2.4655554"
"Vinmonopolet";"4423501";"HervÃ© Souhaut La Souteronne 2018";"HervÃ© Souhaut La Souteronne";"2018";"295";"0.75";"393.33";"RÃ¸dvin";"Glass";"13.5";"2.9135802"
"Vinmonopolet";"4427801";"Prunotto Roero Arneis 2017";"Prunotto Roero Arneis";"2017";"229";"0.75";"305.33";"White wine";"Glass";"13.5";"2.2617283"
"Vinmonopolet";"4428201";"Hardanger Sider Tradisjonell 2018";"Hardanger Sider Tradisjonell";"2018";"155.6";"0.75";"207.47";"Cider";"Glass";"8";"2.5933335"
"Vinmonopolet";"4434105";"Montecillo Gran Reserva SelectiÃ³n Especial 1981";"Montecillo Gran Reserva SelectiÃ³n Especial";"1981";"1249.9";"1.5";"833.27";"RÃ¸dvin";"Glass";"12.5";"6.6661334"
"Vinmonopolet";"4434502";"Henry Natter Sancerre 2018";"Henry Natter Sancerre";"2018";"129.9";"0.38";"346.4";"White wine";"Glass";"14";"2.4417293"
"Vinmonopolet";"4435301";"Henry Natter Sancerre CuvÃ©e FranÃ§ois de la Grange de Montigny 2016";"Henry Natter Sancerre CuvÃ©e FranÃ§ois de la Grange de Montigny";"2016";"319.9";"0.75";"426.53";"White wine";"Glass";"12.5";"3.4122665"
"Vinmonopolet";"4435602";"Jacopo Poli Grappa Elevata in Barilli di Torcolato";"Jacopo Poli Grappa Elevata in Barilli di Torcolato";"0";"599.9";"0.5";"1199.8";"Grape spirit";"Glass";"40";"2.9995"
"Vinmonopolet";"4435702";"Jacopo Poli Grappa Vespaiolo";"Jacopo Poli Grappa Vespaiolo";"0";"599.9";"0.5";"1199.8";"Grape spirit";"Glass";"40";"2.9995"
"Vinmonopolet";"4435801";"Argiolas Costera Cannonau di Sardegna 2016";"Argiolas Costera Cannonau di Sardegna";"2016";"200.3";"0.75";"267.07";"RÃ¸dvin";"Glass";"14";"1.9076191"
"Vinmonopolet";"4437601";"Arlaud Roncevie Bourgogne 2017";"Arlaud Roncevie Bourgogne";"2017";"298";"0.75";"397.33";"RÃ¸dvin";"Glass";"12.5";"3.1786666"
"Vinmonopolet";"4437801";"Girardin Chassagne-Montrachet 1er Cru Les ChaumÃ©e 2014";"Girardin Chassagne-Montrachet 1er Cru Les ChaumÃ©e";"2014";"589.8";"0.75";"786.4";"White wine";"Glass";"13.5";"5.8251853"
"Vinmonopolet";"4438101";"Diel Dorsheimer Riesling Trocken 2017";"Diel Dorsheimer Riesling Trocken";"2017";"245.1";"0.75";"326.8";"White wine";"Glass";"11.5";"2.8417392"
"Vinmonopolet";"4438205";"C. Moreau Chablis Grand Cru Les Clos des Hospices 2013";"C. Moreau Chablis Grand Cru Les Clos des Hospices";"2013";"1285";"1.5";"856.67";"White wine";"Glass";"13";"6.5897436"
"Vinmonopolet";"4438301";"C. Moreau Petit Chablis 2016";"C. Moreau Petit Chablis";"2016";"225";"0.75";"300";"White wine";"Glass";"12";"2.5"
"Vinmonopolet";"4438405";"C. Moreau Chablis Grand Cru Les Clos";"C. Moreau Chablis Grand Cru Les Clos";"2016";"1158.8";"1.5";"772.53";"White wine";"Glass";"13";"5.9425645"
"Vinmonopolet";"4439701";"Ch. Musar Blanc 2010";"Ch. Musar Blanc";"2010";"419.9";"0.75";"559.87";"White wine";"Glass";"12";"4.6655555"
"Vinmonopolet";"4439901";"Villa Borghetti Amarone 2016";"Villa Borghetti Amarone";"2016";"299.9";"0.75";"399.87";"RÃ¸dvin";"Glass";"15";"2.6657777"
"Vinmonopolet";"4440101";"Cecilia Beretta Picaie 2012";"Cecilia Beretta Picaie";"2012";"229.9";"0.75";"306.53";"RÃ¸dvin";"Glass";"14.5";"2.114023"
"Vinmonopolet";"4440201";"Cecilia Beretta Valpolicella Superiore Ripasso 2017";"Cecilia Beretta Valpolicella Superiore Ripasso";"2017";"175";"0.75";"233.33";"RÃ¸dvin";"Glass";"13.5";"1.7283951"
"Vinmonopolet";"4440401";"Brunel C D R CÃ´tes du RhÃ´ne";"Brunel C D R CÃ´tes du RhÃ´ne";"2012";"144.9";"0.75";"193.2";"RÃ¸dvin";"Glass";"13.5";"1.4311111"
"Vinmonopolet";"4441001";"Campo Viejo Cava Brut Reserva";"Campo Viejo Cava Brut Reserva";"0";"119.9";"0.75";"159.87";"Sparkling wine";"Glass";"11.5";"1.390145"
"Vinmonopolet";"4441501";"Montes Alpha Syrah 2017";"Montes Alpha Syrah";"2017";"239";"0.75";"318.67";"RÃ¸dvin";"Glass";"14.5";"2.1977012"
"Vinmonopolet";"4441601";"Montes Pinot Noir 2016";"Montes Pinot Noir";"2016";"185";"0.75";"246.67";"RÃ¸dvin";"Glass";"14";"1.7619047"
"Vinmonopolet";"4441701";"Soerlie XO";"Soerlie XO";"0";"579";"0.7";"827.14";"Grape spirit";"Glass";"40";"2.0678573"
"Vinmonopolet";"4441703";"Soerlie X.O.";"Soerlie X.O.";"0";"69.9";"0.05";"1398";"Grape spirit";"Glass";"40";"3.4950001"
"Vinmonopolet";"4441801";"Soerlie V.S.O.P.";"Soerlie V.S.O.P.";"0";"469";"0.7";"670";"Grape spirit";"Glass";"40";"1.6750001"
"Vinmonopolet";"4441802";"Soerlie V.S.O.P.";"Soerlie V.S.O.P.";"0";"449";"0.5";"898";"Grape spirit";"Glass";"40";"2.245"
"Vinmonopolet";"4441803";"Soerlie V.S.O.P.";"Soerlie V.S.O.P.";"0";"65";"0.05";"1300";"Grape spirit";"Glass";"40";"3.25"
"Vinmonopolet";"4442202";"Glenmorangie The Original";"Glenmorangie The Original";"0";"289.9";"0.35";"828.29";"Whisky";"Glass";"40";"2.0707142"
"Vinmonopolet";"4442601";"Bila-Haut CÃ´tes du Roussillon 2017";"Bila-Haut CÃ´tes du Roussillon";"2017";"169.9";"0.75";"226.53";"RÃ¸dvin";"Glass";"14.5";"1.5622988"
"Vinmonopolet";"4442901";"Umani Ronchi Villa Bianchi Verdicchio dei Castelli di Jesi 2017";"Umani Ronchi Villa Bianchi Verdicchio dei Castelli di Jesi";"2017";"169.9";"0.75";"226.53";"White wine";"Glass";"12";"1.8877777"
"Vinmonopolet";"4443101";"Black Bottle 5 YO";"Black Bottle 5 YO";"0";"389.9";"0.7";"557";"Whisky";"Glass";"40";"1.3925"
"Vinmonopolet";"4444501";"Terrazas de Los Andes Cabernet Sauvignon 2014";"Terrazas de Los Andes Cabernet Sauvignon";"2014";"209.9";"0.75";"279.87";"RÃ¸dvin";"Glass";"15";"1.8657777"
"Vinmonopolet";"4444701";"Terrazas Altos del Plata Cabernet Sauvignon 2014";"Terrazas Altos del Plata Cabernet Sauvignon";"2014";"179.9";"0.75";"239.87";"RÃ¸dvin";"Glass";"14";"1.7133332"
"Vinmonopolet";"4444901";"Terrazas Single Vineyard Malbec 2017";"Terrazas Single Vineyard Malbec";"2017";"429.9";"0.75";"573.2";"RÃ¸dvin";"Glass";"14.5";"3.9531033"
"Vinmonopolet";"4445001";"Terrazas de Los Andes Malbec 2017";"Terrazas de Los Andes Malbec";"2017";"184.9";"0.75";"246.53";"RÃ¸dvin";"Glass";"13.5";"1.8261728"
"Vinmonopolet";"4445101";"Terrazas Altos del Plata Malbec 2017";"Terrazas Altos del Plata Malbec";"2017";"179.9";"0.75";"239.87";"RÃ¸dvin";"Glass";"13";"1.8451282"
"Vinmonopolet";"4445201";"Krug RosÃ© Brut";"Krug RosÃ© Brut";"0";"3349.9";"0.75";"4466.53";"Champagne, rosÃ©";"Glass";"12.5";"35.732265"
"Vinmonopolet";"4445601";"Belvedere Citrus";"Belvedere Citrus";"0";"649.9";"0.7";"928.43";"Vodka";"Glass";"40";"2.3210716"
"Vinmonopolet";"4445701";"Belvedere Vodka";"Belvedere Vodka";"0";"549.9";"0.7";"785.57";"Vodka";"Glass";"40";"1.9639287"
"Vinmonopolet";"4445801";"Cape Mentelle Cabernet Merlot Trinders 2014";"Cape Mentelle Cabernet Merlot Trinders";"2014";"259.9";"0.75";"346.53";"RÃ¸dvin";"Glass";"14";"2.475238"
"Vinmonopolet";"4445901";"Cape Mentelle Sauvignon Semillon 2017";"Cape Mentelle Sauvignon Semillon";"2017";"214.9";"0.75";"286.53";"White wine";"Glass";"13";"2.2041025"
"Vinmonopolet";"4446001";"Cape Mentelle Cabernet Sauvignon 2016";"Cape Mentelle Cabernet Sauvignon";"2016";"599.9";"0.75";"799.87";"RÃ¸dvin";"Glass";"14";"5.7133336"
"Vinmonopolet";"4446101";"Cape Mentelle Shiraz 2017";"Cape Mentelle Shiraz";"2017";"304.9";"0.75";"406.53";"RÃ¸dvin";"Glass";"14";"2.9038095"
"Vinmonopolet";"4446201";"Camille SavÃ¨s Carte d'Or Grand Cru Brut";"Camille SavÃ¨s Carte d'Or Grand Cru Brut";"0";"399.9";"0.75";"533.2";"Champagne, brut";"Glass";"12";"4.443333"
"Vinmonopolet";"4446301";"Camille SavÃ¨s Carte Blanche Brut";"Camille SavÃ¨s Carte Blanche Brut";"0";"348.9";"0.75";"465.2";"Champagne, brut";"Glass";"12";"3.8766665"
"Vinmonopolet";"4446401";"Cailbourdin Pouilly-FumÃ© Les Cris 2018";"Cailbourdin Pouilly-FumÃ© Les Cris";"2018";"254";"0.75";"338.67";"White wine";"Glass";"13";"2.6051283"
"Vinmonopolet";"4446501";"Saladini Pilastri Rosso Piceno 2019";"Saladini Pilastri Rosso Piceno";"2019";"129.9";"0.75";"173.2";"RÃ¸dvin";"Glass";"13";"1.3323076"
"Vinmonopolet";"4446506";"Saladini Pilastri Rosso Piceno 2018";"Saladini Pilastri Rosso Piceno";"2018";"439.9";"3";"146.63";"RÃ¸dvin";"Bag-in-box";"13";"1.1279488"
"Vinmonopolet";"4446601";"Pilastri Rosso Piceno Superiore Montinello 2015";"Pilastri Rosso Piceno Superiore Montinello";"2015";"184.9";"0.75";"246.53";"RÃ¸dvin";"Glass";"13.5";"1.8261728"
"Vinmonopolet";"4447701";"Claude Cazals Blanc de Blancs Grand Cru CuvÃ©e Vive, Extra Brut";"Claude Cazals Blanc de Blancs Grand Cru CuvÃ©e Vive, Extra Brut";"0";"408";"0.75";"544";"Champagne extra brut";"Glass";"12.5";"4.352"
"Vinmonopolet";"4449101";"Jacob's Creek Sparkling RosÃ©";"Jacob's Creek Sparkling RosÃ©";"0";"121.9";"0.75";"162.53";"Musserende vin, rosÃ©";"Glass";"11.5";"1.4133333"
"Vinmonopolet";"4449301";"Campogiovanni Brunello di Montalcino 2013";"Campogiovanni Brunello di Montalcino";"2013";"449.4";"0.75";"599.2";"RÃ¸dvin";"Glass";"14.5";"4.132414"
"Vinmonopolet";"4450201";"Angostura 1824";"Angostura";"0";"695";"0.7";"992.86";"Rum";"Glass";"40";"2.482143"
"Vinmonopolet";"4450401";"Glengoyne 10 Years Old";"Glengoyne 10 Years Old";"0";"649.9";"0.7";"928.43";"Whisky";"Glass";"40";"2.3210716"
"Vinmonopolet";"4453201";"Planeta Cometa 2018";"Planeta Cometa";"2018";"365.2";"0.75";"486.93";"White wine";"Glass";"13.5";"3.6069138"
"Vinmonopolet";"4453602";"Marco de Bartoli Marsala Superiore 10 Anni";"Marco de Bartoli Marsala Superiore 10 Anni";"0";"499.9";"0.5";"999.8";"Fortified wine";"Glass";"18.5";"5.404324"
"Vinmonopolet";"4453702";"Marco de Bartoli Marsala Superiore Oro Vigna La Miccia";"Marco de Bartoli Marsala Superiore Oro Vigna La Miccia";"0";"375";"0.5";"750";"Fortified wine";"Glass";"18.5";"4.0540543"
"Vinmonopolet";"4454001";"Col d'Orcia Brunello di Montalcino 2015";"Col d'Orcia Brunello di Montalcino";"2015";"345";"0.75";"460";"RÃ¸dvin";"Glass";"14.5";"3.1724138"
"Vinmonopolet";"4454005";"Col d'Orcia Brunello di Montalcino 2014";"Col d'Orcia Brunello di Montalcino";"2014";"755";"1.5";"503.33";"RÃ¸dvin";"Glass";"14.5";"3.4712644"
"Vinmonopolet";"4456401";"Arne Brimi viltvin 2018";"Arne Brimi viltvin";"2018";"195.9";"0.75";"261.2";"RÃ¸dvin";"Glass";"14.5";"1.8013792"
"Vinmonopolet";"4459702";"Molino Real 2014";"Molino Real";"2014";"362";"0.5";"724";"White wine";"Glass";"13.5";"5.362963"
"Vinmonopolet";"4460202";"Selvapiana Vin Santo del Chianti Rufina 2011";"Selvapiana Vin Santo del Chianti Rufina";"2011";"341";"0.5";"682";"White wine";"Glass";"13.5";"5.0518517"
"Vinmonopolet";"4460402";"Rochefort 10 Trappist";"Rochefort 10 Trappist";"0";"81.9";"0.33";"248.18";"Trappist";"Glass";"11.3";"2.196299"
"Vinmonopolet";"4460502";"Rochefort 8 Trappist";"Rochefort 8 Trappist";"0";"69.9";"0.33";"211.82";"Trappist";"Glass";"9.2";"2.3023715"
"Vinmonopolet";"4461501";"Cigliuti Barbera d`Alba Serraboella 2017";"Cigliuti Barbera d`Alba Serraboella";"2017";"279.9";"0.75";"373.2";"RÃ¸dvin";"Glass";"15";"2.488"
"Vinmonopolet";"4461801";"MarquÃ©s de Monistrol Semi Seco";"MarquÃ©s de Monistrol Semi Seco";"0";"125.9";"0.75";"167.87";"Sparkling wine";"Glass";"11";"1.5260606"
"Vinmonopolet";"4462001";"Palladino Sagace Barbera d'Alba Superiore 2017";"Palladino Sagace Barbera d'Alba Superiore";"2017";"177";"0.75";"236";"RÃ¸dvin";"Glass";"13.5";"1.7481482"
"Vinmonopolet";"4463101";"Schloss Lieser Riesling Kabinett 2017";"Schloss Lieser Riesling Kabinett";"2017";"204.9";"0.75";"273.2";"White wine";"Glass";"8.5";"3.2141175"
"Vinmonopolet";"4463201";"Schloss Lieser Riesling 2018";"Schloss Lieser Riesling";"2018";"189.9";"0.75";"253.2";"White wine";"Glass";"12.5";"2.0256"
"Vinmonopolet";"4463401";"Ch. des Erles CuvÃ©e des Ardoises 2017";"Ch. des Erles CuvÃ©e des Ardoises";"2017";"159.9";"0.75";"213.2";"RÃ¸dvin";"Glass";"13.5";"1.5792592"
"Vinmonopolet";"4465201";"Dominio de Tares Cepas Viejas 2011";"Dominio de Tares Cepas Viejas";"2011";"255";"0.75";"340";"RÃ¸dvin";"Glass";"14.5";"2.3448277"
"Vinmonopolet";"4465501";"Amarone Torre del Falasco 2016";"Amarone Torre del Falasco";"2016";"329.9";"0.75";"439.87";"RÃ¸dvin";"Glass";"15.5";"2.8378494"
"Vinmonopolet";"4465505";"Amarone Torre del Falasco 2015";"Amarone Torre del Falasco";"2015";"674.9";"1.5";"449.93";"RÃ¸dvin";"Glass";"15";"2.9995556"
"Vinmonopolet";"4465701";"Tissot Savagnin 2016";"Tissot Savagnin";"2016";"454.9";"0.75";"606.53";"White wine";"Glass";"13.5";"4.4928393"
"Vinmonopolet";"4469101";"Fontanafredda Briccotondo Barbera 2018";"Fontanafredda Briccotondo Barbera";"2018";"164.9";"0.75";"219.87";"RÃ¸dvin";"Glass";"13.5";"1.628642"
"Vinmonopolet";"4469501";"Louis Moreau Chablis Grand Cru Les Clos 2016";"Louis Moreau Chablis Grand Cru Les Clos";"2016";"589.9";"0.75";"786.53";"White wine";"Glass";"13";"6.0502567"
"Vinmonopolet";"4469601";"Louis Moreau Chablis 1er Cru Vaillons 2017";"Louis Moreau Chablis 1er Cru Vaillons";"2017";"399.9";"0.75";"533.2";"White wine";"Glass";"12.5";"4.2655997"
"Vinmonopolet";"4470501";"Markus Molitor Riesling Trocken 2018";"Markus Molitor Riesling Trocken";"2018";"164.9";"0.75";"219.87";"White wine";"Glass";"11.5";"1.911884"
"Vinmonopolet";"4471601";"Marina Cvetic Montepulciano d'Abruzzo Riserva";"Marina Cvetic Montepulciano d'Abruzzo Riserva";"2015";"298.9";"0.75";"398.53";"RÃ¸dvin";"Glass";"14.5";"2.7485056"
"Vinmonopolet";"4472001";"Allesverloren Fine Old Vintage 2012";"Allesverloren Fine Old Vintage";"2012";"214.9";"0.75";"286.53";"Fortified wine";"Glass";"19.5";"1.4694017"
"Vinmonopolet";"4472201";"Allesverloren Cabernet Sauvignon 2016";"Allesverloren Cabernet Sauvignon";"2016";"159.9";"0.75";"213.2";"RÃ¸dvin";"Glass";"13.5";"1.5792592"
"Vinmonopolet";"4472501";"Chapoutier Belleruche 2017";"Chapoutier Belleruche";"2017";"169.9";"0.75";"226.53";"RÃ¸dvin";"Glass";"14";"1.6180952"
"Vinmonopolet";"4472701";"Ch. des Erles 2017";"Ch. des Erles";"2017";"199.8";"0.75";"266.4";"RÃ¸dvin";"Glass";"13.5";"1.9733334"
"Vinmonopolet";"4473002";"Kracher CuvÃ©e Beerenauslese 2017";"Kracher CuvÃ©e Beerenauslese";"2017";"199.9";"0.38";"533.07";"White wine";"Glass";"11";"4.7822967"
"Vinmonopolet";"4473601";"Barone Ricasoli Torricella";"Barone Ricasoli Torricella";"2016";"209.9";"0.75";"279.87";"White wine";"Glass";"13";"2.1528203"
"Vinmonopolet";"4476301";"Moccagatta Barbaresco 2016";"Moccagatta Barbaresco";"2016";"425";"0.75";"566.67";"RÃ¸dvin";"Glass";"14.5";"3.908046"
"Vinmonopolet";"4478502";"Haandbryggeriet Nissefar";"Haandbryggeriet Nissefar";"0";"87.2";"0.5";"174.4";"Special";"Glass";"7";"2.4914284"
"Vinmonopolet";"4478602";"Haandbryggeriet Nissemor";"Haandbryggeriet Nissemor";"0";"85.3";"0.5";"170.6";"Special";"Glass";"6";"2.8433335"
"Vinmonopolet";"4478801";"Costa di Bussia Barbera d'Alba";"Costa di Bussia Barbera d'Alba";"2017";"214.9";"0.75";"286.53";"RÃ¸dvin";"Glass";"14.5";"1.9760919"
"Vinmonopolet";"4481601";"Moreau-Naudet Chablis Vieilles Vignes Pargeus 2017";"Moreau-Naudet Chablis Vieilles Vignes Pargeus";"2017";"299";"0.75";"398.67";"White wine";"Glass";"12.5";"3.1893334"
"Vinmonopolet";"4483501";"Perrin Vinsobres Les Cornuds 2017";"Perrin Vinsobres Les Cornuds";"2017";"219.9";"0.75";"293.2";"RÃ¸dvin";"Glass";"13.5";"2.1718519"
"Vinmonopolet";"4483701";"Matrot Bourgogne Chardonnay 2017";"Matrot Bourgogne Chardonnay";"2017";"250";"0.75";"333.33";"White wine";"Glass";"12.5";"2.6666667"
"Vinmonopolet";"4484001";"Serge Laloue Sancerre 2019";"Serge Laloue Sancerre";"2019";"256";"0.75";"341.33";"White wine";"Glass";"13.5";"2.5283952"
"Vinmonopolet";"4486701";"S. Accordini Amarone della Valpolicella Classico Il Fornetto 2012";"S. Accordini Amarone della Valpolicella Classico Il Fornetto";"2012";"825";"0.75";"1100";"RÃ¸dvin";"Glass";"16.5";"6.6666665"
"Vinmonopolet";"4487101";"Franz Haas Pinot Grigio Alto Adige 2017";"Franz Haas Pinot Grigio Alto Adige";"2017";"224.9";"0.75";"299.87";"White wine";"Glass";"13";"2.3066666"
"Vinmonopolet";"4488602";"Kirow Vodka";"Kirow Vodka";"0";"211.9";"0.5";"423.8";"Vodka";"Plast";"37.5";"1.1301333"
"Vinmonopolet";"4489301";"Barbaresco Ricossa 2016";"Barbaresco Ricossa";"2016";"249.9";"0.75";"333.2";"RÃ¸dvin";"Glass";"13.5";"2.468148"
"Vinmonopolet";"4489401";"Barolo Ricossa 2015";"Barolo Ricossa";"2015";"279.9";"0.75";"373.2";"RÃ¸dvin";"Glass";"13.5";"2.7644444"
"Vinmonopolet";"4491301";"Louis Boillot Nuits-St.-Georges 1er Cru Pruliers 2003";"Louis Boillot Nuits-St.-Georges 1er Cru Pruliers";"2003";"609.9";"0.75";"813.2";"RÃ¸dvin";"Glass";"13";"6.255385"
"Vinmonopolet";"4491701";"Cadenhead's Old Raj Dry Gin";"Cadenhead's Old Raj Dry Gin";"0";"609.9";"0.7";"871.29";"Gin";"Glass";"55";"1.5841559"
"Vinmonopolet";"4492002";"Etter Williams";"Etter Williams";"0";"399.9";"0.35";"1142.57";"Fruit spirit";"Glass";"42";"2.7204082"
"Vinmonopolet";"4493001";"Vajra Barolo Albe 2015";"Vajra Barolo Albe";"2015";"360";"0.75";"480";"RÃ¸dvin";"Glass";"14";"3.4285715"
"Vinmonopolet";"4494901";"Maschio Treviso Prosecco Extra Dry";"Maschio Treviso Prosecco Extra Dry";"0";"139";"0.75";"185.33";"Sparkling wine";"Glass";"11";"1.6848484"
"Vinmonopolet";"4497501";"Casillero del Diablo Carmenere 2017";"Casillero del Diablo Carmenere";"2017";"114.9";"0.75";"153.2";"RÃ¸dvin";"Glass";"13.5";"1.1348149"
"Vinmonopolet";"4497901";"Fanti Sant Antimo Rosso 2016";"Fanti Sant Antimo Rosso";"2016";"259.9";"0.75";"346.53";"RÃ¸dvin";"Glass";"14";"2.475238"
"Vinmonopolet";"4499701";"HervÃ© Souhaut Syrah 2018";"HervÃ© Souhaut Syrah";"2018";"310";"0.75";"413.33";"RÃ¸dvin";"Glass";"13";"3.1794872"
"Vinmonopolet";"4500301";"DeLoach Chardonnay Russian River 2016";"DeLoach Chardonnay Russian River";"2016";"259.9";"0.75";"346.53";"White wine";"Glass";"14.5";"2.389885"
"Vinmonopolet";"4501501";"Juillot CuvÃ©e Pierre 2017";"Juillot CuvÃ©e Pierre";"2017";"229.9";"0.75";"306.53";"RÃ¸dvin";"Glass";"12.5";"2.4522667"
"Vinmonopolet";"4501601";"Juillot CuvÃ©e Juliette Chardonnay 2018";"Juillot CuvÃ©e Juliette Chardonnay";"2018";"229.9";"0.75";"306.53";"White wine";"Glass";"13";"2.3579485"
"Vinmonopolet";"4502701";"Lanson Noble CuvÃ©e Vintage 2002";"Lanson Noble CuvÃ©e Vintage";"2002";"1299";"0.75";"1732";"Champagne, brut";"Glass";"12.5";"13.856"
"Vinmonopolet";"4503505";"Dom. d'AndÃ©zon Vieilles Vignes 2018";"Dom. d'AndÃ©zon Vieilles Vignes";"2018";"329.9";"1.5";"219.93";"RÃ¸dvin";"Glass";"14";"1.5709523"
"Vinmonopolet";"4503701";"Dom. d'AndÃ©zon Trani 2016";"Dom. d'AndÃ©zon Trani";"2016";"259.9";"0.75";"346.53";"RÃ¸dvin";"Glass";"14";"2.475238"
"Vinmonopolet";"4504201";"Talenti Rosso di Montalcino 2018";"Talenti Rosso di Montalcino";"2018";"249.9";"0.75";"333.2";"RÃ¸dvin";"Glass";"14.5";"2.297931"
"Vinmonopolet";"4504401";"Ostertag Sylvaner Vieilles Vignes 2018";"Ostertag Sylvaner Vieilles Vignes";"2018";"229.9";"0.75";"306.53";"White wine";"Glass";"12.5";"2.4522667"
"Vinmonopolet";"4504501";"Selbach Zeltinger Schlossberg Riesling Kabinett 2016";"Selbach Zeltinger Schlossberg Riesling Kabinett";"2016";"226.9";"0.75";"302.53";"White wine";"Glass";"8.5";"3.5592155"
"Vinmonopolet";"4504701";"Matrot Meursault Blagny 2016";"Matrot Meursault Blagny";"2016";"628";"0.75";"837.33";"White wine";"Glass";"13";"6.4410257"
"Vinmonopolet";"4505101";"C. Moreau Chablis 2016";"C. Moreau Chablis";"2016";"254.8";"0.75";"339.73";"White wine";"Glass";"12.5";"2.7178667"
"Vinmonopolet";"4506801";"Crozes Hermitage La Petite Ruche 2017";"Crozes Hermitage La Petite Ruche";"2017";"219.9";"0.75";"293.2";"RÃ¸dvin";"Glass";"13";"2.2553844"
"Vinmonopolet";"4507702";"Muffato Della Sala 2015";"Muffato Della Sala";"2015";"335";"0.5";"670";"White wine";"Glass";"12";"5.5833335"
"Vinmonopolet";"4508001";"Smokehead Single Malt";"Smokehead Single Malt";"0";"679.9";"0.7";"971.29";"Whisky";"Glass";"43";"2.258804"
"Vinmonopolet";"4508901";"Boffa Vigna MuntrivÃ© Barbera d'Asti 2016";"Boffa Vigna MuntrivÃ© Barbera d'Asti";"2016";"249.9";"0.75";"333.2";"RÃ¸dvin";"Glass";"14.5";"2.297931"
"Vinmonopolet";"4509001";"Rocca Guicciarda Chianti Classico Riserva 2017";"Rocca Guicciarda Chianti Classico Riserva";"2017";"200";"0.75";"266.67";"RÃ¸dvin";"Glass";"13.5";"1.9753087"
"Vinmonopolet";"4509301";"La Luna e I FalÃ² Barbera d'Asti 2015";"La Luna e I FalÃ² Barbera d'Asti";"2015";"198";"0.75";"264";"RÃ¸dvin";"Glass";"14";"1.8857143"
"Vinmonopolet";"4510801";"Chivas Regal 18 YO";"Chivas Regal 18 YO";"0";"750";"0.7";"1071.43";"Whisky";"Glass";"40";"2.6785715"
"Vinmonopolet";"4511801";"Pascal Jolivet Sancerre 2017";"Pascal Jolivet Sancerre";"2017";"250";"0.75";"333.33";"White wine";"Glass";"12.5";"2.6666667"
"Vinmonopolet";"4511805";"Pascal Jolivet Sancerre 2015";"Pascal Jolivet Sancerre";"2015";"620";"1.5";"413.33";"White wine";"Glass";"13";"3.1794872"
"Vinmonopolet";"4512601";"Les Cailloux ChÃ¢teauneuf-du-Pape 2015";"Les Cailloux ChÃ¢teauneuf-du-Pape";"2015";"389.9";"0.75";"519.87";"RÃ¸dvin";"Glass";"14";"3.7133334"
"Vinmonopolet";"4513001";"Zaccagnini Montepulciano d'Abruzzo 2018";"Zaccagnini Montepulciano d'Abruzzo";"2018";"169.9";"0.75";"226.53";"RÃ¸dvin";"Glass";"12.5";"1.8122666"
"Vinmonopolet";"4513002";"Zaccagnini Montepulciano d'Abruzzo 2018";"Zaccagnini Montepulciano d'Abruzzo";"2018";"99.9";"0.38";"266.4";"RÃ¸dvin";"Glass";"12";"2.1907895"
"Vinmonopolet";"4513007";"Zaccagnini Montepulciano d'Abruzzo 2017";"Zaccagnini Montepulciano d'Abruzzo";"2017";"869.9";"3";"289.97";"RÃ¸dvin";"Glass";"12";"2.416389"
"Vinmonopolet";"4514001";"Dom. du Vieux Lazaret ChÃ¢teauneuf-du-Pape 2017";"Dom. du Vieux Lazaret ChÃ¢teauneuf-du-Pape";"2017";"269.9";"0.75";"359.87";"RÃ¸dvin";"Glass";"14.5";"2.481839"
"Vinmonopolet";"4514002";"Dom. du Vieux Lazaret ChÃ¢teauneuf-du-Pape";"Dom. du Vieux Lazaret ChÃ¢teauneuf-du-Pape";"2016";"155.9";"0.38";"415.73";"RÃ¸dvin";"Glass";"14.5";"2.829401"
"Vinmonopolet";"4514301";"Masi Osar Oseleta 2012";"Masi Osar Oseleta";"2012";"679.9";"0.75";"906.53";"RÃ¸dvin";"Glass";"14";"6.4752383"
"Vinmonopolet";"4514601";"CuvÃ©e Christer Berens Montepulciano d'Abruzzo 2018";"CuvÃ©e Christer Berens Montepulciano d'Abruzzo";"2018";"144.9";"0.75";"193.2";"RÃ¸dvin";"Glass";"13";"1.4861538"
"Vinmonopolet";"4515001";"Camus Borderies X.O.";"Camus Borderies X.O.";"0";"1499";"0.7";"2141.43";"Grape spirit";"Glass";"40";"5.3535714"
"Vinmonopolet";"4516701";"Vajra Barbera d'Alba Superiore 2017";"Vajra Barbera d'Alba Superiore";"2017";"314.9";"0.75";"419.87";"RÃ¸dvin";"Glass";"15.5";"2.7088172"
"Vinmonopolet";"4516801";"Matrot Puligny Montrachet 1er Cru Chalumeaux 2017";"Matrot Puligny Montrachet 1er Cru Chalumeaux";"2017";"720";"0.75";"960";"White wine";"Glass";"13";"7.3846154"
"Vinmonopolet";"4516901";"Matrot Volnay-Santenots 2013";"Matrot Volnay-Santenots";"2013";"510";"0.75";"680";"RÃ¸dvin";"Glass";"13";"5.230769"
"Vinmonopolet";"4517201";"Cantalupo Ghemme Collis Carellae 2007";"Cantalupo Ghemme Collis Carellae";"2007";"384.8";"0.75";"513.07";"RÃ¸dvin";"Glass";"13.5";"3.8004937"
"Vinmonopolet";"4517501";"Vajra Coste e Fossati Dolcetto d'Alba 2018";"Vajra Coste e Fossati Dolcetto d'Alba";"2018";"249.9";"0.75";"333.2";"RÃ¸dvin";"Glass";"14.5";"2.297931"
"Vinmonopolet";"4517601";"Vajra Barolo Bricco delle Viole 2014";"Vajra Barolo Bricco delle Viole";"2014";"540";"0.75";"720";"RÃ¸dvin";"Glass";"13.5";"5.3333335"
"Vinmonopolet";"4520801";"Prod. del Barbaresco Langhe Nebbiolo 2018";"Prod. del Barbaresco Langhe Nebbiolo";"2018";"219.9";"0.75";"293.2";"RÃ¸dvin";"Glass";"14.5";"2.022069"
"Vinmonopolet";"4522108";"Original Dr. Nielsen Bitter (3x2cl)";"Original Dr. Nielsen Bitter (3x2cl)";"0";"77";"0.06";"1283.33";"Bitter	";"Ãvrig";"38";"3.377193"
"Vinmonopolet";"4522401";"Unicum Zwack";"Unicum Zwack";"0";"481.3";"0.7";"687.57";"Bitter	";"Glass";"40";"1.7189286"
"Vinmonopolet";"4523001";"XUXU Strawberry Liqueur";"XUXU Strawberry Liqueur";"0";"219.9";"0.7";"314.14";"LikÃ¸r";"Glass";"15";"2.0942857"
"Vinmonopolet";"4524301";"Beyer Gewurztraminer 2015";"Beyer Gewurztraminer";"2015";"235";"0.75";"313.33";"White wine";"Glass";"14";"2.2380953"
"Vinmonopolet";"4524401";"Ciroc";"Ciroc";"0";"599.9";"0.7";"857";"Vodka";"Glass";"40";"2.1425002"
"Vinmonopolet";"4524501";"Tanqueray No. 10";"Tanqueray No. 10";"0";"549.9";"0.7";"785.57";"Gin";"Glass";"47.3";"1.6608276"
"Vinmonopolet";"4524701";"Ron AÃ±ejo Pampero Especial";"Ron AÃ±ejo Pampero Especial";"0";"349.9";"0.7";"499.86";"Rum";"Glass";"40";"1.2496428"
"Vinmonopolet";"4524801";"Smirnoff North";"Smirnoff North";"0";"219.9";"0.7";"314.14";"LikÃ¸r";"Glass";"20";"1.5707142"
"Vinmonopolet";"4526806";"Barone Ricasoli Formulae 2018";"Barone Ricasoli Formulae";"2018";"469.9";"3";"156.63";"RÃ¸dvin";"Bag-in-box";"13";"1.2048718"
"Vinmonopolet";"4526901";"Niepoort Fabelaktig Douro 2018";"Niepoort Fabelaktig Douro";"2018";"159.9";"0.75";"213.2";"RÃ¸dvin";"Glass";"13.5";"1.5792592"
"Vinmonopolet";"4527101";"Niepoort Colheita 2004";"Niepoort Colheita";"2004";"499.9";"0.75";"666.53";"Port wine";"Glass";"20";"3.3326666"
"Vinmonopolet";"4529302";"Schneider Weisse Original";"Schneider Weisse Original";"0";"52.9";"0.5";"105.8";"HveteÃ¸l";"Glass";"5.4";"1.9592593"
"Vinmonopolet";"4529401";"Tissot Patchwork Chardonnay 2018";"Tissot Patchwork Chardonnay";"2018";"339.9";"0.75";"453.2";"White wine";"Glass";"14";"3.2371428"
"Vinmonopolet";"4530601";"Fernando de Castilla Gran Reserva";"Fernando de Castilla Gran Reserva";"0";"599.9";"0.7";"857";"Grape spirit";"Glass";"38";"2.2552633"
"Vinmonopolet";"4530901";"Moselland Ars Vitis Riesling 2018";"Moselland Ars Vitis Riesling";"2018";"107.9";"0.75";"143.87";"White wine";"Glass";"8";"1.7983334"
"Vinmonopolet";"4530906";"Moselland Ars Vitis Riesling";"Moselland Ars Vitis Riesling";"2018";"334.9";"3";"111.63";"White wine";"Bag-in-box";"8";"1.3954166"
"Vinmonopolet";"4531201";"Vespa Barbera d'Asti 2018";"Vespa Barbera d'Asti";"2018";"144.9";"0.75";"193.2";"RÃ¸dvin";"Glass";"13.5";"1.4311111"
"Vinmonopolet";"4531205";"Vespa Barbera d'Asti 2014";"Vespa Barbera d'Asti";"2014";"319.9";"1.5";"213.27";"RÃ¸dvin";"Glass";"13.5";"1.579753"
"Vinmonopolet";"4533001";"Wolf Blass Eaglehawk Chardonnay 2018";"Wolf Blass Eaglehawk Chardonnay";"2018";"110.9";"0.75";"147.87";"White wine";"Glass";"13";"1.1374359"
"Vinmonopolet";"4533101";"Quinta do Crasto Reserva 2016";"Quinta do Crasto Reserva";"2016";"314.9";"0.75";"419.87";"RÃ¸dvin";"Glass";"14.5";"2.895632"
"Vinmonopolet";"4534402";"Asahi Super Dry";"Asahi Super Dry";"0";"32.9";"0.33";"99.7";"Light lager";"Glass";"5.2";"1.9172494"
"Vinmonopolet";"4534801";"Pazo SeÃ±orans AlbariÃ±o 2018";"Pazo SeÃ±orans AlbariÃ±o";"2018";"206.7";"0.75";"275.6";"White wine";"Glass";"13.5";"2.0414815"
"Vinmonopolet";"4535702";"Singha Lager";"Singha Lager";"0";"36.5";"0.33";"110.61";"Light lager";"Glass";"5";"2.212121"
"Vinmonopolet";"4537402";"Grappa di Brunello di Col d'Orcia";"Grappa di Brunello di Col d'Orcia";"0";"455";"0.5";"910";"Grape spirit";"Glass";"42";"2.1666667"
"Vinmonopolet";"4539401";"Pelissero Langhe Nebbiolo 2016";"Pelissero Langhe Nebbiolo";"2016";"255";"0.75";"340";"RÃ¸dvin";"Glass";"14.5";"2.3448277"
"Vinmonopolet";"4539501";"Sartarelli Verdicchio dei Castelli 2018";"Sartarelli Verdicchio dei Castelli";"2018";"174.9";"0.75";"233.2";"White wine";"Glass";"13";"1.7938461"
"Vinmonopolet";"4539601";"Coffele Ca'Visco Soave Classico 2018";"Coffele Ca'Visco Soave Classico";"2018";"224.9";"0.75";"299.87";"White wine";"Glass";"13";"2.3066666"
"Vinmonopolet";"4539605";"Coffele Ca'Visco Soave Classico 2016";"Coffele Ca'Visco Soave Classico";"2016";"449.9";"1.5";"299.93";"White wine";"Glass";"13";"2.3071795"
"Vinmonopolet";"4542101";"Dom. de Grachies 2018";"Dom. de Grachies";"2018";"122.9";"0.75";"163.87";"White wine";"Glass";"11.5";"1.4249276"
"Vinmonopolet";"4542401";"Jacob's Creek Shiraz Reserve 2017";"Jacob's Creek Shiraz Reserve";"2017";"149.9";"0.75";"199.87";"RÃ¸dvin";"Glass";"14.1";"1.4174939"
"Vinmonopolet";"4542501";"Jacob's Creek Reserve Chardonnay 2015";"Jacob's Creek Reserve Chardonnay";"2015";"149.9";"0.75";"199.87";"White wine";"Glass";"12.9";"1.549354"
"Vinmonopolet";"4542601";"Becherovka";"Becherovka";"0";"409.9";"0.7";"585.57";"LikÃ¸r";"Glass";"38";"1.5409775"
"Vinmonopolet";"4543601";"Adega de MonÃ§Ã£o Alvarinho Deu la Deu Vinho Verde 2017";"Adega de MonÃ§Ã£o Alvarinho Deu la Deu Vinho Verde";"2017";"179.9";"0.75";"239.87";"White wine";"Glass";"13";"1.8451282"
"Vinmonopolet";"4545601";"Muga Blanco 2019";"Muga Blanco";"2019";"219.9";"0.75";"293.2";"White wine";"Glass";"13";"2.2553844"
"Vinmonopolet";"4546901";"Coffele Castel Cerino Soave Classico 2018";"Coffele Castel Cerino Soave Classico";"2018";"188";"0.75";"250.67";"White wine";"Glass";"12";"2.088889"
"Vinmonopolet";"4548506";"Banrock Station Shiraz Mataro 2019";"Banrock Station Shiraz Mataro";"2019";"399.9";"3";"133.3";"RÃ¸dvin";"Bag-in-box";"13.5";"0.9874074"
"Vinmonopolet";"4548701";"Skyy Vodka";"Skyy Vodka";"0";"369.9";"0.7";"528.43";"Vodka";"Glass";"40";"1.3210714"
"Vinmonopolet";"4549901";"Quinta do Crasto LBV 2014";"Quinta do Crasto LBV";"2014";"284.9";"0.75";"379.87";"Port wine";"Glass";"20";"1.8993332"
"Vinmonopolet";"4550301";"Solaz 2018";"Solaz";"2018";"144.9";"0.75";"193.2";"RÃ¸dvin";"Glass";"13";"1.4861538"
"Vinmonopolet";"4551402";"Jacopo Poli Brandy Arzente";"Jacopo Poli Brandy Arzente";"0";"599.9";"0.5";"1199.8";"Grape spirit";"Glass";"40";"2.9995"
"Vinmonopolet";"4551405";"Jacopo Poli Brandy Arzente";"Jacopo Poli Brandy Arzente";"0";"1699";"1.5";"1132.67";"Grape spirit";"Glass";"40";"2.8316667"
"Vinmonopolet";"4551601";"Sancerre la Graveliere 2017";"Sancerre la Graveliere";"2017";"269";"0.75";"358.67";"White wine";"Glass";"13";"2.7589743"
"Vinmonopolet";"4551801";"Donnafugata Mille e una Notte 2016";"Donnafugata Mille e una Notte";"2016";"649.9";"0.75";"866.53";"RÃ¸dvin";"Glass";"13.5";"6.4187655"
"Vinmonopolet";"4552101";"Jacob's Creek Merlot 2019";"Jacob's Creek Merlot";"2019";"119.9";"0.75";"159.87";"RÃ¸dvin";"Glass";"14";"1.1419048"
"Vinmonopolet";"4552201";"Jacob's Creek Grenache Shiraz 2018";"Jacob's Creek Grenache Shiraz";"2018";"121.9";"0.75";"162.53";"RÃ¸dvin";"Glass";"14.3";"1.1365967"
"Vinmonopolet";"4554001";"Alta CÃ´rte 2018";"Alta CÃ´rte";"2018";"112.9";"0.75";"150.53";"RÃ¸dvin";"Glass";"12.5";"1.2042667"
"Vinmonopolet";"4554006";"Alta CÃ´rte";"Alta CÃ´rte";"2016";"399.9";"3";"133.3";"RÃ¸dvin";"Bag-in-box";"13";"1.0253845"
"Vinmonopolet";"4557001";"Bru-BachÃ© Jurancon La Quintessence 2016";"Bru-BachÃ© Jurancon La Quintessence";"2016";"339.9";"0.75";"453.2";"White wine";"Glass";"13";"3.4861538"
"Vinmonopolet";"4558101";"Terras Gauda O Rosal 2019";"Terras Gauda O Rosal";"2019";"209.9";"0.75";"279.87";"White wine";"Glass";"12.5";"2.2389333"
"Vinmonopolet";"4558105";"Terras Gauda O Rosal 2019";"Terras Gauda O Rosal";"2019";"429.9";"1.5";"286.6";"White wine";"Glass";"12.5";"2.2928"
"Vinmonopolet";"4558701";"Cant. del Castello Soave Classico 2017";"Cant. del Castello Soave Classico";"2017";"129.9";"0.75";"173.2";"White wine";"Glass";"13";"1.3323076"
"Vinmonopolet";"4561601";"Ferrari Trento Brut";"Ferrari Trento Brut";"0";"214.9";"0.75";"286.53";"Sparkling wine";"Glass";"12.5";"2.2922666"
"Vinmonopolet";"4561605";"Ferrari Trento Brut";"Ferrari Trento Brut";"0";"528";"1.5";"352";"Sparkling wine";"Glass";"12.5";"2.816"
"Vinmonopolet";"4561607";"Ferrari Trento Brut";"Ferrari Trento Brut";"2013";"1430";"3";"476.67";"Sparkling wine";"Glass";"12";"3.9722223"
"Vinmonopolet";"4562206";"CuvÃ©e Christer Berens M d'A";"CuvÃ©e Christer Berens M d'A";"0";"449.9";"3";"149.97";"RÃ¸dvin";"Bag-in-box";"12.5";"1.1997334"
"Vinmonopolet";"4563401";"Schmitt Altenberg de Bergbeiten Riesling 2015";"Schmitt Altenberg de Bergbeiten Riesling";"2015";"339.9";"0.75";"453.2";"White wine";"Glass";"13.5";"3.357037"
"Vinmonopolet";"4563501";"Vajra Langhe Riesling 2018";"Vajra Langhe Riesling";"2018";"295.1";"0.75";"393.47";"White wine";"Glass";"13";"3.0266666"
"Vinmonopolet";"4563801";"Dom. Belle Les Pierrelles Crozes-Hermitage 2017";"Dom. Belle Les Pierrelles Crozes-Hermitage";"2017";"276";"0.75";"368";"RÃ¸dvin";"Glass";"14";"2.6285715"
"Vinmonopolet";"4563901";"Dom. Belle CuvÃ©e Louis Belle Crozes Hermitage 2016";"Dom. Belle CuvÃ©e Louis Belle Crozes Hermitage";"2016";"308";"0.75";"410.67";"RÃ¸dvin";"Glass";"13.5";"3.0419753"
"Vinmonopolet";"4564201";"Pelissero Barbaresco Tulin 2014";"Pelissero Barbaresco Tulin";"2014";"520";"0.75";"693.33";"RÃ¸dvin";"Glass";"14";"4.952381"
"Vinmonopolet";"4564601";"Ca' La Bionda Valpolicella Classico 2018";"Ca' La Bionda Valpolicella Classico";"2018";"188.9";"0.75";"251.87";"RÃ¸dvin";"Glass";"12.5";"2.0149333"
"Vinmonopolet";"4569901";"La Chablisienne Chablis 1er Cru Fourchaume 2013";"La Chablisienne Chablis 1er Cru Fourchaume";"2013";"399.9";"0.75";"533.2";"White wine";"Glass";"13";"4.101538"
"Vinmonopolet";"4570101";"La Chablisienne Chablis 1er Cru Vaulorent 2012";"La Chablisienne Chablis 1er Cru Vaulorent";"2012";"359.9";"0.75";"479.87";"White wine";"Glass";"13";"3.691282"
"Vinmonopolet";"4570507";"Prod. del Barbaresco 2015";"Prod. del Barbaresco";"2015";"1699.9";"3";"566.63";"RÃ¸dvin";"Glass";"14.5";"3.9078162"
"Vinmonopolet";"4570801";"Louis Jadot Bourgogne Couvent des Jacobins 2018";"Louis Jadot Bourgogne Couvent des Jacobins";"2018";"214.9";"0.75";"286.53";"White wine";"Glass";"13";"2.2041025"
"Vinmonopolet";"4570805";"Louis Jadot Bourgogne Convent des Jacobins Chardonnay 2018";"Louis Jadot Bourgogne Convent des Jacobins Chardonnay";"2018";"449";"1.5";"299.33";"White wine";"Glass";"13";"2.3025641"
"Vinmonopolet";"4573205";"Castello di Brolio Chianti Classico 2013";"Castello di Brolio Chianti Classico";"2013";"990";"1.5";"660";"RÃ¸dvin";"Glass";"13.5";"4.888889"
"Vinmonopolet";"4573701";"Ãnix ClÃ ssic 2017";"Ãnix ClÃ ssic";"2017";"189.9";"0.75";"253.2";"RÃ¸dvin";"Glass";"15";"1.688"
"Vinmonopolet";"4574501";"Donnafugata SedÃ ra 2017";"Donnafugata SedÃ ra";"2017";"209.9";"0.75";"279.87";"RÃ¸dvin";"Glass";"13.5";"2.0730863"
"Vinmonopolet";"4574702";"Noe Pedro Ximenez Muy Viejo";"Noe Pedro Ximenez Muy Viejo";"0";"329.9";"0.38";"879.73";"Sherry";"Glass";"15.5";"5.6010184"
"Vinmonopolet";"4576402";"Grappa Mezzanella di Recioto e Amarone";"Grappa Mezzanella di Recioto e Amarone";"0";"589.5";"0.5";"1179";"Grape spirit";"Glass";"50";"2.358"
"Vinmonopolet";"4577101";"DoÃ±a Paula Malbec 2018";"DoÃ±a Paula Malbec";"2018";"179.9";"0.75";"239.87";"RÃ¸dvin";"Glass";"14";"1.7133332"
"Vinmonopolet";"4579001";"Wolf Blass Eaglehawk Cabernet Sauvignon 2019";"Wolf Blass Eaglehawk Cabernet Sauvignon";"2019";"110.9";"0.75";"147.87";"RÃ¸dvin";"Glass";"13.5";"1.0953087"
"Vinmonopolet";"4582301";"Guigal Crozes Hermitage 2017";"Guigal Crozes Hermitage";"2017";"269.9";"0.75";"359.87";"RÃ¸dvin";"Glass";"13.5";"2.665679"
"Vinmonopolet";"4583601";"Masi Modello Rosso 2018";"Masi Modello Rosso";"2018";"129.9";"0.75";"173.2";"RÃ¸dvin";"Glass";"12";"1.4433333"
"Vinmonopolet";"4583606";"Masi Modello Rosso 2019";"Masi Modello Rosso";"2019";"419.9";"3";"139.97";"RÃ¸dvin";"Bag-in-box";"12";"1.1663889"
"Vinmonopolet";"4583801";"Cavalchina Bardolino 2019";"Cavalchina Bardolino";"2019";"149.9";"0.75";"199.87";"RÃ¸dvin";"Glass";"12";"1.6655555"
"Vinmonopolet";"4585106";"Trulli Chardonnay 2018";"Trulli Chardonnay";"2018";"430";"3";"143.33";"White wine";"Bag-in-box";"12.5";"1.1466666"
"Vinmonopolet";"4585301";"Frapin V.S.O.P";"Frapin V.S.O.P";"0";"699";"0.7";"998.57";"Grape spirit";"Glass";"40";"2.4964287"
"Vinmonopolet";"4592101";"Il Falchetto Moscato d'Asti Tenuta del Fant 2018";"Il Falchetto Moscato d'Asti Tenuta del Fant";"2018";"179.9";"0.75";"239.87";"Sparkling white wine";"Glass";"5.5";"4.361212"
"Vinmonopolet";"4592301";"Il Falchetto Brachetto d'Acqui 2019";"Il Falchetto Brachetto d'Acqui";"2019";"179.9";"0.75";"239.87";"Perlende vin, rÃ¸d";"Glass";"5.5";"4.361212"
"Vinmonopolet";"4593101";"Beyer Riesling 2018";"Beyer Riesling";"2018";"219";"0.75";"292";"White wine";"Glass";"12.5";"2.336"
"Vinmonopolet";"4594701";"Dom. Seguinot-Bordet Chablis 2017";"Dom. Seguinot-Bordet Chablis";"2017";"249";"0.75";"332";"White wine";"Glass";"12.5";"2.656"
"Vinmonopolet";"4595001";"Brunelli Amarone della Valpolicella 2016";"Brunelli Amarone della Valpolicella";"2016";"349";"0.75";"465.33";"RÃ¸dvin";"Glass";"15";"3.1022222"
"Vinmonopolet";"4596101";"Ardbeg 10 Years Old";"Ardbeg 10 Years Old";"0";"619.9";"0.7";"885.57";"Whisky";"Glass";"46";"1.9251554"
"Vinmonopolet";"4597001";"William FÃ¨vre Petit Chablis 2018";"William FÃ¨vre Petit Chablis";"2018";"200";"0.75";"266.67";"White wine";"Glass";"12";"2.2222223"
"Vinmonopolet";"4597301";"Casa de la Ermita Joven 2015";"Casa de la Ermita Joven";"2015";"149.9";"0.75";"199.87";"RÃ¸dvin";"Glass";"14";"1.427619"
"Vinmonopolet";"4597401";"Bailly-Reverdy Sancerre Chavignol 2018";"Bailly-Reverdy Sancerre Chavignol";"2018";"262.1";"0.75";"349.47";"White wine";"Glass";"13.5";"2.5886421"
"Vinmonopolet";"4598701";"De Martino Gallardia Itata Old Vine White 2016";"De Martino Gallardia Itata Old Vine White";"2016";"199.9";"0.75";"266.53";"White wine";"Glass";"12.5";"2.1322665"
"Vinmonopolet";"4599401";"ViÃ±a Izadi Blanco 2016";"ViÃ±a Izadi Blanco";"2016";"189.9";"0.75";"253.2";"White wine";"Glass";"13.5";"1.8755555"
"Vinmonopolet";"4599501";"Izadi Reserva 2015";"Izadi Reserva";"2015";"179.9";"0.75";"239.87";"RÃ¸dvin";"Glass";"14";"1.7133332"
"Vinmonopolet";"4599505";"Izadi Reserva 2013";"Izadi Reserva";"2013";"369.9";"1.5";"246.6";"RÃ¸dvin";"Glass";"14";"1.7614286"
"Vinmonopolet";"4599905";"La Chablisienne Chablis 1er Cru Mont de Milieu 2011";"La Chablisienne Chablis 1er Cru Mont de Milieu";"2011";"719.9";"1.5";"479.93";"White wine";"Glass";"13";"3.691795"
"Vinmonopolet";"4600005";"La Chablisienne Chablis 1er Cru Fourchaume 2014";"La Chablisienne Chablis 1er Cru Fourchaume";"2014";"839";"1.5";"559.33";"White wine";"Glass";"13";"4.302564"
"Vinmonopolet";"4600205";"La Chablisienne Chablis Grand Cru Les Preuses 2012";"La Chablisienne Chablis Grand Cru Les Preuses";"2012";"1090";"1.5";"726.67";"White wine";"Glass";"13";"5.5897436"
"Vinmonopolet";"4600901";"PrÃ¡ Soave Classico 2019";"PrÃ¡ Soave Classico";"2019";"144.9";"0.75";"193.2";"White wine";"Glass";"12";"1.6099999"
"Vinmonopolet";"4600906";"PrÃ  Soave 2019";"PrÃ  Soave";"2019";"459.9";"3";"153.3";"White wine";"Bag-in-box";"12";"1.2775"
"Vinmonopolet";"4601201";"Lenotti Costa Regale Valpolicella Ripasso 2018";"Lenotti Costa Regale Valpolicella Ripasso";"2018";"219.9";"0.75";"293.2";"RÃ¸dvin";"Glass";"14.5";"2.022069"
"Vinmonopolet";"4602201";"Lagunilla Gran Reserva 2009";"Lagunilla Gran Reserva";"2009";"159.9";"0.75";"213.2";"RÃ¸dvin";"Glass";"13.5";"1.5792592"
"Vinmonopolet";"4602301";"Durius Zorita Tempranillo 2016";"Durius Zorita Tempranillo";"2016";"118.9";"0.75";"158.53";"RÃ¸dvin";"Glass";"14";"1.132381"
"Vinmonopolet";"4602701";"Brillet V.S.O.P. Reserve Grand Cru";"Brillet V.S.O.P. Reserve Grand Cru";"0";"569.9";"0.7";"814.14";"Grape spirit";"Glass";"40";"2.0353572"
"Vinmonopolet";"4602801";"Beringer Stone Cellars Zinfandel 2017";"Beringer Stone Cellars Zinfandel";"2017";"129.9";"0.75";"173.2";"RÃ¸dvin";"Glass";"14";"1.2371428"
"Vinmonopolet";"4607001";"Tedeschi Capitel San Rocco Valpolicella Superiore Ripasso 2016";"Tedeschi Capitel San Rocco Valpolicella Superiore Ripasso";"2016";"229";"0.75";"305.33";"RÃ¸dvin";"Glass";"14.5";"2.1057472"
"Vinmonopolet";"4607101";"Tedeschi Marne 180 Amarone della Valpolicella 2016";"Tedeschi Marne 180 Amarone della Valpolicella";"2016";"389";"0.75";"518.67";"RÃ¸dvin";"Glass";"16.5";"3.1434343"
"Vinmonopolet";"4607501";"Corvina Torre del Falasco 2018";"Corvina Torre del Falasco";"2018";"139.9";"0.75";"186.53";"RÃ¸dvin";"Glass";"13";"1.4348717"
"Vinmonopolet";"4608601";"Caparzo Brunello di Montalcino 2015";"Caparzo Brunello di Montalcino";"2015";"384.9";"0.75";"513.2";"RÃ¸dvin";"Glass";"13.5";"3.8014815"
"Vinmonopolet";"4609801";"Lois 2018";"Lois";"2018";"185";"0.75";"246.67";"White wine";"Glass";"11.5";"2.1449275"
"Vinmonopolet";"4609901";"Loimer Riesling Lagenlois 2019";"Loimer Riesling Lagenlois";"2019";"199.9";"0.75";"266.53";"White wine";"Glass";"12";"2.221111"
"Vinmonopolet";"4610301";"Catena Chardonnay 2018";"Catena Chardonnay";"2018";"189.9";"0.75";"253.2";"White wine";"Glass";"13.5";"1.8755555"
"Vinmonopolet";"4610401";"Catena Malbec 2017";"Catena Malbec";"2017";"199.9";"0.75";"266.53";"RÃ¸dvin";"Glass";"13.5";"1.9743209"
"Vinmonopolet";"4610501";"Catena Alta Malbec 2016";"Catena Alta Malbec";"2016";"375";"0.75";"500";"RÃ¸dvin";"Glass";"13.5";"3.7037036"
"Vinmonopolet";"4610601";"Catena Alta Cabernet Sauvignon 2018";"Catena Alta Cabernet Sauvignon";"2018";"349";"0.75";"465.33";"RÃ¸dvin";"Glass";"13.5";"3.4469135"
"Vinmonopolet";"4611501";"Jameson 18 Years Old";"Jameson 18 Years Old";"0";"999";"0.7";"1427.14";"Whisky";"Glass";"40";"3.5678573"
"Vinmonopolet";"4612201";"Valpantena Amarone della Valpolicella 2016";"Valpantena Amarone della Valpolicella";"2016";"249.9";"0.75";"333.2";"RÃ¸dvin";"Glass";"15";"2.2213333"
"Vinmonopolet";"4612301";"Smirnoff Citrus Twist";"Smirnoff Citrus Twist";"0";"314.9";"0.7";"449.86";"Vodka";"Glass";"37.5";"1.199619"
"Vinmonopolet";"4616102";"Jon Bertelsen Julecognac X.O.";"Jon Bertelsen Julecognac X.O.";"0";"484.9";"0.5";"969.8";"Grape spirit";"Glass";"42";"2.3090477"
"Vinmonopolet";"4620501";"Dom. de Pellehaut Harmonie de Gascogne 2019";"Dom. de Pellehaut Harmonie de Gascogne";"2019";"121.9";"0.75";"162.53";"White wine";"Glass";"11";"1.4775758"
"Vinmonopolet";"4624501";"Wyndham Bin 555 Shiraz 2018";"Wyndham Bin 555 Shiraz";"2018";"147.9";"0.75";"197.2";"RÃ¸dvin";"Glass";"14.4";"1.3694444"
"Vinmonopolet";"4625401";"Talenti Brunello di Montalcino 2012";"Talenti Brunello di Montalcino";"2012";"414.8";"0.75";"553.07";"RÃ¸dvin";"Glass";"15";"3.687111"
"Vinmonopolet";"4626201";"Lamy Saint Aubin La PrincÃ©e 2016";"Lamy Saint Aubin La PrincÃ©e";"2016";"366.8";"0.75";"489.07";"White wine";"Glass";"13";"3.762051"
"Vinmonopolet";"4626701";"Castello di Querceto Chianti Classico Riserva 2014";"Castello di Querceto Chianti Classico Riserva";"2014";"299.8";"0.75";"399.73";"RÃ¸dvin";"Glass";"13.5";"2.9609876"
"Vinmonopolet";"4629101";"Nonino Grappa Monovitigno Moscato";"Nonino Grappa Monovitigno Moscato";"0";"569";"0.7";"812.86";"Grape spirit";"Glass";"41";"1.9825784"
"Vinmonopolet";"4631001";"Hardanger Sider Sprudlande 2018";"Hardanger Sider Sprudlande";"2018";"158.7";"0.75";"211.6";"Cider";"Glass";"8";"2.645"
"Vinmonopolet";"4631901";"Moscato d'Asti Vigna Senza Nome 2018";"Moscato d'Asti Vigna Senza Nome";"2018";"185";"0.75";"246.67";"Sparkling white wine";"Glass";"5.5";"4.4848485"
"Vinmonopolet";"4632202";"DisznÃ³kÃ¶ 1413 Edes Szamorodni 2015";"DisznÃ³kÃ¶  Edes Szamorodni";"2015";"209.9";"0.5";"419.8";"White wine";"Glass";"12.5";"3.3583999"
"Vinmonopolet";"4633302";"Pansal del CalÃ s 2016";"Pansal del CalÃ s";"2016";"249.9";"0.5";"499.8";"Fortified wine";"Glass";"16.5";"3.029091"
"Vinmonopolet";"4633501";"Clynelish 14 Years Old Single Malt Whisky";"Clynelish 14 Years Old Single Malt Whisky";"0";"619.9";"0.7";"885.57";"Whisky";"Glass";"46";"1.9251554"
"Vinmonopolet";"4636901";"Banrock Station Chardonnay 2018";"Banrock Station Chardonnay";"2018";"112.9";"0.75";"150.53";"White wine";"Glass";"13";"1.1579487"
"Vinmonopolet";"4639001";"Fanti Brunello di Montalcino 2015";"Fanti Brunello di Montalcino";"2015";"499.9";"0.75";"666.53";"RÃ¸dvin";"Glass";"14";"4.7609525"
"Vinmonopolet";"4639101";"Fanti Rosso di Montalcino 2017";"Fanti Rosso di Montalcino";"2017";"289.9";"0.75";"386.53";"RÃ¸dvin";"Glass";"13.5";"2.8632097"
"Vinmonopolet";"4639401";"Arnould Grand Cru Blanc de Noir Brut";"Arnould Grand Cru Blanc de Noir Brut";"0";"299.9";"0.75";"399.87";"Champagne, brut";"Glass";"12";"3.3322222"
"Vinmonopolet";"4643005";"Faustino V Reserva 2013";"Faustino V Reserva";"2013";"399.9";"1.5";"266.6";"RÃ¸dvin";"Glass";"13.5";"1.9748148"
"Vinmonopolet";"4643801";"Taylor's Vintage Port 2009";"Taylor's Vintage Port";"2009";"799";"0.75";"1065.33";"Port wine";"Glass";"20.5";"5.196748"
"Vinmonopolet";"4644901";"Zenato Pinot Grigio 2019";"Zenato Pinot Grigio";"2019";"159.9";"0.75";"213.2";"White wine";"Glass";"12.5";"1.7055999"
"Vinmonopolet";"4645001";"Zenato Soave Classico 2018";"Zenato Soave Classico";"2018";"149.9";"0.75";"199.87";"White wine";"Glass";"12.5";"1.5989332"
"Vinmonopolet";"4648701";"BrÃ¼ndlmayer GrÃ¼ner Veltliner Kamptaler Terrassen 2018";"BrÃ¼ndlmayer GrÃ¼ner Veltliner Kamptaler Terrassen";"2018";"199.9";"0.75";"266.53";"White wine";"Glass";"12.5";"2.1322665"
"Vinmonopolet";"4651601";"Bonterra Chardonnay 2018";"Bonterra Chardonnay";"2018";"159.9";"0.75";"213.2";"White wine";"Glass";"13.5";"1.5792592"
"Vinmonopolet";"4651801";"Villa Maria Private Bin Riesling 2019";"Villa Maria Private Bin Riesling";"2019";"141";"0.75";"188";"White wine";"Glass";"12";"1.5666667"
"Vinmonopolet";"4651901";"PongrÃ¡cz";"PongrÃ¡cz";"0";"159.9";"0.75";"213.2";"Sparkling wine";"Glass";"12.5";"1.7055999"
"Vinmonopolet";"4655701";"Agrapart Terroirs Grand Cru Blanc de Blancs Extra Brut";"Agrapart Terroirs Grand Cru Blanc de Blancs Extra Brut";"0";"568.1";"0.75";"757.47";"Champagne extra brut";"Glass";"12";"6.312222"
"Vinmonopolet";"4655901";"Gatinois Grand Cru Brut RÃ©serve";"Gatinois Grand Cru Brut RÃ©serve";"0";"399.8";"0.75";"533.07";"Champagne, brut";"Glass";"12";"4.442222"
"Vinmonopolet";"4657401";"Dr. BÃ¼rklin-Wolf Wachenheimer Riesling Trocken 2018";"Dr. BÃ¼rklin-Wolf Wachenheimer Riesling Trocken";"2018";"227.9";"0.75";"303.87";"White wine";"Glass";"12";"2.5322223"
"Vinmonopolet";"4657601";"Dr. BÃ¼rklin-Wolf Wachenheimer BÃ¶hlig Edition PC 2016";"Dr. BÃ¼rklin-Wolf Wachenheimer BÃ¶hlig Edition PC";"2016";"324.9";"0.75";"433.2";"White wine";"Glass";"13.3";"3.2571428"
"Vinmonopolet";"4657706";"Brocard Petit Chablis 2018";"Brocard Petit Chablis";"2018";"629.9";"3";"209.97";"White wine";"Bag-in-box";"12.5";"1.6797334"
"Vinmonopolet";"4660901";"Tedeschi Valpolicella Superiore 2017";"Tedeschi Valpolicella Superiore";"2017";"185";"0.75";"246.67";"RÃ¸dvin";"Glass";"13.5";"1.8271605"
"Vinmonopolet";"4661601";"Valpolicella Ripasso Torre del Falasco 2017";"Valpolicella Ripasso Torre del Falasco";"2017";"164.9";"0.75";"219.87";"RÃ¸dvin";"Glass";"13.5";"1.628642"
"Vinmonopolet";"4663501";"Musella Valpolicella Superiore Ripasso 2015";"Musella Valpolicella Superiore Ripasso";"2015";"239.9";"0.75";"319.87";"RÃ¸dvin";"Glass";"13.5";"2.3693826"
"Vinmonopolet";"4663505";"Musella Valpolicella Superiore Ripasso 2012";"Musella Valpolicella Superiore Ripasso";"2012";"525";"1.5";"350";"RÃ¸dvin";"Glass";"13.5";"2.5925925"
"Vinmonopolet";"4663601";"Borgogno Barbera d'Alba 2018";"Borgogno Barbera d'Alba";"2018";"209.9";"0.75";"279.87";"RÃ¸dvin";"Glass";"14.5";"1.9301149"
"Vinmonopolet";"4665906";"Doppio Passo Salento Primitivo 2018";"Doppio Passo Salento Primitivo";"2018";"449.9";"3";"149.97";"RÃ¸dvin";"Bag-in-box";"13";"1.1535897"
"Vinmonopolet";"4666901";"Vajra Moscato d'Asti 2019";"Vajra Moscato d'Asti";"2019";"139.9";"0.75";"186.53";"Sparkling white wine";"Glass";"5.5";"3.391515"
"Vinmonopolet";"4667001";"Perrin La Vieille Ferme 2018";"Perrin La Vieille Ferme";"2018";"149";"0.75";"198.67";"White wine";"Glass";"13";"1.5282052"
"Vinmonopolet";"4672001";"Ca'Bertaldo Valdobbiadene Prosecco Superiore Brut";"Ca'Bertaldo Valdobbiadene Prosecco Superiore Brut";"2017";"175";"0.75";"233.33";"Sparkling wine";"Glass";"11.5";"2.0289855"
"Vinmonopolet";"4672401";"Ca'Rugate Rio Albo Valpolicella 2018";"Ca'Rugate Rio Albo Valpolicella";"2018";"159.9";"0.75";"213.2";"RÃ¸dvin";"Glass";"12.5";"1.7055999"
"Vinmonopolet";"4672402";"Ca'Rugate Rio Albo Valpolicella 2018";"Ca'Rugate Rio Albo Valpolicella";"2018";"95.9";"0.38";"255.73";"RÃ¸dvin";"Glass";"12.5";"2.0189474"
"Vinmonopolet";"4672601";"Bonaventura Maschio Prime Uve Cru de Noah Bianco";"Bonaventura Maschio Prime Uve Cru de Noah Bianco";"0";"293.8";"0.7";"419.71";"Grape spirit";"Glass";"40";"1.0492857"
"Vinmonopolet";"4673801";"Tarlant Brut Zero";"Tarlant Brut Zero";"0";"375.1";"0.75";"500.13";"Champagne extra brut";"Glass";"12";"4.167778"
"Vinmonopolet";"4674501";"Ca' La Bionda Campo Casal Vegri Valpolicella Classico Superiore 2017";"Ca' La Bionda Campo Casal Vegri Valpolicella Classico Superiore";"2017";"245";"0.75";"326.67";"RÃ¸dvin";"Glass";"13.5";"2.419753"
"Vinmonopolet";"4674601";"Pilastri Rosso Piceno Vigna Piediprato 2017";"Pilastri Rosso Piceno Vigna Piediprato";"2017";"182.9";"0.75";"243.87";"RÃ¸dvin";"Glass";"13";"1.8758974"
"Vinmonopolet";"4674701";"Casa de la Ermita Monastrell Crianza 2015";"Casa de la Ermita Monastrell Crianza";"2015";"179.9";"0.75";"239.87";"RÃ¸dvin";"Glass";"14";"1.7133332"
"Vinmonopolet";"4678601";"Luis Pato Vinhas Velhas 2016";"Luis Pato Vinhas Velhas";"2016";"239.9";"0.75";"319.87";"RÃ¸dvin";"Glass";"13";"2.4605129"
"Vinmonopolet";"4678901";"Luis Pato Colheita Seleccionada 2017";"Luis Pato Colheita Seleccionada";"2017";"164.9";"0.75";"219.87";"RÃ¸dvin";"Glass";"12";"1.8322221"
"Vinmonopolet";"4679102";"NÃ¸gne Ã God Jul";"NÃ¸gne Ã God Jul";"2016";"79.8";"0.5";"159.6";"Special";"Glass";"8.5";"1.8776472"
"Vinmonopolet";"4680201";"Viviani Valpolicella Classico Campo Morar 2010";"Viviani Valpolicella Classico Campo Morar";"2010";"359.9";"0.75";"479.87";"RÃ¸dvin";"Glass";"14";"3.427619"
"Vinmonopolet";"4680301";"Viviani Amarone Casa dei Bepi 2008";"Viviani Amarone Casa dei Bepi";"2008";"619.9";"0.75";"826.53";"RÃ¸dvin";"Glass";"16";"5.1658335"
"Vinmonopolet";"4680501";"La Chablisienne Bourgogne Chardonnay 2017";"La Chablisienne Bourgogne Chardonnay";"2017";"179";"0.75";"238.67";"White wine";"Glass";"12.5";"1.9093333"
"Vinmonopolet";"4685301";"Carlos Serres Reserva 2012";"Carlos Serres Reserva";"2012";"193.7";"0.75";"258.27";"RÃ¸dvin";"Glass";"14";"1.8447618"
"Vinmonopolet";"4696401";"Smirnoff Vanilla Twist";"Smirnoff Vanilla Twist";"0";"314.9";"0.7";"449.86";"Vodka";"Glass";"37.5";"1.199619"
"Vinmonopolet";"4700101";"Villa Maria Cellar Selection Pinot Noir 2016";"Villa Maria Cellar Selection Pinot Noir";"2016";"249.9";"0.75";"333.2";"RÃ¸dvin";"Glass";"14";"2.3799999"
"Vinmonopolet";"4701801";"Caol Ila 12 Years Old Single Malt";"Caol Ila 12 Years Old Single Malt";"0";"589.9";"0.7";"842.71";"Whisky";"Glass";"43";"1.9598007"
"Vinmonopolet";"4702201";"Gunderloch Riesling Trocken 2015";"Gunderloch Riesling Trocken";"2015";"174.6";"0.75";"232.8";"White wine";"Glass";"12.5";"1.8624"
"Vinmonopolet";"4703201";"Quinta de Saes";"Quinta de Saes";"2016";"169.9";"0.75";"226.53";"RÃ¸dvin";"Glass";"13";"1.7425641"
"Vinmonopolet";"4703906";"Solaz 2018";"Solaz";"2018";"484.9";"3";"161.63";"RÃ¸dvin";"Bag-in-box";"13";"1.2433333"
"Vinmonopolet";"4705401";"Cantalupo Ghemme Collis Breclemae 2005";"Cantalupo Ghemme Collis Breclemae";"2005";"404.8";"0.75";"539.73";"RÃ¸dvin";"Glass";"13.5";"3.9980245"
"Vinmonopolet";"4706401";"GÃ©rard Tremblay Chablis 2018";"GÃ©rard Tremblay Chablis";"2018";"259.9";"0.75";"346.53";"White wine";"Glass";"12.5";"2.7722666"
"Vinmonopolet";"4708001";"Domenico Clerico Barbera d'Alba Trevigne 2016";"Domenico Clerico Barbera d'Alba Trevigne";"2016";"295";"0.75";"393.33";"RÃ¸dvin";"Glass";"14.5";"2.7126436"
"Vinmonopolet";"4710901";"Crozes Hermitage SilÃ¨ne 2018";"Crozes Hermitage SilÃ¨ne";"2018";"270";"0.75";"360";"RÃ¸dvin";"Glass";"14.5";"2.4827585"
"Vinmonopolet";"4711201";"Guigal Hermitage 2015";"Guigal Hermitage";"2015";"528";"0.75";"704";"RÃ¸dvin";"Glass";"14";"5.0285716"
"Vinmonopolet";"4712501";"LÃ©opold Gourmel Quintessence 30 Carats";"LÃ©opold Gourmel Quintessence 30 Carats";"0";"3750.1";"0.7";"5357.29";"Grape spirit";"Glass";"42";"12.755443"
"Vinmonopolet";"4714201";"Olmeca Tequila Blanco";"Olmeca Tequila Blanco";"0";"389.9";"0.7";"557";"Fruit spirit";"Glass";"38";"1.4657894"
"Vinmonopolet";"4714301";"Olmeca Tequila Reposado";"Olmeca Tequila Reposado";"0";"399.9";"0.7";"571.29";"Fruit spirit";"Glass";"38";"1.5033835"
"Vinmonopolet";"4714701";"Fritz Haag Brauneberger Juffer Sonnenuhr Riesling Auslese Goldkapsel 2015";"Fritz Haag Brauneberger Juffer Sonnenuhr Riesling Auslese Goldkapsel";"2015";"539.9";"0.75";"719.87";"White wine";"Glass";"7.5";"9.598223"
"Vinmonopolet";"4715101";"Fritz Haag Brauneberger Juffer Sonnenuhr Riesling SpÃ¤tlese 2018";"Fritz Haag Brauneberger Juffer Sonnenuhr Riesling SpÃ¤tlese";"2018";"279.9";"0.75";"373.2";"White wine";"Glass";"7.5";"4.976"
"Vinmonopolet";"4715401";"Fontanafredda Barolo Serralunga dÂ´Alba 2014";"Fontanafredda Barolo Serralunga dÂ´Alba";"2014";"419.9";"0.75";"559.87";"RÃ¸dvin";"Glass";"13.5";"4.1471605"
"Vinmonopolet";"4716701";"Wolf Blass Black Label 2013";"Wolf Blass Black Label";"2013";"650";"0.75";"866.67";"RÃ¸dvin";"Glass";"14.5";"5.9770117"
"Vinmonopolet";"4716801";"Wolf Blass Gold Label Riesling 2017";"Wolf Blass Gold Label Riesling";"2017";"199.9";"0.75";"266.53";"White wine";"Glass";"12.5";"2.1322665"
"Vinmonopolet";"4716901";"Wolf Blass Gold Label Shiraz 2016";"Wolf Blass Gold Label Shiraz";"2016";"219.9";"0.75";"293.2";"RÃ¸dvin";"Glass";"14.5";"2.022069"
"Vinmonopolet";"4718501";"Gosset Grand RosÃ© Brut";"Gosset Grand RosÃ© Brut";"0";"579";"0.75";"772";"Champagne, rosÃ©";"Glass";"12";"6.4333334"
"Vinmonopolet";"4719101";"Stadt Krems Weinzierlberg GrÃ¼ner Veltliner 2018";"Stadt Krems Weinzierlberg GrÃ¼ner Veltliner";"2018";"194.9";"0.75";"259.87";"White wine";"Glass";"12.5";"2.0789332"
"Vinmonopolet";"4719105";"Stadt Krems Weinzierlberg GrÃ¼ner Veltliner 2019";"Stadt Krems Weinzierlberg GrÃ¼ner Veltliner";"2019";"396";"1.5";"264";"White wine";"Glass";"12.5";"2.112"
"Vinmonopolet";"4719201";"Stadt Krems Kremstal GrÃ¼ner Veltliner 2018";"Stadt Krems Kremstal GrÃ¼ner Veltliner";"2018";"174.9";"0.75";"233.2";"White wine";"Glass";"12";"1.9433333"
"Vinmonopolet";"4719301";"Stadt Krems Steinterrassen Riesling 2018";"Stadt Krems Steinterrassen Riesling";"2018";"194";"0.75";"258.67";"White wine";"Glass";"12.5";"2.0693333"
"Vinmonopolet";"4719601";"Terras do Minho 2019";"Terras do Minho";"2019";"129";"0.75";"172";"White wine";"Glass";"10.5";"1.6380953"
"Vinmonopolet";"4721001";"Ferrari PerlÃ© Trento Extra Brut 2013";"Ferrari PerlÃ© Trento Extra Brut";"2013";"325.1";"0.75";"433.47";"Sparkling wine";"Glass";"12.5";"3.4677334"
"Vinmonopolet";"4722901";"La Segreta Bianco 2018";"La Segreta Bianco";"2018";"185";"0.75";"246.67";"White wine";"Glass";"12.5";"1.9733334"
"Vinmonopolet";"4723001";"La Segreta Rosso 2015";"La Segreta Rosso";"2015";"185";"0.75";"246.67";"RÃ¸dvin";"Glass";"13";"1.8974359"
"Vinmonopolet";"4726001";"Moselland Avantgarde 2018";"Moselland Avantgarde";"2018";"129.9";"0.75";"173.2";"White wine";"Glass";"8.5";"2.037647"
"Vinmonopolet";"4728202";"Osborne Fino Quinta";"Osborne Fino Quinta";"0";"159.9";"0.38";"426.4";"Sherry";"Glass";"15";"2.805263"
"Vinmonopolet";"4728506";"Gato Negro Sauvignon Blanc";"Gato Negro Sauvignon Blanc";"2019";"349.9";"3";"116.63";"White wine";"Bag-in-box";"11";"1.060303"
"Vinmonopolet";"4728801";"Dom. de Pellehaut RosÃ© 2019";"Dom. de Pellehaut RosÃ©";"2019";"129.9";"0.75";"173.2";"RosÃ©vin";"Glass";"12";"1.4433333"
"Vinmonopolet";"4733901";"Les FumÃ©es Blanches Sauvignon Blanc 2019";"Les FumÃ©es Blanches Sauvignon Blanc";"2019";"134.9";"0.75";"179.87";"White wine";"Glass";"11.5";"1.564058"
"Vinmonopolet";"4733902";"Les FumÃ©es Blanches Sauvignon Blanc 2019";"Les FumÃ©es Blanches Sauvignon Blanc";"2019";"76.9";"0.38";"205.07";"White wine";"Glass";"11.5";"1.7597255"
"Vinmonopolet";"4733906";"Les FumÃ©es Blanches Sauvignon Blanc 2019";"Les FumÃ©es Blanches Sauvignon Blanc";"2019";"459.9";"3";"153.3";"White wine";"Bag-in-box";"11.5";"1.3330435"
"Vinmonopolet";"4734201";"Vermentino Bolgheri 2018";"Vermentino Bolgheri";"2018";"225";"0.75";"300";"White wine";"Glass";"12.5";"2.4"
"Vinmonopolet";"4735001";"Fonseca 20 Years Old Tawny";"Fonseca 20 Years Old Tawny";"0";"749.5";"0.75";"999.33";"Port wine";"Glass";"20";"4.9966664"
"Vinmonopolet";"4737901";"Alejandro FernÃ¡ndez Dehesa la Granja 2017";"Alejandro FernÃ¡ndez Dehesa la Granja";"2017";"169.9";"0.75";"226.53";"RÃ¸dvin";"Glass";"14.5";"1.5622988"
"Vinmonopolet";"4738001";"Tinto Pesquera Reserva 2015";"Tinto Pesquera Reserva";"2015";"469.9";"0.75";"626.53";"RÃ¸dvin";"Glass";"14";"4.475238"
"Vinmonopolet";"4738101";"El Vinculo 2010";"El Vinculo";"2010";"279.8";"0.75";"373.07";"RÃ¸dvin";"Glass";"14.5";"2.5728734"
"Vinmonopolet";"4738306";"Vidigal 2018";"Vidigal";"2018";"409.9";"3";"136.63";"RÃ¸dvin";"Bag-in-box";"13";"1.0510256"
"Vinmonopolet";"4738501";"Dezat Pouilly FumÃ© 2018";"Dezat Pouilly FumÃ©";"2018";"234.9";"0.75";"313.2";"White wine";"Glass";"13";"2.4092307"
"Vinmonopolet";"4744101";"Ruffino Orvieto Classico 2018";"Ruffino Orvieto Classico";"2018";"129.9";"0.75";"173.2";"White wine";"Glass";"12";"1.4433333"
"Vinmonopolet";"4744901";"Jean Fillioux Vieux Pineau des Charentes RosÃ©";"Jean Fillioux Vieux Pineau des Charentes RosÃ©";"0";"349.9";"0.75";"466.53";"Fortified wine";"Glass";"17";"2.7443137"
"Vinmonopolet";"4745001";"Jean Fillioux Vieux Pineau des Charentes Blanc";"Jean Fillioux Vieux Pineau des Charentes Blanc";"0";"349.9";"0.75";"466.53";"Fortified wine";"Glass";"17";"2.7443137"
"Vinmonopolet";"4745301";"Dom. des Malandes Chablis Grand Cru Les Clos 2018";"Dom. des Malandes Chablis Grand Cru Les Clos";"2018";"529.9";"0.75";"706.53";"White wine";"Glass";"13";"5.434872"
"Vinmonopolet";"4746201";"Cant. Terlano Terlaner Classico 2018";"Cant. Terlano Terlaner Classico";"2018";"239";"0.75";"318.67";"White wine";"Glass";"13.5";"2.360494"
"Vinmonopolet";"4746205";"Cant. Terlano Terlaner Classico 2017";"Cant. Terlano Terlaner Classico";"2017";"446";"1.5";"297.33";"White wine";"Glass";"13.5";"2.202469"
"Vinmonopolet";"4746801";"Ch. du Coing de St. Fiacre Comte de St. Hubert 2016";"Ch. du Coing de St. Fiacre Comte de St. Hubert";"2016";"239.9";"0.75";"319.87";"White wine";"Glass";"12";"2.6655555"
"Vinmonopolet";"4746901";"Ch. du Coing de St. Fiacre 2015";"Ch. du Coing de St. Fiacre";"2015";"174.9";"0.75";"233.2";"White wine";"Glass";"12";"1.9433333"
"Vinmonopolet";"4747701";"Bolla Le Poiane Valpolicella Classico Superiore Ripasso 2016";"Bolla Le Poiane Valpolicella Classico Superiore Ripasso";"2016";"225.9";"0.75";"301.2";"RÃ¸dvin";"Glass";"13.5";"2.231111"
"Vinmonopolet";"4749001";"Smirnoff Green Apple Twist";"Smirnoff Green Apple Twist";"0";"314.9";"0.7";"449.86";"Vodka";"Glass";"37.5";"1.199619"
"Vinmonopolet";"4749101";"Pampero Blanco";"Pampero Blanco";"0";"324.9";"0.7";"464.14";"Rum";"Glass";"37.5";"1.2377143"
"Vinmonopolet";"4752301";"Brunel Les Cailloux CuvÃ©e Centenaire 2015";"Brunel Les Cailloux CuvÃ©e Centenaire";"2015";"1119.9";"0.75";"1493.2";"RÃ¸dvin";"Glass";"14.5";"10.297932"
"Vinmonopolet";"4752705";"Prod. del Barbaresco 2016";"Prod. del Barbaresco";"2016";"719.9";"1.5";"479.93";"RÃ¸dvin";"Glass";"14.5";"3.3098853"
"Vinmonopolet";"4754301";"Leitz RÃ¼desheimer Bischofsberg Erste Lage 2018";"Leitz RÃ¼desheimer Bischofsberg Erste Lage";"2018";"190";"0.75";"253.33";"White wine";"Glass";"12.5";"2.0266666"
"Vinmonopolet";"4756801";"Jacob's Creek Shiraz 2016";"Jacob's Creek Shiraz";"2016";"128.9";"0.75";"171.87";"RÃ¸dvin";"Glass";"13.9";"1.2364508"
"Vinmonopolet";"4758301";"Grythyttan Jakt 2016";"Grythyttan Jakt";"2016";"289.5";"0.75";"386";"Fruit wine";"Glass";"14";"2.7571428"
"Vinmonopolet";"4758901";"Ruffino Riserva Ducale Oro Chianti Classico Gran Selezione 2014";"Ruffino Riserva Ducale Oro Chianti Classico Gran Selezione";"2014";"339.9";"0.75";"453.2";"RÃ¸dvin";"Glass";"14.5";"3.1255171"
"Vinmonopolet";"4759001";"Greppone Mazzi Brunello di Montalcino 2014";"Greppone Mazzi Brunello di Montalcino";"2014";"459.9";"0.75";"613.2";"RÃ¸dvin";"Glass";"14.5";"4.2289653"
"Vinmonopolet";"4760001";"Rocca Sveva Valpolicella Superiore Ripasso 2014";"Rocca Sveva Valpolicella Superiore Ripasso";"2014";"239.9";"0.75";"319.87";"RÃ¸dvin";"Glass";"14";"2.284762"
"Vinmonopolet";"4761801";"Fritz Haag Riesling 2018";"Fritz Haag Riesling";"2018";"199.9";"0.75";"266.53";"White wine";"Glass";"11.5";"2.317681"
"Vinmonopolet";"4761905";"Zaccagnini Montepulciano d'Abruzzo 2017";"Zaccagnini Montepulciano d'Abruzzo";"2017";"369.9";"1.5";"246.6";"RÃ¸dvin";"Glass";"12";"2.055"
"Vinmonopolet";"4762001";"Schaefer Graacher Himmelreich Riesling Auslese 2012";"Schaefer Graacher Himmelreich Riesling Auslese";"2012";"449.9";"0.75";"599.87";"White wine";"Glass";"7";"8.569524"
"Vinmonopolet";"4762101";"Finca Villacreces 2016";"Finca Villacreces";"2016";"369.9";"0.75";"493.2";"RÃ¸dvin";"Glass";"14";"3.5228572"
"Vinmonopolet";"4762201";"Schaefer Graacher Himmelreich Riesling SpÃ¤tlese 2018";"Schaefer Graacher Himmelreich Riesling SpÃ¤tlese";"2018";"299.9";"0.75";"399.87";"White wine";"Glass";"7.5";"5.3315554"
"Vinmonopolet";"4762801";"Hirsch GrÃ¼ner Veltliner 2017";"Hirsch GrÃ¼ner Veltliner";"2017";"189.9";"0.75";"253.2";"White wine";"Glass";"12";"2.11"
"Vinmonopolet";"4763601";"Ca' La Bionda Amarone della Valpolicella Classico 2013";"Ca' La Bionda Amarone della Valpolicella Classico";"2013";"389.9";"0.75";"519.87";"RÃ¸dvin";"Glass";"16";"3.2491667"
"Vinmonopolet";"4763801";"Jean Fillioux NapolÃ©on Grande Champagne";"Jean Fillioux NapolÃ©on Grande Champagne";"0";"654.9";"0.7";"935.57";"Grape spirit";"Glass";"40";"2.3389287"
"Vinmonopolet";"4765101";"Broker's London Dry Gin";"Broker's London Dry Gin";"0";"399.9";"0.7";"571.29";"Gin";"Glass";"40";"1.4282143"
"Vinmonopolet";"4765301";"Allesverloren Shiraz";"Allesverloren Shiraz";"2017";"159.9";"0.75";"213.2";"RÃ¸dvin";"Glass";"14.5";"1.4703448"
"Vinmonopolet";"4766301";"Santa Cecilia 2015";"Santa Cecilia";"2015";"365";"0.75";"486.67";"RÃ¸dvin";"Glass";"13.5";"3.6049383"
"Vinmonopolet";"4766401";"Travaglini Gattinara 2016";"Travaglini Gattinara";"2016";"279.9";"0.75";"373.2";"RÃ¸dvin";"Glass";"13.5";"2.7644444"
"Vinmonopolet";"4766405";"Travaglini Gattinara 2016";"Travaglini Gattinara";"2016";"599.9";"1.5";"399.93";"RÃ¸dvin";"Glass";"13.5";"2.9624693"
"Vinmonopolet";"4766701";"Planeta Chardonnay 2018";"Planeta Chardonnay";"2018";"365";"0.75";"486.67";"White wine";"Glass";"14";"3.4761906"
"Vinmonopolet";"4766801";"Planeta Cerasuolo di Vittoria 2017";"Planeta Cerasuolo di Vittoria";"2017";"265";"0.75";"353.33";"RÃ¸dvin";"Glass";"13";"2.7179487"
"Vinmonopolet";"4767101";"Giovanni Rosso Barolo Cerretta 2015";"Giovanni Rosso Barolo Cerretta";"2015";"499.9";"0.75";"666.53";"RÃ¸dvin";"Glass";"14";"4.7609525"
"Vinmonopolet";"4767201";"Castello di Fonterutoli Chianti Classico Gran Selezione";"Castello di Fonterutoli Chianti Classico Gran Selezione";"2016";"424.5";"0.75";"566";"RÃ¸dvin";"Glass";"14.5";"3.9034483"
"Vinmonopolet";"4772205";"MalvirÃ  Langhe San Guglielmo 2010";"MalvirÃ  Langhe San Guglielmo";"2010";"526";"1.5";"350.67";"RÃ¸dvin";"Glass";"13.5";"2.5975308"
"Vinmonopolet";"4772602";"Coffele Le Sponde Recioto di Soave 2017";"Coffele Le Sponde Recioto di Soave";"2017";"334.9";"0.5";"669.8";"White wine";"Glass";"13";"5.1523075"
"Vinmonopolet";"4772701";"Pittacum MencÃ­a 2012";"Pittacum MencÃ­a";"2012";"192";"0.75";"256";"RÃ¸dvin";"Glass";"14.5";"1.7655172"
"Vinmonopolet";"4773001";"Mas Amiel Vintage Blanc 2017";"Mas Amiel Vintage Blanc";"2017";"299.9";"0.75";"399.87";"Fortified wine";"Glass";"15.5";"2.5797849"
"Vinmonopolet";"4773801";"Rhum J.M RÃ©serve SpÃ©ciale X.O.";"Rhum J.M RÃ©serve SpÃ©ciale X.O.";"0";"759.9";"0.7";"1085.57";"Rum";"Glass";"45";"2.4123812"
"Vinmonopolet";"4775101";"Terres d'Orb 2017";"Terres d'Orb";"2017";"163.9";"0.75";"218.53";"RÃ¸dvin";"Glass";"13";"1.6810256"
"Vinmonopolet";"4777101";"Nik Weis St. Urbans-Hof Riesling Trocken 2018";"Nik Weis St. Urbans-Hof Riesling Trocken";"2018";"219";"0.75";"292";"White wine";"Glass";"12";"2.4333334"
"Vinmonopolet";"4778101";"Il Falchetto Barbera d'Asti Pian Scorrone 2018";"Il Falchetto Barbera d'Asti Pian Scorrone";"2018";"214.9";"0.75";"286.53";"RÃ¸dvin";"Glass";"15";"1.9102222"
"Vinmonopolet";"4778901";"The Glenlivet 15 YO French Oak Reserve";"The Glenlivet 15 YO French Oak Reserve";"0";"659";"0.7";"941.43";"Whisky";"Glass";"40";"2.3535714"
"Vinmonopolet";"4781301";"Absolut Raspberri";"Absolut Raspberri";"0";"354.9";"0.7";"507";"Vodka";"Glass";"40";"1.2675"
"Vinmonopolet";"4781601";"Montecillo Reserva 2011";"Montecillo Reserva";"2011";"209.9";"0.75";"279.87";"RÃ¸dvin";"Glass";"13.5";"2.0730863"
"Vinmonopolet";"4782101";"Allesverloren Touriga Nacional 2016";"Allesverloren Touriga Nacional";"2016";"159.9";"0.75";"213.2";"RÃ¸dvin";"Glass";"14";"1.5228571"
"Vinmonopolet";"4786601";"Luis Pato Vinha Pan 2015";"Luis Pato Vinha Pan";"2015";"319.9";"0.75";"426.53";"RÃ¸dvin";"Glass";"13";"3.2810256"
"Vinmonopolet";"4787401";"Gentleman Jack";"Gentleman Jack";"0";"544.9";"0.7";"778.43";"Whisky";"Glass";"40";"1.9460715"
"Vinmonopolet";"4789501";"Mazzei Fonterutoli Chianti Classico 2018";"Mazzei Fonterutoli Chianti Classico";"2018";"219.3";"0.75";"292.4";"RÃ¸dvin";"Glass";"13.5";"2.165926"
"Vinmonopolet";"4791201";"Elio Altare Barbera d'Alba 2017";"Elio Altare Barbera d'Alba";"2017";"315";"0.75";"420";"RÃ¸dvin";"Glass";"15";"2.8"
"Vinmonopolet";"4792001";"Ratzeputz";"Ratzeputz";"0";"707";"0.7";"1010";"Bitter	";"Glass";"58";"1.7413794"
"Vinmonopolet";"4798801";"Terre del Barolo Barbera d'Alba Superiore 2017";"Terre del Barolo Barbera d'Alba Superiore";"2017";"184.9";"0.75";"246.53";"RÃ¸dvin";"Glass";"14.5";"1.7002299"
"Vinmonopolet";"4798901";"Terre del Barolo, Barolo 2015";"Terre del Barolo, Barolo";"2015";"269.9";"0.75";"359.87";"RÃ¸dvin";"Glass";"14";"2.570476"
"Vinmonopolet";"4799401";"Pinord Marrugat Gran Brut 2001";"Pinord Marrugat Gran Brut";"2001";"166.9";"0.75";"222.53";"Sparkling wine";"Glass";"11.5";"1.9350724"
"Vinmonopolet";"4799801";"BlackwoodÂ´s Vintage 2017";"BlackwoodÂ´s Vintage";"2017";"549.9";"0.7";"785.57";"Gin";"Glass";"40";"1.9639287"
"Vinmonopolet";"4801301";"Hendrick's Gin";"Hendrick's Gin";"0";"619.9";"0.7";"885.57";"Gin";"Glass";"41.4";"2.1390615"
"Vinmonopolet";"4801302";"Hendrick's Gin";"Hendrick's Gin";"0";"314.9";"0.35";"899.71";"Gin";"Glass";"41.4";"2.1732228"
"Vinmonopolet";"4801303";"Hendrick's Gin";"Hendrick's Gin";"0";"74.9";"0.05";"1498";"Gin";"Glass";"41.4";"3.6183574"
"Vinmonopolet";"4801401";"Sailor Jerry";"Sailor Jerry";"0";"439.9";"0.7";"628.43";"Other spirit";"Glass";"40";"1.5710714"
"Vinmonopolet";"4801501";"Flor de CaÃ±a Centenario 12 YO";"Flor de CaÃ±a Centenario 12 YO";"0";"690";"0.7";"985.71";"Rum";"Glass";"40";"2.4642859"
"Vinmonopolet";"4801701";"Flor de CaÃ±a Extra Seco";"Flor de CaÃ±a Extra Seco";"0";"455";"0.7";"650";"Rum";"Glass";"40";"1.625"
"Vinmonopolet";"4802501";"Pietramarina Etna Bianco Superiore 2012";"Pietramarina Etna Bianco Superiore";"2012";"399.8";"0.75";"533.07";"White wine";"Glass";"12.5";"4.264533"
"Vinmonopolet";"4803401";"Louis Jadot CÃ´te de Beaune-Villages 2014";"Louis Jadot CÃ´te de Beaune-Villages";"2014";"279.9";"0.75";"373.2";"RÃ¸dvin";"Glass";"12.5";"2.9856"
"Vinmonopolet";"4805001";"Amarula Cream";"Amarula Cream";"0";"309.9";"1";"309.9";"LikÃ¸r";"Glass";"17";"1.8229412"
"Vinmonopolet";"4805002";"Amarula Cream";"Amarula Cream";"0";"169.9";"0.5";"339.8";"LikÃ¸r";"Plast";"17";"1.9988234"
"Vinmonopolet";"4805101";"Doppio Passo 2019";"Doppio Passo";"2019";"139.9";"0.75";"186.53";"RÃ¸dvin";"Glass";"13";"1.4348717"
"Vinmonopolet";"4805102";"Doppio Passo 2017";"Doppio Passo";"2017";"71.8";"0.38";"191.47";"RÃ¸dvin";"Glass";"13";"1.4534414"
"Vinmonopolet";"4805105";"Doppio Passo 2018";"Doppio Passo";"2018";"250.9";"1.5";"167.27";"RÃ¸dvin";"Glass";"13";"1.2866666"
"Vinmonopolet";"4805302";"Antinori Grappa Tignanello";"Antinori Grappa Tignanello";"0";"525";"0.5";"1050";"Grape spirit";"Glass";"42";"2.5"
"Vinmonopolet";"4807101";"Poeira 2014";"Poeira";"2014";"474.9";"0.75";"633.2";"RÃ¸dvin";"Glass";"14";"4.522857"
"Vinmonopolet";"4807206";"Chill Out Dark and Generous Californian Shiraz";"Chill Out Dark and Generous Californian Shiraz";"2018";"429.9";"3";"143.3";"RÃ¸dvin";"Bag-in-box";"14";"1.0235714"
"Vinmonopolet";"4807601";"Dom. AndrÃ© Brunel CÃ´tes du RhÃ´ne CuvÃ©e Sommelongue 2018";"Dom. AndrÃ© Brunel CÃ´tes du RhÃ´ne CuvÃ©e Sommelongue";"2018";"174.9";"0.75";"233.2";"RÃ¸dvin";"Glass";"14";"1.6657143"
"Vinmonopolet";"4809906";"L de Ch. Mercier 2015";"L de Ch. Mercier";"2015";"479.9";"3";"159.97";"RÃ¸dvin";"Bag-in-box";"13.5";"1.1849383"
"Vinmonopolet";"4810606";"J. BÃ¤umer Rheingau Riesling 2019";"J. BÃ¤umer Rheingau Riesling";"2019";"439.9";"3";"146.63";"White wine";"Bag-in-box";"9";"1.6292592"
"Vinmonopolet";"4811001";"Brunelli Valpolicella Campo Praesel 2018";"Brunelli Valpolicella Campo Praesel";"2018";"149.9";"0.75";"199.87";"RÃ¸dvin";"Glass";"12";"1.6655555"
"Vinmonopolet";"4811301";"Jacob's Creek Riesling Reserve 2016";"Jacob's Creek Riesling Reserve";"2016";"149.9";"0.75";"199.87";"White wine";"Glass";"12.5";"1.5989332"
"Vinmonopolet";"4813301";"Louis Jadot Beaujolais Villages 2018";"Louis Jadot Beaujolais Villages";"2018";"174.9";"0.75";"233.2";"RÃ¸dvin";"Glass";"12.5";"1.8656"
"Vinmonopolet";"4813601";"HervÃ© Souhaut Sainte Epine 2018";"HervÃ© Souhaut Sainte Epine";"2018";"520";"0.75";"693.33";"RÃ¸dvin";"Glass";"13.5";"5.1358023"
"Vinmonopolet";"4816001";"Bellavista Franciacorta Pas OperÃ¨ 2013";"Bellavista Franciacorta Pas OperÃ¨";"2013";"525";"0.75";"700";"Sparkling wine";"Glass";"12.5";"5.6"
"Vinmonopolet";"4816201";"Planeta Alastro 2019";"Planeta Alastro";"2019";"199.9";"0.75";"266.53";"White wine";"Glass";"12.5";"2.1322665"
"Vinmonopolet";"4817206";"Rawson's Retreat Shiraz Cabernet 2019";"Rawson's Retreat Shiraz Cabernet";"2019";"424.9";"3";"141.63";"RÃ¸dvin";"Bag-in-box";"13.5";"1.0491358"
"Vinmonopolet";"4818401";"Prunotto Bussia Barolo 2012";"Prunotto Bussia Barolo";"2012";"619";"0.75";"825.33";"RÃ¸dvin";"Glass";"13.5";"6.11358"
"Vinmonopolet";"4818501";"Prunotto Bric Turot Barbaresco 2016";"Prunotto Bric Turot Barbaresco";"2016";"449";"0.75";"598.67";"RÃ¸dvin";"Glass";"14";"4.2761903"
"Vinmonopolet";"4819801";"Cerro del Masso Chianti 2017";"Cerro del Masso Chianti";"2017";"189.9";"0.75";"253.2";"RÃ¸dvin";"Glass";"14";"1.8085713"
"Vinmonopolet";"4820301";"Eric Rodez CuvÃ©e des Grands Vintages";"Eric Rodez CuvÃ©e des Grands Vintages";"0";"749.9";"0.75";"999.87";"Champagne, brut";"Glass";"12";"8.332223"
"Vinmonopolet";"4820401";"Dom. Montrose 2019";"Dom. Montrose";"2019";"129.9";"0.75";"173.2";"RosÃ©vin";"Glass";"12";"1.4433333"
"Vinmonopolet";"4820405";"Dom. Montrose 2018";"Dom. Montrose";"2018";"275";"1.5";"183.33";"RosÃ©vin";"Glass";"12";"1.5277778"
"Vinmonopolet";"4820407";"Dom. Montrose 2018";"Dom. Montrose";"2018";"699.9";"3";"233.3";"RosÃ©vin";"Glass";"12";"1.9441668"
"Vinmonopolet";"4820901";"MalvirÃ  BirbÃ©t 2018";"MalvirÃ  BirbÃ©t";"2018";"164";"0.75";"218.67";"Perlende vin, rosÃ©";"Glass";"5";"4.3733335"
"Vinmonopolet";"4821602";"FrÃ¸ken Nielsens Sommersnaps";"FrÃ¸ken Nielsens Sommersnaps";"0";"309.9";"0.5";"619.8";"Other spirit";"Glass";"38";"1.6310526"
"Vinmonopolet";"4821801";"Grant's Family Reserve";"Grant's Family Reserve";"0";"549.9";"1";"549.9";"Whisky";"Glass";"40";"1.37475"
"Vinmonopolet";"4822001";"Ch. Couhins-Lurton 2015";"Ch. Couhins-Lurton";"2015";"469.9";"0.75";"626.53";"White wine";"Glass";"14";"4.475238"
"Vinmonopolet";"4824301";"Defaix Chablis 1er Cru CÃ´te de Lechet 2018";"Defaix Chablis 1er Cru CÃ´te de Lechet";"2018";"289";"0.75";"385.33";"White wine";"Glass";"13";"2.9641025"
"Vinmonopolet";"4824501";"Defaix Chablis 2018";"Defaix Chablis";"2018";"234.9";"0.75";"313.2";"White wine";"Glass";"12.5";"2.5056"
"Vinmonopolet";"4825101";"Catena Cabernet Sauvignon 2016";"Catena Cabernet Sauvignon";"2016";"195";"0.75";"260";"RÃ¸dvin";"Glass";"13";"2"
"Vinmonopolet";"4825201";"Alamos Chardonnay 2018";"Alamos Chardonnay";"2018";"139.9";"0.75";"186.53";"White wine";"Glass";"13";"1.4348717"
"Vinmonopolet";"4826901";"Tissot Les Graviers Chardonnay 2017";"Tissot Les Graviers Chardonnay";"2017";"454.9";"0.75";"606.53";"White wine";"Glass";"14.5";"4.1829886"
"Vinmonopolet";"4827301";"Ch. Gravelle Don Quichotte 2013";"Ch. Gravelle Don Quichotte";"2013";"199.9";"0.75";"266.53";"White wine";"Glass";"12";"2.221111"
"Vinmonopolet";"4827406";"Valpantena Garganega";"Valpantena Garganega";"2017";"404.9";"3";"134.97";"White wine";"Bag-in-box";"12.5";"1.0797334"
"Vinmonopolet";"4828701";"Carl Loewen Riesling Alte Reben 2019";"Carl Loewen Riesling Alte Reben";"2019";"199.9";"0.75";"266.53";"White wine";"Glass";"12";"2.221111"
"Vinmonopolet";"4831606";"Wild South Shiraz Cabernet Sauvignon 2017";"Wild South Shiraz Cabernet Sauvignon";"2017";"399.9";"3";"133.3";"RÃ¸dvin";"Bag-in-box";"13";"1.0253845"
"Vinmonopolet";"4833301";"Joseph Drouhin MÃ¢con Villages 2018";"Joseph Drouhin MÃ¢con Villages";"2018";"198";"0.75";"264";"White wine";"Glass";"13";"2.0307693"
"Vinmonopolet";"4834201";"MoÃ«t & Chandon RosÃ© Vintage 2012";"MoÃ«t & Chandon RosÃ© Vintage";"2012";"629.9";"0.75";"839.87";"Champagne, rosÃ©";"Glass";"12.5";"6.7189336"
"Vinmonopolet";"4834401";"Musella Amarone della Valpolicella Riserva 2012";"Musella Amarone della Valpolicella Riserva";"2012";"439.9";"0.75";"586.53";"RÃ¸dvin";"Glass";"16";"3.6658332"
"Vinmonopolet";"4834405";"Musella Amarone della Valpolicella Riserva 2011";"Musella Amarone della Valpolicella Riserva";"2011";"975";"1.5";"650";"RÃ¸dvin";"Glass";"16";"4.0625"
"Vinmonopolet";"4834601";"Il Bruciato 2018";"Il Bruciato";"2018";"279";"0.75";"372";"RÃ¸dvin";"Glass";"14";"2.6571429"
"Vinmonopolet";"4834701";"La Ciboise 2017";"La Ciboise";"2017";"156.9";"0.75";"209.2";"RÃ¸dvin";"Glass";"14";"1.4942857"
"Vinmonopolet";"4835002";"Fisherstorm Red";"Fisherstorm Red";"0";"300.9";"0.5";"601.8";"Bitter	";"Glass";"32";"1.880625"
"Vinmonopolet";"4837001";"Dom. Seguinot-Bordet Petit Chablis 2018";"Dom. Seguinot-Bordet Petit Chablis";"2018";"229";"0.75";"305.33";"White wine";"Glass";"12.5";"2.4426668"
"Vinmonopolet";"4837501";"Quinta de Saes Rose' 2017";"Quinta de Saes Rose'";"2017";"179.9";"0.75";"239.87";"RosÃ©vin";"Glass";"12.5";"1.9189333"
"Vinmonopolet";"4838901";"Braida Barbera d'Asti Montebruna 2016";"Braida Barbera d'Asti Montebruna";"2016";"285";"0.75";"380";"RÃ¸dvin";"Glass";"15";"2.5333333"
"Vinmonopolet";"4839201";"Grans-Fassian Trittenheimer Riesling Kabinett 2015";"Grans-Fassian Trittenheimer Riesling Kabinett";"2015";"209.9";"0.75";"279.87";"White wine";"Glass";"9.5";"2.9459648"
"Vinmonopolet";"4840901";"Ratzenberger Bacharacher Posten Riesling SpÃ¤tlese Halbtrocken 2016";"Ratzenberger Bacharacher Posten Riesling SpÃ¤tlese Halbtrocken";"2016";"228";"0.75";"304";"White wine";"Glass";"11";"2.7636364"
"Vinmonopolet";"4841001";"Brocard Chablis Boissonneuse 2018";"Brocard Chablis Boissonneuse";"2018";"289.9";"0.75";"386.53";"White wine";"Glass";"13";"2.9733334"
"Vinmonopolet";"4841101";"Brocard Sainte Claire Chablis Vieilles Vignes 2018";"Brocard Sainte Claire Chablis Vieilles Vignes";"2018";"274.9";"0.75";"366.53";"White wine";"Glass";"13";"2.819487"
"Vinmonopolet";"4841201";"Emrich-SchÃ¶nleber Monziger Halenberg Riesling SpÃ¤tlese 2016";"Emrich-SchÃ¶nleber Monziger Halenberg Riesling SpÃ¤tlese";"2016";"308";"0.75";"410.67";"White wine";"Glass";"8.5";"4.8313727"
"Vinmonopolet";"4842301";"La Chablisienne Chablis CuvÃ©e Solsiden 2015";"La Chablisienne Chablis CuvÃ©e Solsiden";"2015";"269.8";"0.75";"359.73";"White wine";"Glass";"12.5";"2.8778665"
"Vinmonopolet";"4842801";"Fritz Haag Riesling Trocken 2018";"Fritz Haag Riesling Trocken";"2018";"196";"0.75";"261.33";"White wine";"Glass";"12";"2.1777778"
"Vinmonopolet";"4846101";"Leo Hillinger Easy Zweigelt";"Leo Hillinger Easy Zweigelt";"0";"99";"0.75";"132";"RÃ¸dvin";"Glass";"12.5";"1.056"
"Vinmonopolet";"4847401";"Paul Giraud TrÃ¨s Rare";"Paul Giraud TrÃ¨s Rare";"0";"1450";"0.7";"2071.43";"Grape spirit";"Glass";"40";"5.1785717"
"Vinmonopolet";"4848701";"Ramos Pinto 20 Years Tawny Quinta do Bom Retiro";"Ramos Pinto 20 Years Tawny Quinta do Bom Retiro";"0";"562";"0.75";"749.33";"Port wine";"Glass";"20.5";"3.6552846"
"Vinmonopolet";"4848801";"Conterno Fantino Langhe Nebbiolo Ginestrino 2018";"Conterno Fantino Langhe Nebbiolo Ginestrino";"2018";"292";"0.75";"389.33";"RÃ¸dvin";"Glass";"14.5";"2.6850574"
"Vinmonopolet";"4849301";"Vincent Paris Cornas Granit 30 2017";"Vincent Paris Cornas Granit 30";"2017";"340";"0.75";"453.33";"RÃ¸dvin";"Glass";"13";"3.4871795"
"Vinmonopolet";"4850001";"Manzone La Serra Barbera d'Alba 2013";"Manzone La Serra Barbera d'Alba";"2013";"279.9";"0.75";"373.2";"RÃ¸dvin";"Glass";"14.5";"2.573793"
"Vinmonopolet";"4850101";"Manzone Barolo La Gramolere 2007";"Manzone Barolo La Gramolere";"2007";"407.9";"0.75";"543.87";"RÃ¸dvin";"Glass";"14.5";"3.7508044"
"Vinmonopolet";"4850401";"Noval 10 Yeara Old Tawny";"Noval 10 Yeara Old Tawny";"0";"334.9";"0.75";"446.53";"Port wine";"Glass";"19.5";"2.2899144"
"Vinmonopolet";"4850501";"Noval 20 Years Old Tawny";"Noval 20 Years Old Tawny";"0";"699.9";"0.75";"933.2";"Port wine";"Glass";"21";"4.4438095"
"Vinmonopolet";"4850802";"Maydie Tannat 2014";"Maydie Tannat";"2014";"239";"0.5";"478";"Fortified wine";"Glass";"17";"2.8117647"
"Vinmonopolet";"4850901";"Ch. d'Aydie 2014";"Ch. d'Aydie";"2014";"275";"0.75";"366.67";"RÃ¸dvin";"Glass";"14.5";"2.5287356"
"Vinmonopolet";"4851405";"Arne Brimi's Viltvin CuvÃ©e SpÃ©sial 2018";"Arne Brimi's Viltvin CuvÃ©e SpÃ©sial";"2018";"459.9";"1.5";"306.6";"RÃ¸dvin";"Glass";"14.5";"2.1144826"
"Vinmonopolet";"4851801";"Leguin-Colin Santenay 1er Cru La Comme 2016";"Leguin-Colin Santenay 1er Cru La Comme";"2016";"339.9";"0.75";"453.2";"RÃ¸dvin";"Glass";"13.5";"3.357037"
"Vinmonopolet";"4852201";"Vecchia Romagna Etichetta Nera";"Vecchia Romagna Etichetta Nera";"0";"429";"0.7";"612.86";"Grape spirit";"Glass";"38";"1.612782"
"Vinmonopolet";"4852801";"Cavallotto Barbera d'Alba Vigna Cuculo 2017";"Cavallotto Barbera d'Alba Vigna Cuculo";"2017";"308";"0.75";"410.67";"RÃ¸dvin";"Glass";"14.5";"2.8321838"
"Vinmonopolet";"4853501";"Bianco di Caselle Etna Bianco Superiore 2014";"Bianco di Caselle Etna Bianco Superiore";"2014";"274.9";"0.75";"366.53";"White wine";"Glass";"12";"3.0544443"
"Vinmonopolet";"4853601";"Moccagatta Barbaresco Bric Balin 2016";"Moccagatta Barbaresco Bric Balin";"2016";"595";"0.75";"793.33";"RÃ¸dvin";"Glass";"15";"5.288889"
"Vinmonopolet";"4853701";"Moccagatta Barbaresco Cole 2016";"Moccagatta Barbaresco Cole";"2016";"595";"0.75";"793.33";"RÃ¸dvin";"Glass";"15";"5.288889"
"Vinmonopolet";"4853801";"Moccagatta Barbaresco Basarin 2013";"Moccagatta Barbaresco Basarin";"2013";"595";"0.75";"793.33";"RÃ¸dvin";"Glass";"15.5";"5.1182795"
"Vinmonopolet";"4855601";"Dom PÃ©rignon RosÃ© 2006";"Dom PÃ©rignon RosÃ©";"2006";"2699.9";"0.75";"3599.87";"Champagne, rosÃ©";"Glass";"12.5";"28.798933"
"Vinmonopolet";"4857202";"Svaneke Julebryg";"Svaneke Julebryg";"0";"53.6";"0.5";"107.2";"MÃ¸rk lager";"Glass";"5.7";"1.8807018"
"Vinmonopolet";"4857601";"Tissot Poulsard Vieilles Vignes 2018";"Tissot Poulsard Vieilles Vignes";"2018";"339.9";"0.75";"453.2";"RÃ¸dvin";"Glass";"12";"3.7766666"
"Vinmonopolet";"4857605";"Tissot Poulsard Vieilles Vignes 2018";"Tissot Poulsard Vieilles Vignes";"2018";"689.9";"1.5";"459.93";"RÃ¸dvin";"Glass";"12";"3.832778"
"Vinmonopolet";"4859201";"De Villaine Bouzeron 2017";"De Villaine Bouzeron";"2017";"319.9";"0.75";"426.53";"White wine";"Glass";"13";"3.2810256"
"Vinmonopolet";"4871101";"Loimer Riesling Terrassen 2016";"Loimer Riesling Terrassen";"2016";"279";"0.75";"372";"White wine";"Glass";"12.5";"2.976"
"Vinmonopolet";"4871201";"Loimer Loiserberg GrÃ¼ner Veltliner 2017";"Loimer Loiserberg GrÃ¼ner Veltliner";"2017";"269.9";"0.75";"359.87";"White wine";"Glass";"12.5";"2.8789332"
"Vinmonopolet";"4871301";"Loimer Langenlois Pinot Noir 2017";"Loimer Langenlois Pinot Noir";"2017";"279";"0.75";"372";"RÃ¸dvin";"Glass";"12.5";"2.976"
"Vinmonopolet";"4871401";"Pira Barbera d'Alba 2017";"Pira Barbera d'Alba";"2017";"324.9";"0.75";"433.2";"RÃ¸dvin";"Glass";"15";"2.888"
"Vinmonopolet";"4871701";"LZ Rioja 2018";"LZ Rioja";"2018";"182";"0.75";"242.67";"RÃ¸dvin";"Glass";"14";"1.7333333"
"Vinmonopolet";"4872601";"Lequin-Colin Bourgogne Pinot Noir 2017";"Lequin-Colin Bourgogne Pinot Noir";"2017";"239.9";"0.75";"319.87";"RÃ¸dvin";"Glass";"12.5";"2.5589333"
"Vinmonopolet";"4873001";"Ad Astra Maremma Toscana 2016";"Ad Astra Maremma Toscana";"2016";"265";"0.75";"353.33";"RÃ¸dvin";"Glass";"13.5";"2.617284"
"Vinmonopolet";"4873202";"Planeta Passito di Noto 2018";"Planeta Passito di Noto";"2018";"315";"0.5";"630";"White wine";"Glass";"12.5";"5.04"
"Vinmonopolet";"4873901";"Lo Sang del PaÃ¯s 2015";"Lo Sang del PaÃ¯s";"2015";"171.7";"0.75";"228.93";"RÃ¸dvin";"Glass";"12.5";"1.8314667"
"Vinmonopolet";"4874101";"Leo Hillinger Easy GrÃ¼ner Veltliner";"Leo Hillinger Easy GrÃ¼ner Veltliner";"0";"162.5";"0.75";"216.67";"White wine";"Glass";"11.5";"1.884058"
"Vinmonopolet";"4874201";"Daniel Bouju Cognac Royal";"Daniel Bouju Cognac Royal";"0";"1249.3";"0.7";"1784.71";"Grape spirit";"Glass";"60";"2.974524"
"Vinmonopolet";"4874401";"Daniel Bouju Empereur XO";"Daniel Bouju Empereur XO";"0";"1211.6";"0.7";"1730.86";"Grape spirit";"Glass";"40";"4.3271427"
"Vinmonopolet";"4874407";"Daniel Bouju Empereur XO";"Daniel Bouju Empereur XO";"0";"4526.6";"3";"1508.87";"Grape spirit";"Glass";"40";"3.7721667"
"Vinmonopolet";"4874501";"Daniel Bouju Cognac Extra";"Daniel Bouju Cognac Extra";"0";"1331.7";"0.7";"1902.43";"Grape spirit";"Glass";"40";"4.7560716"
"Vinmonopolet";"4874901";"De Bortoli Murphy's Vineyard Hunter Valley Semillon 2007";"De Bortoli Murphy's Vineyard Hunter Valley Semillon";"2007";"199.9";"0.75";"266.53";"White wine";"Glass";"11";"2.4230301"
"Vinmonopolet";"4875001";"Loacker Corte Pavone Rosso di Montalcino 2015";"Loacker Corte Pavone Rosso di Montalcino";"2015";"279.9";"0.75";"373.2";"RÃ¸dvin";"Glass";"14.5";"2.573793"
"Vinmonopolet";"4877201";"Portia Crianza 2016";"Portia Crianza";"2016";"219.9";"0.75";"293.2";"RÃ¸dvin";"Glass";"14.5";"2.022069"
"Vinmonopolet";"4877901";"Quinta da Carvalhosa Campo Ardosa 2008";"Quinta da Carvalhosa Campo Ardosa";"2008";"159.6";"0.75";"212.8";"RÃ¸dvin";"Glass";"13.5";"1.5762963"
"Vinmonopolet";"4878001";"Quinta da Carvalhosa Ardosino Q 2011";"Quinta da Carvalhosa Ardosino Q";"2011";"134.8";"0.75";"179.73";"RÃ¸dvin";"Glass";"12.5";"1.4378667"
"Vinmonopolet";"4886902";"Ch. du Levant Sauternes 2016";"Ch. du Levant Sauternes";"2016";"165";"0.38";"440";"White wine";"Glass";"13.5";"3.2163744"
"Vinmonopolet";"4888101";"Perticaia Sagrantino di Montefalco 2012";"Perticaia Sagrantino di Montefalco";"2012";"379.9";"0.75";"506.53";"RÃ¸dvin";"Glass";"15";"3.3768888"
"Vinmonopolet";"4888801";"Bowmore Single Malt 18 Years Old";"Bowmore Single Malt 18 Years Old";"0";"1099.9";"0.7";"1571.29";"Whisky";"Glass";"43";"3.6541529"
"Vinmonopolet";"4888901";"Aalborg Nordguld";"Aalborg Nordguld";"0";"399.9";"0.7";"571.29";"Aquavit";"Glass";"40";"1.4282143"
"Vinmonopolet";"4889001";"Tissot Singulier Trousseau 2018";"Tissot Singulier Trousseau";"2018";"389.9";"0.75";"519.87";"RÃ¸dvin";"Glass";"14";"3.7133334"
"Vinmonopolet";"4889101";"Tissot En Barberon Pinot Noir 2018";"Tissot En Barberon Pinot Noir";"2018";"509.9";"0.75";"679.87";"RÃ¸dvin";"Glass";"12.5";"5.4389334"
"Vinmonopolet";"4892701";"CÃ¡lem 20 Years Old Tawny";"CÃ¡lem 20 Years Old Tawny";"0";"469.9";"0.75";"626.53";"Port wine";"Glass";"20";"3.1326666"
"Vinmonopolet";"4893401";"Occhipinti Siccagno Nero d'Avola 2017";"Occhipinti Siccagno Nero d'Avola";"2017";"379.9";"0.75";"506.53";"RÃ¸dvin";"Glass";"12.5";"4.0522666"
"Vinmonopolet";"4893501";"Occhipinti Il Frappato 2017";"Occhipinti Il Frappato";"2017";"379.9";"0.75";"506.53";"RÃ¸dvin";"Glass";"12.5";"4.0522666"
"Vinmonopolet";"4893505";"Occhipinti Il Frappato 2016";"Occhipinti Il Frappato";"2016";"799.9";"1.5";"533.27";"RÃ¸dvin";"Glass";"13";"4.1020513"
"Vinmonopolet";"4893801";"Aberlour a'bunadh";"Aberlour a'bunadh";"0";"895";"0.7";"1278.57";"Whisky";"Glass";"59.2";"2.159749"
"Vinmonopolet";"4895501";"Vicara Barbera del Monferrato 2017";"Vicara Barbera del Monferrato";"2017";"169.9";"0.75";"226.53";"RÃ¸dvin";"Glass";"13";"1.7425641"
"Vinmonopolet";"4897201";"Marc Kreydenweiss Wiebelsberg Riesling Grand Cru 2016";"Marc Kreydenweiss Wiebelsberg Riesling Grand Cru";"2016";"364.9";"0.75";"486.53";"White wine";"Glass";"12.5";"3.8922665"
"Vinmonopolet";"4897306";"Zaccagnini Cantina Rossa Montepulciano dÂ´Abruzzo 2018";"Zaccagnini Cantina Rossa Montepulciano dÂ´Abruzzo";"2018";"499.9";"3";"166.63";"RÃ¸dvin";"Bag-in-box";"12.5";"1.3330667"
"Vinmonopolet";"4897706";"Leitz Riesling Trocken 2019";"Leitz Riesling Trocken";"2019";"434.1";"3";"144.7";"White wine";"Bag-in-box";"11.5";"1.2582608"
"Vinmonopolet";"4899205";"Quinta do Infantado Vintage 1999";"Quinta do Infantado Vintage";"1999";"1764.1";"1.5";"1176.07";"Port wine";"Glass";"19.5";"6.0311112"
"Vinmonopolet";"4899405";"Quinta do Infantado Vintage 1997";"Quinta do Infantado Vintage";"1997";"1744.8";"1.5";"1163.2";"Port wine";"Glass";"19.5";"5.9651284"
"Vinmonopolet";"4899501";"Quinta do Infantado Vintage 1981";"Quinta do Infantado Vintage";"1981";"1348.9";"0.75";"1798.53";"Port wine";"Glass";"19.5";"9.2232485"
"Vinmonopolet";"4899601";"Quinta do Infantado Vintage 2011";"Quinta do Infantado Vintage";"2011";"977.7";"0.75";"1303.6";"Port wine";"Glass";"19.5";"6.685128"
"Vinmonopolet";"4899701";"Quinta do Infantado Vintage 1978";"Quinta do Infantado Vintage";"1978";"1570.7";"0.75";"2094.27";"Port wine";"Glass";"19.5";"10.739829"
"Vinmonopolet";"4902101";"Monsanto Chianti Classico Riserva 2016";"Monsanto Chianti Classico Riserva";"2016";"401.7";"0.75";"535.6";"RÃ¸dvin";"Glass";"14";"3.8257143"
"Vinmonopolet";"4907201";"Lequin-Colin Bourgogne Chardonnay 2017";"Lequin-Colin Bourgogne Chardonnay";"2017";"239.9";"0.75";"319.87";"White wine";"Glass";"12.5";"2.5589333"
"Vinmonopolet";"4907401";"Giovanni Almondo Langhe Nebbiolo 2017";"Giovanni Almondo Langhe Nebbiolo";"2017";"249.9";"0.75";"333.2";"RÃ¸dvin";"Glass";"13.5";"2.468148"
"Vinmonopolet";"4907501";"Bricco delle Ciliegie Roero Arneis 2018";"Bricco delle Ciliegie Roero Arneis";"2018";"239.9";"0.75";"319.87";"White wine";"Glass";"13";"2.4605129"
"Vinmonopolet";"4907601";"Roero Arneis Vigne Sparse 2018";"Roero Arneis Vigne Sparse";"2018";"229.9";"0.75";"306.53";"White wine";"Glass";"13";"2.3579485"
"Vinmonopolet";"4907701";"Fosso della Rosa Mosto Parzialmente Fermentato 2015";"Fosso della Rosa Mosto Parzialmente Fermentato";"2015";"199.9";"0.75";"266.53";"RÃ¸dvin";"Glass";"5";"5.3306665"
"Vinmonopolet";"4909406";"Laroche Chablis";"Laroche Chablis";"2018";"499.9";"2";"249.95";"White wine";"Bag-in-box";"12";"2.0829167"
"Vinmonopolet";"4909701";"Montes Sauvignon Blanc Classic 2017";"Montes Sauvignon Blanc Classic";"2017";"175";"0.75";"233.33";"White wine";"Glass";"13";"1.7948718"
"Vinmonopolet";"4909801";"Bernard-Massard CuvÃ©e de LÂ´Ecusson Brut";"Bernard-Massard CuvÃ©e de LÂ´Ecusson Brut";"0";"209";"0.75";"278.67";"Sparkling wine";"Glass";"12";"2.3222222"
"Vinmonopolet";"4909804";"Bernard-Massard CuvÃ©e de LÂ´Ecusson Brut";"Bernard-Massard CuvÃ©e de LÂ´Ecusson Brut";"0";"67";"0.2";"335";"Sparkling wine";"Glass";"12";"2.7916665"
"Vinmonopolet";"4910001";"Luis Pato Vinhas Velhas 2018";"Luis Pato Vinhas Velhas";"2018";"189.9";"0.75";"253.2";"White wine";"Glass";"12.5";"2.0256"
"Vinmonopolet";"4910401";"Luis Pato Maria Gomes Bruto 2014";"Luis Pato Maria Gomes Bruto";"2014";"164.9";"0.75";"219.87";"Sparkling wine";"Glass";"12.5";"1.7589333"
"Vinmonopolet";"4910601";"Ten. Olim Bauda Barbera d'Asti Le Rocchette 2013";"Ten. Olim Bauda Barbera d'Asti Le Rocchette";"2013";"250";"0.75";"333.33";"RÃ¸dvin";"Glass";"14";"2.3809524"
"Vinmonopolet";"4910801";"Lavorata Bivongi Riserva Rosso";"Lavorata Bivongi Riserva Rosso";"2015";"217.3";"0.75";"289.73";"RÃ¸dvin";"Glass";"14";"2.0695238"
"Vinmonopolet";"4911101";"Lavorata Bivongi Bianco";"Lavorata Bivongi Bianco";"2018";"170.5";"0.75";"227.33";"White wine";"Glass";"13";"1.7487179"
"Vinmonopolet";"4912102";"Kozlak";"Kozlak";"0";"68";"0.5";"136";"MÃ¸rk lager";"Glass";"6.5";"2.0923078"
"Vinmonopolet";"4912401";"Guigal CÃ´te du RhÃ´ne RosÃ© 2018";"Guigal CÃ´te du RhÃ´ne RosÃ©";"2018";"179.9";"0.75";"239.87";"RosÃ©vin";"Glass";"14";"1.7133332"
"Vinmonopolet";"4913202";"Guigal CÃ´tes du RhÃ´ne 2016";"Guigal CÃ´tes du RhÃ´ne";"2016";"107.9";"0.38";"287.73";"RÃ¸dvin";"Glass";"14.5";"1.9582578"
"Vinmonopolet";"4916401";"Tremblay Chablis Grand Cru VaudÃ©sir 2016";"Tremblay Chablis Grand Cru VaudÃ©sir";"2016";"499.8";"0.75";"666.4";"White wine";"Glass";"13";"5.126154"
"Vinmonopolet";"4917501";"Dom. des Malandes Petit Chablis 2018";"Dom. des Malandes Petit Chablis";"2018";"214.9";"0.75";"286.53";"White wine";"Glass";"12";"2.3877778"
"Vinmonopolet";"4917601";"Dom. des Malandes Chablis 1er Cru Montmains 2017";"Dom. des Malandes Chablis 1er Cru Montmains";"2017";"319.9";"0.75";"426.53";"White wine";"Glass";"13";"3.2810256"
"Vinmonopolet";"4917701";"Portia Prima 2015";"Portia Prima";"2015";"259.9";"0.75";"346.53";"RÃ¸dvin";"Glass";"14.5";"2.389885"
"Vinmonopolet";"4919001";"Nonino Amaro Quintessentia";"Nonino Amaro Quintessentia";"0";"479";"0.7";"684.29";"Bitter	";"Glass";"35";"1.9551021"
"Vinmonopolet";"4920701";"Dom. de L'Ecu CuvÃ©e Classique SÃ¨vre-et-Maine Muscadet 2016";"Dom. de L'Ecu CuvÃ©e Classique SÃ¨vre-et-Maine Muscadet";"2016";"199.8";"0.75";"266.4";"White wine";"Glass";"12";"2.22"
"Vinmonopolet";"4920801";"Dom. de L'Ecu Gneiss SÃ¨vre-et-Maine Muscadet 2015";"Dom. de L'Ecu Gneiss SÃ¨vre-et-Maine Muscadet";"2015";"229.8";"0.75";"306.4";"White wine";"Glass";"12";"2.5533333"
"Vinmonopolet";"4929901";"MarquÃ©s de Monistrol Premium CuvÃ©e Brut Nature Reserva 2013";"MarquÃ©s de Monistrol Premium CuvÃ©e Brut Nature Reserva";"2013";"164.9";"0.75";"219.87";"Sparkling wine";"Glass";"12";"1.8322221"
"Vinmonopolet";"4930601";"Col d'Orcia Banditella Rosso di Montalcino 2014";"Col d'Orcia Banditella Rosso di Montalcino";"2014";"299.9";"0.75";"399.87";"RÃ¸dvin";"Glass";"13.5";"2.9619753"
"Vinmonopolet";"4930801";"Poggio al Vento Brunello di Montalcino Riserva 2012";"Poggio al Vento Brunello di Montalcino Riserva";"2012";"875";"0.75";"1166.67";"RÃ¸dvin";"Glass";"14.5";"8.045977"
"Vinmonopolet";"4931301";"Fontanafredda Roero Arneis Pradalupo 2018";"Fontanafredda Roero Arneis Pradalupo";"2018";"184.9";"0.75";"246.53";"White wine";"Glass";"13.5";"1.8261728"
"Vinmonopolet";"4932501";"Niepoort Redoma Branco 2018";"Niepoort Redoma Branco";"2018";"269.9";"0.75";"359.87";"White wine";"Glass";"11.5";"3.1292753"
"Vinmonopolet";"4933601";"Erben Riesling Halbtrocken 2018";"Erben Riesling Halbtrocken";"2018";"139.9";"0.75";"186.53";"White wine";"Glass";"11.5";"1.622029"
"Vinmonopolet";"4933801";"Bod. Piedra Negra Pinot Gris Rosado 2018";"Bod. Piedra Negra Pinot Gris Rosado";"2018";"159.9";"0.75";"213.2";"RosÃ©vin";"Glass";"13";"1.64"
"Vinmonopolet";"4934101";"Palladino Barolo 2015";"Palladino Barolo";"2015";"369";"0.75";"492";"RÃ¸dvin";"Glass";"14.5";"3.3931034"
"Vinmonopolet";"4935601";"Masottina Treviso Prosecco Extra Dry";"Masottina Treviso Prosecco Extra Dry";"0";"155";"0.75";"206.67";"Sparkling wine";"Glass";"11";"1.8787879"
"Vinmonopolet";"4935604";"Masottina Treviso Prosecco Extra Dry";"Masottina Treviso Prosecco Extra Dry";"0";"49.9";"0.2";"249.5";"Sparkling wine";"Glass";"11";"2.2681818"
"Vinmonopolet";"4935801";"CuvÃ©e CafÃ© Engebret Jubileum 2018";"CuvÃ©e CafÃ© Engebret Jubileum";"2018";"199.9";"0.75";"266.53";"RÃ¸dvin";"Glass";"14";"1.9038094"
"Vinmonopolet";"4936401";"Tissot La Mailloche Chardonnay 2017";"Tissot La Mailloche Chardonnay";"2017";"479.9";"0.75";"639.87";"White wine";"Glass";"14";"4.570476"
"Vinmonopolet";"4936501";"Tissot CrÃ©mant du Jura";"Tissot CrÃ©mant du Jura";"2020";"299.9";"0.75";"399.87";"Sparkling wine";"Glass";"12.5";"3.1989334"
"Vinmonopolet";"4936601";"Lenotti Valpolicella Classico 2017";"Lenotti Valpolicella Classico";"2017";"159.9";"0.75";"213.2";"RÃ¸dvin";"Glass";"13";"1.64"
"Vinmonopolet";"4939402";"Averna Sambuca E Liquirizia";"Averna Sambuca E Liquirizia";"0";"338";"0.5";"676";"LikÃ¸r";"Glass";"42";"1.6095238"
"Vinmonopolet";"4939502";"Averna Sambuca E Agrumi";"Averna Sambuca E Agrumi";"0";"338";"0.5";"676";"LikÃ¸r";"Glass";"42";"1.6095238"
"Vinmonopolet";"4939702";"Mandarini Averna di Sicilia";"Mandarini Averna di Sicilia";"0";"285.4";"0.5";"570.8";"LikÃ¸r";"Glass";"27";"2.114074"
"Vinmonopolet";"4939802";"Grappa Averna di Nero d'Avola E Syrah";"Grappa Averna di Nero d'Avola E Syrah";"0";"375";"0.5";"750";"Grape spirit";"Glass";"40";"1.875"
"Vinmonopolet";"4940501";"Absolut Pears";"Absolut Pears";"0";"354.9";"0.7";"507";"Vodka";"Glass";"40";"1.2675"
"Vinmonopolet";"4941701";"Ch. de Puligny-Montrachet Monthelie 2015";"Ch. de Puligny-Montrachet Monthelie";"2015";"449.9";"0.75";"599.87";"RÃ¸dvin";"Glass";"12.5";"4.7989335"
"Vinmonopolet";"4941801";"Poggio Al Tesoro Solosole Vermentino 2018";"Poggio Al Tesoro Solosole Vermentino";"2018";"249.9";"0.75";"333.2";"White wine";"Glass";"13.5";"2.468148"
"Vinmonopolet";"4941901";"Allegrini Soave 2018";"Allegrini Soave";"2018";"164.9";"0.75";"219.87";"White wine";"Glass";"13";"1.691282"
"Vinmonopolet";"4942301";"Yellow Tail Merlot 2018";"Yellow Tail Merlot";"2018";"134.9";"0.75";"179.87";"RÃ¸dvin";"Glass";"13.5";"1.3323456"
"Vinmonopolet";"4944101";"Tarlant CuvÃ©e Louis Tarlant Champagne Brut";"Tarlant CuvÃ©e Louis Tarlant Champagne Brut";"0";"642.8";"0.75";"857.07";"Champagne, brut";"Glass";"12";"7.142222"
"Vinmonopolet";"4944502";"Zantho Beerensauslese 2017";"Zantho Beerensauslese";"2017";"189.9";"0.38";"506.4";"White wine";"Glass";"9.5";"5.260388"
"Vinmonopolet";"4944906";"Chill Out Smooth and Soft Cabernet Sauvignon";"Chill Out Smooth and Soft Cabernet Sauvignon";"2019";"399.9";"3";"133.3";"RÃ¸dvin";"Bag-in-box";"13.5";"0.9874074"
"Vinmonopolet";"4945401";"Joseph Drouhin Rully 2018";"Joseph Drouhin Rully";"2018";"264";"0.75";"352";"White wine";"Glass";"13";"2.7076924"
"Vinmonopolet";"4946901";"Ognissole Primitivo di Manduria 2016";"Ognissole Primitivo di Manduria";"2016";"209.9";"0.75";"279.87";"RÃ¸dvin";"Glass";"14.5";"1.9301149"
"Vinmonopolet";"4952501";"Quinta do Correio 2017";"Quinta do Correio";"2017";"144.9";"0.75";"193.2";"RÃ¸dvin";"Glass";"13.5";"1.4311111"
"Vinmonopolet";"4952701";"Laherte Brut Tradition";"Laherte Brut Tradition";"2016";"385";"0.75";"513.33";"Champagne, brut";"Glass";"12";"4.2777777"
"Vinmonopolet";"4957601";"Sexy 2018";"Sexy";"2018";"185.1";"0.75";"246.8";"RÃ¸dvin";"Glass";"14.5";"1.702069"
"Vinmonopolet";"4959501";"Millet Chablis 2016";"Millet Chablis";"2016";"265.1";"0.75";"353.47";"White wine";"Glass";"13";"2.7189744"
"Vinmonopolet";"4961101";"Prunotto Dolcetto d'Alba 2018";"Prunotto Dolcetto d'Alba";"2018";"215";"0.75";"286.67";"RÃ¸dvin";"Glass";"13";"2.2051282"
"Vinmonopolet";"4961401";"TeÃ³filo Reyes Tinto Crianza 2015";"TeÃ³filo Reyes Tinto Crianza";"2015";"300.3";"0.75";"400.4";"RÃ¸dvin";"Glass";"14";"2.86"
"Vinmonopolet";"4962301";"Giovanni Rosso Barbera d'Alba Donna Margherita 2018";"Giovanni Rosso Barbera d'Alba Donna Margherita";"2018";"184.5";"0.75";"246";"RÃ¸dvin";"Glass";"13.5";"1.8222222"
"Vinmonopolet";"4962305";"Giovanni Rosso Donna Margherita Barbera dâAlba 2017";"Giovanni Rosso Donna Margherita Barbera dâAlba";"2017";"399.9";"1.5";"266.6";"RÃ¸dvin";"Glass";"13.5";"1.9748148"
"Vinmonopolet";"4963201";"Grans Moments Brut Nature";"Grans Moments Brut Nature";"0";"134";"0.75";"178.67";"Sparkling wine";"Glass";"11.5";"1.5536232"
"Vinmonopolet";"4966101";"Glenmorangie The Nectar D'Ãr";"Glenmorangie The Nectar D'Ãr";"0";"729.9";"0.7";"1042.71";"Whisky";"Glass";"46";"2.2667704"
"Vinmonopolet";"4966501";"Cheval des Andes 2015";"Cheval des Andes";"2015";"749.9";"0.75";"999.87";"RÃ¸dvin";"Glass";"14";"7.141905"
"Vinmonopolet";"4966801";"Ch. Musar 1998";"Ch. Musar";"1998";"649.9";"0.75";"866.53";"RÃ¸dvin";"Glass";"13.5";"6.4187655"
"Vinmonopolet";"4966901";"Villa Borghetti Ripasso 2017";"Villa Borghetti Ripasso";"2017";"189.9";"0.75";"253.2";"RÃ¸dvin";"Glass";"13.5";"1.8755555"
"Vinmonopolet";"4967201";"Ch. La LouviÃ¨re 2013";"Ch. La LouviÃ¨re";"2013";"434.9";"0.75";"579.87";"RÃ¸dvin";"Glass";"12.5";"4.638933"
"Vinmonopolet";"4968001";"Koskenkorva 21 %";"Koskenkorva 21 %";"0";"199.9";"0.7";"285.57";"Brennevin, nÃ¸ytralt < 37,5 %";"Glass";"21";"1.3598639"
"Vinmonopolet";"4968101";"Koskenkorva Salmiakki";"Koskenkorva Salmiakki";"0";"229.9";"0.7";"328.43";"LikÃ¸r";"Glass";"21";"1.5639455"
"Vinmonopolet";"4969901";"Massolino Barolo 2014";"Massolino Barolo";"2014";"319.8";"0.75";"426.4";"RÃ¸dvin";"Glass";"13.5";"3.1585183"
"Vinmonopolet";"4969905";"Massolino Barolo 2014";"Massolino Barolo";"2014";"645";"1.5";"430";"RÃ¸dvin";"Glass";"13.5";"3.1851852"
"Vinmonopolet";"4970001";"Cigliuti Barbaresco Serraboella 2014";"Cigliuti Barbaresco Serraboella";"2014";"499.9";"0.75";"666.53";"RÃ¸dvin";"Glass";"14.5";"4.5967817"
"Vinmonopolet";"4975501";"Montesecondo 2018";"Montesecondo";"2018";"229.9";"0.75";"306.53";"RÃ¸dvin";"Glass";"13";"2.3579485"
"Vinmonopolet";"4976901";"Seresin Leah Pinot Noir 2017";"Seresin Leah Pinot Noir";"2017";"279.9";"0.75";"373.2";"RÃ¸dvin";"Glass";"13";"2.8707693"
"Vinmonopolet";"4977302";"Nikka From The Barrel";"Nikka From The Barrel";"0";"469.7";"0.5";"939.4";"Whisky";"Glass";"51.4";"1.8276265"
"Vinmonopolet";"4979001";"Gran Cruor 2011";"Gran Cruor";"2011";"599.9";"0.75";"799.87";"RÃ¸dvin";"Glass";"15";"5.3324447"
"Vinmonopolet";"4979101";"Cruor 2015";"Cruor";"2015";"379.9";"0.75";"506.53";"RÃ¸dvin";"Glass";"14.5";"3.4933333"
"Vinmonopolet";"4979206";"J.P. Chenet Colombard Chardonnay";"J.P. Chenet Colombard Chardonnay";"2019";"249.9";"1.5";"166.6";"White wine";"Bag-in-box";"11";"1.5145454"
"Vinmonopolet";"4979306";"J.P. Chenet Cabernet Syrah";"J.P. Chenet Cabernet Syrah";"2019";"256.9";"1.5";"171.27";"RÃ¸dvin";"Bag-in-box";"13";"1.3174359"
"Vinmonopolet";"4983501";"Mosimann's Champagne Grand Cru RosÃ©";"Mosimann's Champagne Grand Cru RosÃ©";"0";"349.9";"0.75";"466.53";"Champagne, rosÃ©";"Glass";"12";"3.8877778"
"Vinmonopolet";"4983601";"Mosimann's Champagne Grand Cru Brut";"Mosimann's Champagne Grand Cru Brut";"0";"339.9";"0.75";"453.2";"Champagne, brut";"Glass";"12";"3.7766666"
"Vinmonopolet";"4984301";"Smirnoff Blueberry Twist";"Smirnoff Blueberry Twist";"0";"314.9";"0.7";"449.86";"Vodka";"Glass";"37.5";"1.199619"
"Vinmonopolet";"4984401";"Conte Ricci Barbera Piemonte 2018";"Conte Ricci Barbera Piemonte";"2018";"130.5";"0.75";"174";"RÃ¸dvin";"Glass";"13";"1.3384615"
"Vinmonopolet";"4987001";"Clos des BrusquiÃ¨res Chateauneuf-du-Pape 2017";"Clos des BrusquiÃ¨res Chateauneuf-du-Pape";"2017";"339.9";"0.75";"453.2";"RÃ¸dvin";"Glass";"15";"3.0213332"
"Vinmonopolet";"4987701";"CÃ¡lem Colheita 1961";"CÃ¡lem Colheita";"1961";"1750";"0.75";"2333.33";"Port wine";"Glass";"20";"11.666667"
"Vinmonopolet";"4989101";"Cedro do Noval 2016";"Cedro do Noval";"2016";"244.9";"0.75";"326.53";"RÃ¸dvin";"Glass";"13.5";"2.4187653"
"Vinmonopolet";"4990901";"La Piane 2006";"La Piane";"2006";"302.8";"0.75";"403.73";"RÃ¸dvin";"Glass";"13";"3.105641"
"Vinmonopolet";"4992201";"Carussin Asinoi Barbera d'Asti 2018";"Carussin Asinoi Barbera d'Asti";"2018";"149.9";"0.75";"199.87";"RÃ¸dvin";"Glass";"12";"1.6655555"
"Vinmonopolet";"4992501";"Castell'in Villa Chianti Classico 2015";"Castell'in Villa Chianti Classico";"2015";"239.9";"0.75";"319.87";"RÃ¸dvin";"Glass";"13.5";"2.3693826"
"Vinmonopolet";"4992901";"Zenato Amarone Classico della Valpolicella Riserva 2013";"Zenato Amarone Classico della Valpolicella Riserva";"2013";"829.9";"0.75";"1106.53";"RÃ¸dvin";"Glass";"16.5";"6.7062626"
"Vinmonopolet";"4993401";"Nikolaihof Im Weingebirge GrÃ¼ner Veltliner Federspiel 2018";"Nikolaihof Im Weingebirge GrÃ¼ner Veltliner Federspiel";"2018";"289.9";"0.75";"386.53";"White wine";"Glass";"12";"3.221111"
"Vinmonopolet";"4993501";"Nikolaihof Vom Stein Riesling Federspiel 2011";"Nikolaihof Vom Stein Riesling Federspiel";"2011";"379.9";"0.75";"506.53";"White wine";"Glass";"12";"4.221111"
"Vinmonopolet";"4994801";"The Glenlivet 18 Years Old";"The Glenlivet 18 Years Old";"0";"814.5";"0.7";"1163.57";"Whisky";"Glass";"43";"2.70598"
"Vinmonopolet";"4994901";"The Glenlivet XXV Years Old";"The Glenlivet XXV Years Old";"0";"3000";"0.7";"4285.71";"Whisky";"Glass";"43";"9.966778"
"Vinmonopolet";"4995901";"BenRiach Curiositas Peated Malt 10 YO";"BenRiach Curiositas Peated Malt 10 YO";"0";"769.9";"0.7";"1099.86";"Whisky";"Glass";"46";"2.3909938"
"Vinmonopolet";"4996401";"Mumm RosÃ©";"Mumm RosÃ©";"0";"394.9";"0.75";"526.53";"Champagne, rosÃ©";"Glass";"12";"4.387778"
"Vinmonopolet";"5000006";"Vicara Barbera del Monferrato 2016";"Vicara Barbera del Monferrato";"2016";"489.9";"3";"163.3";"RÃ¸dvin";"Bag-in-box";"13";"1.2561538"
"Vinmonopolet";"5000601";"Antinori Tignanello 2016";"Antinori Tignanello";"2016";"845";"0.75";"1126.67";"RÃ¸dvin";"Glass";"14";"8.047619"
"Vinmonopolet";"5000701";"Guado al Tasso 2016";"Guado al Tasso";"2016";"929";"0.75";"1238.67";"RÃ¸dvin";"Glass";"14.5";"8.542529"
"Vinmonopolet";"5003106";"Caval";"Caval";"0";"378.9";"3";"126.3";"RÃ¸dvin";"Bag-in-box";"12";"1.0525"
"Vinmonopolet";"5003401";"Bernard ChÃ¢teauneuf-du-Pape 2015";"Bernard ChÃ¢teauneuf-du-Pape";"2015";"400.7";"0.75";"534.27";"RÃ¸dvin";"Glass";"14.5";"3.6845977"
"Vinmonopolet";"5004401";"Odfjell Orzada Cabernet Sauvignon 2018";"Odfjell Orzada Cabernet Sauvignon";"2018";"214.9";"0.75";"286.53";"RÃ¸dvin";"Glass";"14";"2.0466666"
"Vinmonopolet";"5004701";"Pian delle Vigne Brunello di Montalcino 2015";"Pian delle Vigne Brunello di Montalcino";"2015";"495";"0.75";"660";"RÃ¸dvin";"Glass";"14";"4.714286"
"Vinmonopolet";"5004801";"Canaletto Pinot Grigio Garganega 2018";"Canaletto Pinot Grigio Garganega";"2018";"139.9";"0.75";"186.53";"White wine";"Glass";"12";"1.5544444"
"Vinmonopolet";"5006601";"Dr. Loosen Ãrziger WÃ¼rzgarten Riesling Kabinett 2018";"Dr. Loosen Ãrziger WÃ¼rzgarten Riesling Kabinett";"2018";"175";"0.75";"233.33";"White wine";"Glass";"8";"2.9166667"
"Vinmonopolet";"5009302";"Minttu Black Mint";"Minttu Black Mint";"0";"264.9";"0.5";"529.8";"LikÃ¸r";"Glass";"35";"1.5137142"
"Vinmonopolet";"5019801";"Taittinger Comtes de Champagne Blanc de Blancs Brut 2007";"Taittinger Comtes de Champagne Blanc de Blancs Brut";"2007";"1999.9";"0.75";"2666.53";"Champagne, brut";"Glass";"12.5";"21.332268"
"Vinmonopolet";"5019901";"Taittinger Prestige RosÃ©, Brut";"Taittinger Prestige RosÃ©, Brut";"0";"579.9";"0.75";"773.2";"Champagne, rosÃ©";"Glass";"12.5";"6.1856003"
"Vinmonopolet";"5020601";"Dezat Sancerre 2019";"Dezat Sancerre";"2019";"244.9";"0.75";"326.53";"White wine";"Glass";"13";"2.5117948"
"Vinmonopolet";"5020701";"Schloss Johannisberg GrÃ¼nlack Riesling SpÃ¤tlese 2016";"Schloss Johannisberg GrÃ¼nlack Riesling SpÃ¤tlese";"2016";"449.9";"0.75";"599.87";"White wine";"Glass";"8";"7.4983335"
"Vinmonopolet";"5021501";"Chapelle du Bois Blanc 2018";"Chapelle du Bois Blanc";"2018";"124.9";"0.75";"166.53";"White wine";"Glass";"11";"1.5139394"
"Vinmonopolet";"5022101";"CuvÃ©e Gaby Crozes-Hermitage 2017";"CuvÃ©e Gaby Crozes-Hermitage";"2017";"329.9";"0.75";"439.87";"RÃ¸dvin";"Glass";"14";"3.1419046"
"Vinmonopolet";"5024206";"Chapelle du Bois 2019";"Chapelle du Bois";"2019";"409.9";"3";"136.63";"RÃ¸dvin";"Bag-in-box";"12.5";"1.0930667"
"Vinmonopolet";"5024701";"Michelot Bourgogne Blanc 2018";"Michelot Bourgogne Blanc";"2018";"244.9";"0.75";"326.53";"White wine";"Glass";"13";"2.5117948"
"Vinmonopolet";"5027102";"TrÃ©nel CrÃ¨me de Cassis de Bourgogne 2016";"TrÃ©nel CrÃ¨me de Cassis de Bourgogne";"2016";"199";"0.5";"398";"LikÃ¸r";"Glass";"15";"2.6533334"
"Vinmonopolet";"5027202";"TrÃ©nel CrÃ¨me de Framboise de Bourgogne";"TrÃ©nel CrÃ¨me de Framboise de Bourgogne";"0";"223.7";"0.5";"447.4";"LikÃ¸r";"Glass";"18";"2.4855554"
"Vinmonopolet";"5027601";"Rocca di Castagnoli Chianti Classico 2017";"Rocca di Castagnoli Chianti Classico";"2017";"189.9";"0.75";"253.2";"RÃ¸dvin";"Glass";"14";"1.8085713"
"Vinmonopolet";"5027602";"Rocca di Castagnoli Chianti Classico 2017";"Rocca di Castagnoli Chianti Classico";"2017";"109.9";"0.38";"293.07";"RÃ¸dvin";"Glass";"14";"2.0657895"
"Vinmonopolet";"5028001";"Rocca di Castagnoli Poggio a'Frati Chianti Classico Riserva 2014";"Rocca di Castagnoli Poggio a'Frati Chianti Classico Riserva";"2014";"329.9";"0.75";"439.87";"RÃ¸dvin";"Glass";"14";"3.1419046"
"Vinmonopolet";"5028101";"Ch. Sainte Roseline Cru ClassÃ© 2016";"Ch. Sainte Roseline Cru ClassÃ©";"2016";"259.9";"0.75";"346.53";"White wine";"Glass";"13.5";"2.5669136"
"Vinmonopolet";"5028501";"Ch. Sainte Roseline CuvÃ©e Prieure Rouge 2012";"Ch. Sainte Roseline CuvÃ©e Prieure Rouge";"2012";"279.9";"0.75";"373.2";"RÃ¸dvin";"Glass";"14.5";"2.573793"
"Vinmonopolet";"5030301";"Villa Cafaggio San Martino 2007";"Villa Cafaggio San Martino";"2007";"299.9";"0.75";"399.87";"RÃ¸dvin";"Glass";"14";"2.8561904"
"Vinmonopolet";"5030901";"False Bay Crystalline Chardonnay 2018";"False Bay Crystalline Chardonnay";"2018";"139.9";"0.75";"186.53";"White wine";"Glass";"13";"1.4348717"
"Vinmonopolet";"5033202";"HofbrÃ¤u Original";"HofbrÃ¤u Original";"0";"59.3";"0.5";"118.6";"Light lager";"Glass";"5.1";"2.3254902"
"Vinmonopolet";"5033302";"HofbrÃ¤u Schwarze Weisse";"HofbrÃ¤u Schwarze Weisse";"0";"57.5";"0.5";"115";"HveteÃ¸l";"Glass";"5.1";"2.254902"
"Vinmonopolet";"5033501";"The Famous Grouse";"The Famous Grouse";"0";"499.9";"1";"499.9";"Whisky";"Glass";"40";"1.24975"
"Vinmonopolet";"5033502";"The Famous Grouse";"The Famous Grouse";"0";"289.9";"0.5";"579.8";"Whisky";"Plast";"40";"1.4495"
"Vinmonopolet";"5033706";"Oude Kaap Cinsault Cabernet Sauvignon";"Oude Kaap Cinsault Cabernet Sauvignon";"2017";"399.9";"3";"133.3";"RÃ¸dvin";"Bag-in-box";"13";"1.0253845"
"Vinmonopolet";"5036001";"Litina Barbera d'Asti Superiore 2016";"Litina Barbera d'Asti Superiore";"2016";"249.9";"0.75";"333.2";"RÃ¸dvin";"Glass";"15";"2.2213333"
"Vinmonopolet";"5036401";"Jack Daniel's Single Barrel Tennessee";"Jack Daniel's Single Barrel Tennessee";"0";"654.9";"0.7";"935.57";"Whisky";"Glass";"45";"2.0790477"
"Vinmonopolet";"5038001";"Absolut Vanilia";"Absolut Vanilia";"0";"354.9";"0.7";"507";"Vodka";"Glass";"40";"1.2675"
"Vinmonopolet";"5038201";"Chambord Black Raspberry Liqueur";"Chambord Black Raspberry Liqueur";"0";"379.9";"0.7";"542.71";"LikÃ¸r";"Glass";"16.5";"3.2891774"
"Vinmonopolet";"5040501";"Schieferterrassen Riesling 2017";"Schieferterrassen Riesling";"2017";"309.9";"0.75";"413.2";"White wine";"Glass";"13";"3.1784616"
"Vinmonopolet";"5040801";"Uhlen L Laubach Riesling 2011";"Uhlen L Laubach Riesling";"2011";"429.9";"0.75";"573.2";"White wine";"Glass";"13";"4.4092307"
"Vinmonopolet";"5041001";"Weing. Heyman Riesling RÃ¶ttgen 2011";"Weing. Heyman Riesling RÃ¶ttgen";"2011";"374.2";"0.75";"498.93";"White wine";"Glass";"13.5";"3.6958027"
"Vinmonopolet";"5042801";"CÃ³dax AlbariÃ±o 2018";"CÃ³dax AlbariÃ±o";"2018";"189.9";"0.75";"253.2";"White wine";"Glass";"13";"1.9476923"
"Vinmonopolet";"5043502";"Vidal-Fleury Muscat Beaumes-de-Venise 2015";"Vidal-Fleury Muscat Beaumes-de-Venise";"2015";"234.9";"0.38";"626.4";"Fortified wine";"Glass";"15";"4.1210527"
"Vinmonopolet";"5043701";"Segura Viudas Reserva Heredad Brut";"Segura Viudas Reserva Heredad Brut";"0";"289.9";"0.75";"386.53";"Sparkling wine";"Glass";"12";"3.221111"
"Vinmonopolet";"5043901";"Jaboulet Crozes Hermitage Domaine de Thalabert 2012";"Jaboulet Crozes Hermitage Domaine de Thalabert";"2012";"339.9";"0.75";"453.2";"RÃ¸dvin";"Glass";"13";"3.4861538"
"Vinmonopolet";"5044101";"Grey Goose Vodka";"Grey Goose Vodka";"0";"569.9";"0.7";"814.14";"Vodka";"Glass";"40";"2.0353572"
"Vinmonopolet";"5045206";"Astica Tempranillo Malbec";"Astica Tempranillo Malbec";"2019";"379.9";"3";"126.63";"RÃ¸dvin";"Bag-in-box";"12.5";"1.0130666"
"Vinmonopolet";"5045301";"Colombier Crozes Hermitage 2018";"Colombier Crozes Hermitage";"2018";"269.9";"0.75";"359.87";"RÃ¸dvin";"Glass";"13.5";"2.665679"
"Vinmonopolet";"5046901";"Deux Montille Saint-Romain En Jarron 2015";"Deux Montille Saint-Romain En Jarron";"2015";"389.9";"0.75";"519.87";"White wine";"Glass";"12.5";"4.158933"
"Vinmonopolet";"5047001";"Deux Montille Pernand-Vergelesses 1er Cru Sous FrÃ©tille 2015";"Deux Montille Pernand-Vergelesses 1er Cru Sous FrÃ©tille";"2015";"462";"0.75";"616";"White wine";"Glass";"12.5";"4.928"
"Vinmonopolet";"5047201";"Weil Kiederich Turmberg Riesling Trocken 2015";"Weil Kiederich Turmberg Riesling Trocken";"2015";"329.8";"0.75";"439.73";"White wine";"Glass";"13";"3.382564"
"Vinmonopolet";"5048701";"Jacquart Brut RosÃ©";"Jacquart Brut RosÃ©";"0";"550";"0.75";"733.33";"Champagne, rosÃ©";"Glass";"12.5";"5.866667"
"Vinmonopolet";"5048801";"Jacquart Brut MosaÃ¯que";"Jacquart Brut MosaÃ¯que";"0";"475";"0.75";"633.33";"Champagne, brut";"Glass";"12.5";"5.0666666"
"Vinmonopolet";"5049201";"Giovanni Rosso Barolo Serralunga 2015";"Giovanni Rosso Barolo Serralunga";"2015";"415";"0.75";"553.33";"RÃ¸dvin";"Glass";"14";"3.952381"
"Vinmonopolet";"5049205";"Giovanni Rosso Barolo Serralunga 2015";"Giovanni Rosso Barolo Serralunga";"2015";"995";"1.5";"663.33";"RÃ¸dvin";"Glass";"14";"4.7380953"
"Vinmonopolet";"5050602";"Innis & Gunn Oak Aged Beer";"Innis & Gunn Oak Aged Beer";"0";"44.9";"0.33";"136.06";"Scotch ale";"Glass";"6.6";"2.0615244"
"Vinmonopolet";"5051801";"Condes de Albarei AlbariÃ±o 2018";"Condes de Albarei AlbariÃ±o";"2018";"144.6";"0.75";"192.8";"White wine";"Glass";"13";"1.4830769"
"Vinmonopolet";"5052105";"Pierre Peters CuvÃ©e de Reserve Grand Cru Brut";"Pierre Peters CuvÃ©e de Reserve Grand Cru Brut";"0";"849.9";"1.5";"566.6";"Champagne, brut";"Glass";"12";"4.721667"
"Vinmonopolet";"5052801";"Arrogant Frog Sauvignon Blanc 2019";"Arrogant Frog Sauvignon Blanc";"2019";"125.9";"0.75";"167.87";"White wine";"Glass";"12.5";"1.3429333"
"Vinmonopolet";"5053001";"Arrogant Frog Ribet Cabernet Sauvignon-Merlot 2019";"Arrogant Frog Ribet Cabernet Sauvignon-Merlot";"2019";"149.9";"0.75";"199.87";"RÃ¸dvin";"Glass";"13.5";"1.4804938"
"Vinmonopolet";"5053401";"Boizel Brut RÃ©serve";"Boizel Brut RÃ©serve";"0";"329";"0.75";"438.67";"Champagne, brut";"Glass";"12";"3.6555555"
"Vinmonopolet";"5054801";"Luigi Bosca Cabernet Sauvignon Reserva 2015";"Luigi Bosca Cabernet Sauvignon Reserva";"2015";"229.9";"0.75";"306.53";"RÃ¸dvin";"Glass";"14";"2.1895237"
"Vinmonopolet";"5054901";"Luigi Bosca Malbec Reserva 2017";"Luigi Bosca Malbec Reserva";"2017";"225";"0.75";"300";"RÃ¸dvin";"Glass";"14";"2.142857"
"Vinmonopolet";"5056806";"Chill Out Shiraz RosÃ©";"Chill Out Shiraz RosÃ©";"2018";"399.9";"3";"133.3";"RosÃ©vin";"Bag-in-box";"12";"1.1108333"
"Vinmonopolet";"5059101";"Lindeman's Bin 35 RosÃ© 2019";"Lindeman's Bin 35 RosÃ©";"2019";"119.9";"0.75";"159.87";"RosÃ©vin";"Glass";"13";"1.2297436"
"Vinmonopolet";"5060501";"Lindeman's Bin 30 Sparkling RosÃ©";"Lindeman's Bin 30 Sparkling RosÃ©";"0";"114.9";"0.75";"153.2";"Musserende vin, rosÃ©";"Glass";"11";"1.3927273"
"Vinmonopolet";"5061601";"Eikendal Cuv e Ros 2018";"Eikendal Cuv e Ros";"2018";"203.7";"0.75";"271.6";"RosÃ©vin";"Glass";"12.5";"2.1728"
"Vinmonopolet";"5062001";"Reserva de FamÃ­lia 2017";"Reserva de FamÃ­lia";"2017";"111.7";"0.75";"148.93";"RÃ¸dvin";"Glass";"14";"1.0638095"
"Vinmonopolet";"5065001";"Cecilia Beretta Soave Classico 2018";"Cecilia Beretta Soave Classico";"2018";"169.9";"0.75";"226.53";"White wine";"Glass";"13.5";"1.6780246"
"Vinmonopolet";"5065401";"Ch. du Coing de St. Fiacre Comte de St. Hubert 2010";"Ch. du Coing de St. Fiacre Comte de St. Hubert";"2010";"259.9";"0.75";"346.53";"White wine";"Glass";"12";"2.8877778"
"Vinmonopolet";"5067201";"Quinta de la Rosa 2017";"Quinta de la Rosa";"2017";"220";"0.75";"293.33";"RÃ¸dvin";"Glass";"14";"2.0952382"
"Vinmonopolet";"5067405";"Dr. BÃ¼rklin-Wolf Wachenheimer Riesling Trocken 2018";"Dr. BÃ¼rklin-Wolf Wachenheimer Riesling Trocken";"2018";"442.1";"1.5";"294.73";"White wine";"Glass";"12";"2.4561112"
"Vinmonopolet";"5070501";"Cascina Castlet Ataj Chardonnay 2017";"Cascina Castlet Ataj Chardonnay";"2017";"209.9";"0.75";"279.87";"White wine";"Glass";"13";"2.1528203"
"Vinmonopolet";"5071101";"Santa Cristina Rosato 2018";"Santa Cristina Rosato";"2018";"169";"0.75";"225.33";"RosÃ©vin";"Glass";"11.5";"1.9594203"
"Vinmonopolet";"5072401";"Raats Family Old Vine Chenin Blanc 2017";"Raats Family Old Vine Chenin Blanc";"2017";"300";"0.75";"400";"White wine";"Glass";"13.5";"2.9629629"
"Vinmonopolet";"5072501";"Raats Original Chenin Blanc 2019";"Raats Original Chenin Blanc";"2019";"219";"0.75";"292";"White wine";"Glass";"13.5";"2.162963"
"Vinmonopolet";"5072801";"Pardas Xarel-Lo 2017";"Pardas Xarel-Lo";"2017";"285";"0.75";"380";"White wine";"Glass";"12.5";"3.04"
"Vinmonopolet";"5072901";"Pardas Sumoll 2018";"Pardas Sumoll";"2018";"199.9";"0.75";"266.53";"RosÃ©vin";"Glass";"12";"2.221111"
"Vinmonopolet";"5074202";"Sanct Valentin Comtess Passito 2018";"Sanct Valentin Comtess Passito";"2018";"375";"0.38";"1000";"White wine";"Glass";"12";"8.223684"
"Vinmonopolet";"5075501";"Tavernello";"Tavernello";"0";"129.9";"1";"129.9";"White wine";"Ãvrig";"11";"1.180909"
"Vinmonopolet";"5076001";"Paul Delane CrÃ©mant de Bourgogne Brut RosÃ©";"Paul Delane CrÃ©mant de Bourgogne Brut RosÃ©";"0";"199.9";"0.75";"266.53";"Musserende vin, rosÃ©";"Glass";"12";"2.221111"
"Vinmonopolet";"5076201";"Bailly-Lapierre CrÃ©mant de Bourgogne Blanc de Blancs Nature Brut";"Bailly-Lapierre CrÃ©mant de Bourgogne Blanc de Blancs Nature Brut";"2014";"239.9";"0.75";"319.87";"Sparkling wine";"Glass";"12";"2.6655555"
"Vinmonopolet";"5076801";"Almondo Barbera d'Alba ValbianchÃ©ra 2013";"Almondo Barbera d'Alba ValbianchÃ©ra";"2013";"269.9";"0.75";"359.87";"RÃ¸dvin";"Glass";"14.5";"2.481839"
"Vinmonopolet";"5077101";"Jean-Paul Brun Beaujolais L'Ancien 2018";"Jean-Paul Brun Beaujolais L'Ancien";"2018";"219.9";"0.75";"293.2";"RÃ¸dvin";"Glass";"12.5";"2.3456"
"Vinmonopolet";"5077105";"Jean-Paul Brun Beaujolais l'Ancien 2018";"Jean-Paul Brun Beaujolais l'Ancien";"2018";"459.9";"1.5";"306.6";"RÃ¸dvin";"Glass";"12";"2.555"
"Vinmonopolet";"5077806";"Les Rives d'Alcion 2016";"Les Rives d'Alcion";"2016";"409.9";"3";"136.63";"RÃ¸dvin";"Bag-in-box";"13.5";"1.0120988"
"Vinmonopolet";"5078001";"Audoin Marsannay Au Champ Salomon 2017";"Audoin Marsannay Au Champ Salomon";"2017";"479.9";"0.75";"639.87";"White wine";"Glass";"13";"4.9220514"
"Vinmonopolet";"5078101";"Audoin Marsannay Clos du Roy 2016";"Audoin Marsannay Clos du Roy";"2016";"479.9";"0.75";"639.87";"RÃ¸dvin";"Glass";"13";"4.9220514"
"Vinmonopolet";"5078401";"Audoin Marsannay CuvÃ©e Charlie 2017";"Audoin Marsannay CuvÃ©e Charlie";"2017";"419.9";"0.75";"559.87";"White wine";"Glass";"13";"4.3066664"
"Vinmonopolet";"5080702";"Musella Recioto 2011";"Musella Recioto";"2011";"389.9";"0.38";"1039.73";"RÃ¸dvin";"Glass";"14.5";"7.076225"
"Vinmonopolet";"5080901";"Kientz Riesling Winzenberg Grand Cru 2013";"Kientz Riesling Winzenberg Grand Cru";"2013";"245";"0.75";"326.67";"White wine";"Glass";"12";"2.7222223"
"Vinmonopolet";"5081001";"Kientz Riesling 2017";"Kientz Riesling";"2017";"189.9";"0.75";"253.2";"White wine";"Glass";"13";"1.9476923"
"Vinmonopolet";"5081901";"Zenato Bardolino Chiaretto 2018";"Zenato Bardolino Chiaretto";"2018";"149.9";"0.75";"199.87";"RosÃ©vin";"Glass";"12.5";"1.5989332"
"Vinmonopolet";"5083006";"Les GrÃ¨s Chardonnay (6x25cl)";"Les GrÃ¨s Chardonnay (6x25cl)";"0";"274.9";"1.5";"183.27";"White wine";"Ãvrig";"12.5";"1.4661334"
"Vinmonopolet";"5084601";"SolÃ©r-JovÃ© Cava Brut Nature";"SolÃ©r-JovÃ© Cava Brut Nature";"0";"129.9";"0.75";"173.2";"Sparkling wine";"Glass";"11.5";"1.5060868"
"Vinmonopolet";"5085201";"Moulin Ã  Vent La Rochelle 2013";"Moulin Ã  Vent La Rochelle";"2013";"329.9";"0.75";"439.87";"RÃ¸dvin";"Glass";"12.5";"3.5189333"
"Vinmonopolet";"5085901";"Melsheimer Riesling Trocken";"Melsheimer Riesling Trocken";"2017";"184.9";"0.75";"246.53";"White wine";"Glass";"11";"2.2412121"
"Vinmonopolet";"5086001";"Melsheimer Reiler Mullay-Hofberg Riesling Kabinett 2017";"Melsheimer Reiler Mullay-Hofberg Riesling Kabinett";"2017";"219";"0.75";"292";"White wine";"Glass";"9";"3.2444444"
"Vinmonopolet";"5086601";"La Ciboise Blanc 2017";"La Ciboise Blanc";"2017";"156.9";"0.75";"209.2";"White wine";"Glass";"13";"1.6092308"
"Vinmonopolet";"5088001";"Roblin Sancerre 2018";"Roblin Sancerre";"2018";"234.9";"0.75";"313.2";"White wine";"Glass";"13";"2.4092307"
"Vinmonopolet";"5088101";"Roblin Sancerre Ammonites 2016";"Roblin Sancerre Ammonites";"2016";"269.9";"0.75";"359.87";"White wine";"Glass";"12.5";"2.8789332"
"Vinmonopolet";"5088501";"Vega de la Reina Verdejo 2017";"Vega de la Reina Verdejo";"2017";"119.8";"0.75";"159.73";"White wine";"Glass";"13";"1.2287179"
"Vinmonopolet";"5089301";"Planeta RosÃ© 2018";"Planeta RosÃ©";"2018";"185";"0.75";"246.67";"RosÃ©vin";"Glass";"12.5";"1.9733334"
"Vinmonopolet";"5089801";"ViÃ±a Tondonia Gran Reserva Rosado 2010";"ViÃ±a Tondonia Gran Reserva Rosado";"2010";"279.9";"0.75";"373.2";"RosÃ©vin";"Glass";"13";"2.8707693"
"Vinmonopolet";"5090801";"Cloudy Bay Pinot Noir 2017";"Cloudy Bay Pinot Noir";"2017";"349.9";"0.75";"466.53";"RÃ¸dvin";"Glass";"13.5";"3.4558024"
"Vinmonopolet";"5090901";"Captain Morgan Spiced Gold";"Captain Morgan Spiced Gold";"0";"464.9";"1";"464.9";"Other spirit";"Glass";"35";"1.3282857"
"Vinmonopolet";"5091906";"Hardanger Sider Tradisjonell 2018";"Hardanger Sider Tradisjonell";"2018";"299.9";"2";"149.95";"Cider";"Bag-in-box";"8";"1.874375"
"Vinmonopolet";"5092301";"Leblon CachaÃ§a";"Leblon CachaÃ§a";"0";"479.9";"0.7";"685.57";"Other spirit";"Glass";"40";"1.7139286"
"Vinmonopolet";"5092501";"Hexamer Meddersheimer Rheingrafenberg Riesling SpÃ¤tlese Trocken 2018";"Hexamer Meddersheimer Rheingrafenberg Riesling SpÃ¤tlese Trocken";"2018";"189.9";"0.75";"253.2";"White wine";"Glass";"12.5";"2.0256"
"Vinmonopolet";"5093801";"Havana Club SelecciÃ³n de Maestros";"Havana Club SelecciÃ³n de Maestros";"0";"625";"0.7";"892.86";"Rum";"Glass";"45";"1.984127"
"Vinmonopolet";"5094001";"Markus Molitor Haus Klosterberg Pinot Blanc 2017";"Markus Molitor Haus Klosterberg Pinot Blanc";"2017";"179.6";"0.75";"239.47";"White wine";"Glass";"13";"1.8420514"
"Vinmonopolet";"5094401";"Glenmorangie Signet";"Glenmorangie Signet";"0";"1729.9";"0.7";"2471.29";"Whisky";"Glass";"46";"5.37236"
"Vinmonopolet";"5094801";"Louis Jadot Beaune Theurons 1er Cru 2011";"Louis Jadot Beaune Theurons 1er Cru";"2011";"559";"0.75";"745.33";"RÃ¸dvin";"Glass";"13.5";"5.5209875"
"Vinmonopolet";"5094901";"Louis Jadot Mercurey 2017";"Louis Jadot Mercurey";"2017";"299.9";"0.75";"399.87";"RÃ¸dvin";"Glass";"13";"3.0758975"
"Vinmonopolet";"5095201";"Louis Jadot Puligny-Montrachet 2017";"Louis Jadot Puligny-Montrachet";"2017";"598";"0.75";"797.33";"White wine";"Glass";"13";"6.133333"
"Vinmonopolet";"5095501";"M. Chapoutier Deschants 2015";"M. Chapoutier Deschants";"2015";"269.9";"0.75";"359.87";"RÃ¸dvin";"Glass";"13";"2.7682052"
"Vinmonopolet";"5095701";"M. Chapoutier Cornas Les ArÃ¨nes 2016";"M. Chapoutier Cornas Les ArÃ¨nes";"2016";"399.9";"0.75";"533.2";"RÃ¸dvin";"Glass";"13.5";"3.9496295"
"Vinmonopolet";"5095705";"Chapoutier Les ArÃ¨nes Cornas 2015";"Chapoutier Les ArÃ¨nes Cornas";"2015";"795";"1.5";"530";"RÃ¸dvin";"Glass";"13";"4.076923"
"Vinmonopolet";"5096201";"M. Chapoutier Deschants 2017";"M. Chapoutier Deschants";"2017";"269.9";"0.75";"359.87";"White wine";"Glass";"13";"2.7682052"
"Vinmonopolet";"5096703";"Angostura Orange Bitters";"Angostura Orange Bitters";"0";"149.9";"0.1";"1499";"Bitter	";"Glass";"28";"5.353571"
"Vinmonopolet";"5097502";"Brunehaut Amber";"Brunehaut Amber";"0";"57.9";"0.33";"175.45";"Red/amber";"Glass";"6.5";"2.6993008"
"Vinmonopolet";"5097602";"Brunehaut Blond";"Brunehaut Blond";"0";"54.9";"0.33";"166.36";"Light ale";"Glass";"6.5";"2.5594406"
"Vinmonopolet";"5100301";"Loichet CÃ´te de Nuits Village Aux Montagne 2013";"Loichet CÃ´te de Nuits Village Aux Montagne";"2013";"289.9";"0.75";"386.53";"RÃ¸dvin";"Glass";"13";"2.9733334"
"Vinmonopolet";"5101301";"Guigal Hermitage Blanc 2014";"Guigal Hermitage Blanc";"2014";"458";"0.75";"610.67";"White wine";"Glass";"13.5";"4.5234566"
"Vinmonopolet";"5103401";"Burlotto Verduno Pelaverga 2018";"Burlotto Verduno Pelaverga";"2018";"295";"0.75";"393.33";"RÃ¸dvin";"Glass";"14.5";"2.7126436"
"Vinmonopolet";"5103501";"Burlotto Barbera d'Alba 2018";"Burlotto Barbera d'Alba";"2018";"295";"0.75";"393.33";"RÃ¸dvin";"Glass";"14.5";"2.7126436"
"Vinmonopolet";"5103901";"Burlotto Langhe Freisa 2018";"Burlotto Langhe Freisa";"2018";"295";"0.75";"393.33";"RÃ¸dvin";"Glass";"14.5";"2.7126436"
"Vinmonopolet";"5104201";"Aass Lauritz Bitter";"Aass Lauritz Bitter";"0";"384.5";"0.7";"549.29";"Bitter	";"Glass";"35";"1.5693878"
"Vinmonopolet";"5106801";"MalvirÃ  Roero TrinitÃ  Riserva 2009";"MalvirÃ  Roero TrinitÃ  Riserva";"2009";"375";"0.75";"500";"RÃ¸dvin";"Glass";"14.5";"3.4482758"
"Vinmonopolet";"5107601";"Loichet Corton Charlemagne 2011";"Loichet Corton Charlemagne";"2011";"1064.9";"0.75";"1419.87";"White wine";"Glass";"13.5";"10.517531"
"Vinmonopolet";"5107801";"Dom. Rion Nuits-Saint-Georges 1er Cru Clos des ArgilliÃ¨res 2016";"Dom. Rion Nuits-Saint-Georges 1er Cru Clos des ArgilliÃ¨res";"2016";"699.8";"0.75";"933.07";"RÃ¸dvin";"Glass";"13.5";"6.911605"
"Vinmonopolet";"5108001";"Fourny CuvÃ©e R Brut";"Fourny CuvÃ©e R Brut";"0";"479.9";"0.75";"639.87";"Champagne, brut";"Glass";"12";"5.332222"
"Vinmonopolet";"5109707";"Cascina Castlet Passum Barbera d'Asti 2011";"Cascina Castlet Passum Barbera d'Asti";"2011";"1999.9";"5";"399.98";"RÃ¸dvin";"Glass";"15";"2.6665335"
"Vinmonopolet";"5109801";"Louis Roederer Brut RosÃ© 2013";"Louis Roederer Brut RosÃ©";"2013";"659.9";"0.75";"879.87";"Champagne, rosÃ©";"Glass";"12";"7.3322225"
"Vinmonopolet";"5110102";"Berentsen Julesnaps";"Berentsen Julesnaps";"0";"317.1";"0.5";"634.2";"Other spirit";"Glass";"32";"1.9818751"
"Vinmonopolet";"5111101";"Schloss Vollrads Riesling Trocken 2018";"Schloss Vollrads Riesling Trocken";"2018";"169";"0.75";"225.33";"White wine";"Glass";"12";"1.8777778"
"Vinmonopolet";"5111401";"Schloss Vollrads Riesling SpÃ¤tlese 2017";"Schloss Vollrads Riesling SpÃ¤tlese";"2017";"254";"0.75";"338.67";"White wine";"Glass";"7.5";"4.5155554"
"Vinmonopolet";"5111705";"Cecilia Beretta Valpolicella Superiore Ripasso 2016";"Cecilia Beretta Valpolicella Superiore Ripasso";"2016";"399.9";"1.5";"266.6";"RÃ¸dvin";"Glass";"13.5";"1.9748148"
"Vinmonopolet";"5112501";"Roagna Barbaresco PajÃ¨ 2014";"Roagna Barbaresco PajÃ¨";"2014";"849.9";"0.75";"1133.2";"RÃ¸dvin";"Glass";"14";"8.094286"
"Vinmonopolet";"5112701";"Roagna Dolcetto d'Alba 2018";"Roagna Dolcetto d'Alba";"2018";"269.9";"0.75";"359.87";"RÃ¸dvin";"Glass";"12.5";"2.8789332"
"Vinmonopolet";"5112801";"Roagna Langhe Rosso 2014";"Roagna Langhe Rosso";"2014";"389.9";"0.75";"519.87";"RÃ¸dvin";"Glass";"14";"3.7133334"
"Vinmonopolet";"5113801";"Clos de Torribas Tempranillo 2019";"Clos de Torribas Tempranillo";"2019";"138";"0.75";"184";"RÃ¸dvin";"Glass";"13";"1.4153847"
"Vinmonopolet";"5117501";"Foillard Morgon 2018";"Foillard Morgon";"2018";"279.9";"0.75";"373.2";"RÃ¸dvin";"Glass";"13";"2.8707693"
"Vinmonopolet";"5117601";"Foillard Morgon CÃ´te du Py 2018";"Foillard Morgon CÃ´te du Py";"2018";"374.9";"0.75";"499.87";"RÃ¸dvin";"Glass";"14.5";"3.4473562"
"Vinmonopolet";"5117901";"HervÃ© Souhaut Dom. Romaneaux-Destezet 2018";"HervÃ© Souhaut Dom. Romaneaux-Destezet";"2018";"300";"0.75";"400";"White wine";"Glass";"13";"3.0769231"
"Vinmonopolet";"5120801";"Rivetto Barbaresco Marcarini 2015";"Rivetto Barbaresco Marcarini";"2015";"389.9";"0.75";"519.87";"RÃ¸dvin";"Glass";"14.5";"3.5852873"
"Vinmonopolet";"5121101";"Imperial Reserva 2012";"Imperial Reserva";"2012";"339.9";"0.75";"453.2";"RÃ¸dvin";"Glass";"14";"3.2371428"
"Vinmonopolet";"5121201";"Imperial Gran Reserva 2010";"Imperial Gran Reserva";"2010";"550";"0.75";"733.33";"RÃ¸dvin";"Glass";"14";"5.2380953"
"Vinmonopolet";"5121301";"Contino Reserva 2016";"Contino Reserva";"2016";"309.9";"0.75";"413.2";"RÃ¸dvin";"Glass";"14";"2.9514284"
"Vinmonopolet";"5122502";"Fisherstorm Green";"Fisherstorm Green";"1950";"250.2";"0.5";"500.4";"Other spirit";"Glass";"21.5";"2.327442"
"Vinmonopolet";"5122601";"Baileys Coffee";"Baileys Coffee";"0";"244.9";"0.7";"349.86";"LikÃ¸r";"Glass";"17";"2.0579832"
"Vinmonopolet";"5123301";"Il Leo Chianti Superiore 2017";"Il Leo Chianti Superiore";"2017";"159.9";"0.75";"213.2";"RÃ¸dvin";"Glass";"13";"1.64"
"Vinmonopolet";"5124801";"Bonny Doon Le Cigar Volant 2010";"Bonny Doon Le Cigar Volant";"2010";"420";"0.75";"560";"RÃ¸dvin";"Glass";"13";"4.3076925"
"Vinmonopolet";"5125101";"Bonny Doon Le Pousseur Syrah 2012";"Bonny Doon Le Pousseur Syrah";"2012";"299";"0.75";"398.67";"RÃ¸dvin";"Glass";"13.5";"2.9530864"
"Vinmonopolet";"5125701";"Pavelot Savigny-les-Beaune 1er Cru Aux Guettes 2013";"Pavelot Savigny-les-Beaune 1er Cru Aux Guettes";"2013";"368";"0.75";"490.67";"RÃ¸dvin";"Glass";"13";"3.774359"
"Vinmonopolet";"5127201";"Tedeschi Valpolicella Classico Lucchine 2017";"Tedeschi Valpolicella Classico Lucchine";"2017";"159.9";"0.75";"213.2";"RÃ¸dvin";"Glass";"13";"1.64"
"Vinmonopolet";"5127805";"Grappa di Torcolato";"Grappa di Torcolato";"0";"1699";"1.5";"1132.67";"Grape spirit";"Glass";"40";"2.8316667"
"Vinmonopolet";"5127905";"Grappa di Vespaiolo";"Grappa di Vespaiolo";"0";"1699";"1.5";"1132.67";"Grape spirit";"Glass";"40";"2.8316667"
"Vinmonopolet";"5128005";"Grappa di Moscato";"Grappa di Moscato";"0";"1699";"1.5";"1132.67";"Grape spirit";"Glass";"40";"2.8316667"
"Vinmonopolet";"5128201";"Robinot Le Regard 2015";"Robinot Le Regard";"2015";"389.9";"0.75";"519.87";"RÃ¸dvin";"Glass";"12";"4.332222"
"Vinmonopolet";"5128901";"Carussin Lia Vi Barbera d'Asti 2016";"Carussin Lia Vi Barbera d'Asti";"2016";"219.9";"0.75";"293.2";"RÃ¸dvin";"Glass";"14";"2.0942857"
"Vinmonopolet";"5129501";"Dom. Sainte Croix Le Fournas 2016";"Dom. Sainte Croix Le Fournas";"2016";"189.9";"0.75";"253.2";"RÃ¸dvin";"Glass";"13.5";"1.8755555"
"Vinmonopolet";"5129901";"Montanello Barolo 2013";"Montanello Barolo";"2013";"319.8";"0.75";"426.4";"RÃ¸dvin";"Glass";"14.5";"2.9406896"
"Vinmonopolet";"5130201";"Aurelio Settimo Barolo 2011";"Aurelio Settimo Barolo";"2011";"379.9";"0.75";"506.53";"RÃ¸dvin";"Glass";"14";"3.6180952"
"Vinmonopolet";"5133401";"Havana Club 15 Years Old";"Havana Club 15 Years Old";"0";"1315";"0.7";"1878.57";"Rum";"Glass";"40";"4.696429"
"Vinmonopolet";"5133501";"Beefeater 24";"Beefeater 24";"0";"499.9";"0.7";"714.14";"Gin";"Glass";"45";"1.5869842"
"Vinmonopolet";"5133802";"Rochefort 6";"Rochefort 6";"0";"64.9";"0.33";"196.67";"Trappist";"Glass";"7.5";"2.6222222"
"Vinmonopolet";"5134301";"Guigal CÃ´te-RÃ´tie Brune et Blonde 2015";"Guigal CÃ´te-RÃ´tie Brune et Blonde";"2015";"528";"0.75";"704";"RÃ¸dvin";"Glass";"13.5";"5.2148147"
"Vinmonopolet";"5134305";"Guigal CÃ´te-RÃ´tie Brune et Blonde 2015";"Guigal CÃ´te-RÃ´tie Brune et Blonde";"2015";"1066";"1.5";"710.67";"RÃ¸dvin";"Glass";"13.5";"5.2641973"
"Vinmonopolet";"5134401";"Guigal CÃ´te du RhÃ´ne Blanc 2018";"Guigal CÃ´te du RhÃ´ne Blanc";"2018";"192";"0.75";"256";"White wine";"Glass";"14";"1.8285714"
"Vinmonopolet";"5135701";"Auchentoshan 18 Years Old";"Auchentoshan 18 Years Old";"0";"944.9";"0.7";"1349.86";"Whisky";"Glass";"43";"3.1392028"
"Vinmonopolet";"5135801";"Auchentoshan 12 Years Old";"Auchentoshan 12 Years Old";"0";"556.9";"0.7";"795.57";"Whisky";"Glass";"40";"1.9889287"
"Vinmonopolet";"5136701";"Lequin Chas-Montr 1er Cru Caillerets 2018";"Lequin Chas-Montr 1er Cru Caillerets";"2018";"599.9";"0.75";"799.87";"White wine";"Glass";"13.5";"5.9249387"
"Vinmonopolet";"5136801";"Lequin-Colin Santanay Les HÃ¢tes 2017";"Lequin-Colin Santanay Les HÃ¢tes";"2017";"349.9";"0.75";"466.53";"White wine";"Glass";"13";"3.588718"
"Vinmonopolet";"5136901";"Lequin-Colin Santenay Sous La Roche 2017";"Lequin-Colin Santenay Sous La Roche";"2017";"359.9";"0.75";"479.87";"White wine";"Glass";"13";"3.691282"
"Vinmonopolet";"5137001";"Lequin-Colin Chassagne-Montrachet 1er Cru Les Vergers 2017";"Lequin-Colin Chassagne-Montrachet 1er Cru Les Vergers";"2017";"599.9";"0.75";"799.87";"White wine";"Glass";"13.5";"5.9249387"
"Vinmonopolet";"5137305";"Terrazas de Los Andes Malbec 2017";"Terrazas de Los Andes Malbec";"2017";"469.9";"1.5";"313.27";"RÃ¸dvin";"Glass";"14.5";"2.1604598"
"Vinmonopolet";"5137501";"TeÃ³filo Reyes Reserva 2012";"TeÃ³filo Reyes Reserva";"2012";"375.1";"0.75";"500.13";"RÃ¸dvin";"Glass";"14";"3.572381"
"Vinmonopolet";"5139201";"Absolut Mango";"Absolut Mango";"0";"354.9";"0.7";"507";"Vodka";"Glass";"40";"1.2675"
"Vinmonopolet";"5139501";"Juliusspital WÃ¼rzburger Stein Silvaner Trocken GG 2017";"Juliusspital WÃ¼rzburger Stein Silvaner Trocken GG";"2017";"399.9";"0.75";"533.2";"White wine";"Glass";"13.5";"3.9496295"
"Vinmonopolet";"5139801";"Les FumÃ©es Blanches RosÃ© 2019";"Les FumÃ©es Blanches RosÃ©";"2019";"134.9";"0.75";"179.87";"RosÃ©vin";"Glass";"12";"1.4988889"
"Vinmonopolet";"5139806";"Les FumÃ©es Blanches RosÃ© 2019";"Les FumÃ©es Blanches RosÃ©";"2019";"459.9";"3";"153.3";"RosÃ©vin";"Bag-in-box";"12";"1.2775"
"Vinmonopolet";"5140101";"Villa Borghetti Soave Classico 2018";"Villa Borghetti Soave Classico";"2018";"139.9";"0.75";"186.53";"White wine";"Glass";"12.5";"1.4922667"
"Vinmonopolet";"5141601";"Tissot CuvÃ©e IndigÃ¨ne";"Tissot CuvÃ©e IndigÃ¨ne";"2019";"379.9";"0.75";"506.53";"Sparkling wine";"Glass";"12.5";"4.0522666"
"Vinmonopolet";"5142001";"Fontanilles 2016";"Fontanilles";"2016";"214.9";"0.75";"286.53";"RÃ¸dvin";"Glass";"13.5";"2.1224692"
"Vinmonopolet";"5142901";"Paco & Lola AlbariÃ±o 2018";"Paco & Lola AlbariÃ±o";"2018";"189.9";"0.75";"253.2";"White wine";"Glass";"13";"1.9476923"
"Vinmonopolet";"5143401";"Ch. de Selle Ott RosÃ© Coeur de Grain 2018";"Ch. de Selle Ott RosÃ© Coeur de Grain";"2018";"324.9";"0.75";"433.2";"RosÃ©vin";"Glass";"13.5";"3.2088888"
"Vinmonopolet";"5144001";"Gorgo Bardolino 2019";"Gorgo Bardolino";"2019";"139.9";"0.75";"186.53";"RÃ¸dvin";"Glass";"12.5";"1.4922667"
"Vinmonopolet";"5144101";"Gorgo Custoza 2019";"Gorgo Custoza";"2019";"149.9";"0.75";"199.87";"White wine";"Glass";"12.5";"1.5989332"
"Vinmonopolet";"5144401";"SÃ¡lnico Nuragus 2019";"SÃ¡lnico Nuragus";"2019";"169.9";"0.75";"226.53";"White wine";"Glass";"13";"1.7425641"
"Vinmonopolet";"5144501";"Silenzi Bianco 2018";"Silenzi Bianco";"2018";"144.9";"0.75";"193.2";"White wine";"Glass";"12";"1.6099999"
"Vinmonopolet";"5144601";"Silenzi Rosso 2018";"Silenzi Rosso";"2018";"149";"0.75";"198.67";"RÃ¸dvin";"Glass";"11.5";"1.7275362"
"Vinmonopolet";"5144801";"Roc des Anges Vieilles Vignes Blanc 2017";"Roc des Anges Vieilles Vignes Blanc";"2017";"269";"0.75";"358.67";"White wine";"Glass";"12.5";"2.8693333"
"Vinmonopolet";"5145402";"Estrella Damm Daura";"Estrella Damm Daura";"0";"39";"0.33";"118.18";"Light lager";"Glass";"5.4";"2.1885521"
"Vinmonopolet";"5145501";"Estrella Inedit";"Estrella Inedit";"0";"79.9";"0.75";"106.53";"HveteÃ¸l";"Glass";"4.8";"2.2194445"
"Vinmonopolet";"5146405";"La Chablisienne Chablis VV Solsiden 2014";"La Chablisienne Chablis VV Solsiden";"2014";"559.9";"1.5";"373.27";"White wine";"Glass";"12.5";"2.9861336"
"Vinmonopolet";"5147101";"Le Boncie 5 2017";"Le Boncie 5";"2017";"329.9";"0.75";"439.87";"RÃ¸dvin";"Glass";"14";"3.1419046"
"Vinmonopolet";"5147601";"Bibi Graetz Bugia di Giglio Toscana Bianco 2016";"Bibi Graetz Bugia di Giglio Toscana Bianco";"2016";"499.9";"0.75";"666.53";"White wine";"Glass";"13";"5.1271796"
"Vinmonopolet";"5147701";"Casamatta Bianco 2018";"Casamatta Bianco";"2018";"148";"0.75";"197.33";"White wine";"Glass";"12.5";"1.5786667"
"Vinmonopolet";"5147901";"Zagara Moscato d'Asti 2016";"Zagara Moscato d'Asti";"2016";"159.9";"0.75";"213.2";"White wine";"Glass";"5";"4.264"
"Vinmonopolet";"5149001";"Pelissero Barbaresco Vanotu 2014";"Pelissero Barbaresco Vanotu";"2014";"604";"0.75";"805.33";"RÃ¸dvin";"Glass";"14.5";"5.554023"
"Vinmonopolet";"5149301";"Ch. Climens 2005";"Ch. Climens";"2005";"1270";"0.75";"1693.33";"White wine";"Glass";"14.5";"11.678161"
"Vinmonopolet";"5149901";"Devevey Rully La Chaume Blanc 2012";"Devevey Rully La Chaume Blanc";"2012";"332";"0.75";"442.67";"White wine";"Glass";"13";"3.4051282"
"Vinmonopolet";"5153101";"Villa Pillo Cypresses Sangiovese 2016";"Villa Pillo Cypresses Sangiovese";"2016";"230.1";"0.75";"306.8";"RÃ¸dvin";"Glass";"13.5";"2.2725925"
"Vinmonopolet";"5153201";"Villa Pillo Sant' Adele Merlot 2016";"Villa Pillo Sant' Adele Merlot";"2016";"275";"0.75";"366.67";"RÃ¸dvin";"Glass";"14";"2.6190476"
"Vinmonopolet";"5153301";"Villa Pillo Borgoforte 2016";"Villa Pillo Borgoforte";"2016";"206.7";"0.75";"275.6";"RÃ¸dvin";"Glass";"13.5";"2.0414815"
"Vinmonopolet";"5153501";"Villa Pillo Vivaldaia Cabernet Franc 2016";"Villa Pillo Vivaldaia Cabernet Franc";"2016";"272.5";"0.75";"363.33";"RÃ¸dvin";"Glass";"13.5";"2.691358"
"Vinmonopolet";"5154508";"Ratzeputz (3x2cl)";"Ratzeputz (3x2cl)";"0";"96";"0.06";"1600";"Bitter	";"Ãvrig";"58";"2.7586207"
"Vinmonopolet";"5154601";"Natura Brut Nature Reserva";"Natura Brut Nature Reserva";"0";"159.9";"0.75";"213.2";"Sparkling wine";"Glass";"11.5";"1.853913"
"Vinmonopolet";"5155601";"Ruiz 300 Dias de Sol Tempranillo 2016";"Ruiz 300 Dias de Sol Tempranillo";"2016";"169.9";"0.75";"226.53";"RÃ¸dvin";"Glass";"12.5";"1.8122666"
"Vinmonopolet";"5155701";"Suertes del MarquÃ©s 7 Fuentes 2017";"Suertes del MarquÃ©s 7 Fuentes";"2017";"229.9";"0.75";"306.53";"RÃ¸dvin";"Glass";"13.5";"2.2706172"
"Vinmonopolet";"5156801";"Guigal Ch. d'Ampuis CÃ´te-RÃ´tie 2016";"Guigal Ch. d'Ampuis CÃ´te-RÃ´tie";"2016";"929";"0.75";"1238.67";"RÃ¸dvin";"Glass";"13.5";"9.175308"
"Vinmonopolet";"5157501";"Dom. d'Aupilhac Lou Maset 2017";"Dom. d'Aupilhac Lou Maset";"2017";"210.1";"0.75";"280.13";"RÃ¸dvin";"Glass";"13.5";"2.0750618"
"Vinmonopolet";"5157901";"La Stoppa Trebbiolo Rosso 2018";"La Stoppa Trebbiolo Rosso";"2018";"259.9";"0.75";"346.53";"RÃ¸dvin";"Glass";"12.5";"2.7722666"
"Vinmonopolet";"5158001";"Clos de L'Oratoire des Papes 2017";"Clos de L'Oratoire des Papes";"2017";"454.9";"0.75";"606.53";"RÃ¸dvin";"Glass";"14.5";"4.1829886"
"Vinmonopolet";"5158101";"Clos de L`Oratoire des Papes 2017";"Clos de L`Oratoire des Papes";"2017";"445";"0.75";"593.33";"White wine";"Glass";"13.5";"4.3950615"
"Vinmonopolet";"5159601";"Saint Clair Vicars Choice Sauvignon Blanc 2019";"Saint Clair Vicars Choice Sauvignon Blanc";"2019";"199.9";"0.75";"266.53";"White wine";"Glass";"13";"2.0502563"
"Vinmonopolet";"5159701";"Langmeil Eden Valley Riesling 2016";"Langmeil Eden Valley Riesling";"2016";"379.9";"0.75";"506.53";"White wine";"Glass";"12.5";"4.0522666"
"Vinmonopolet";"5160001";"Langmeil Barossa Freedom 1843 Shiraz 2014";"Langmeil Barossa Freedom  Shiraz";"2014";"1042.5";"0.75";"1390";"RÃ¸dvin";"Glass";"14.5";"9.586206"
"Vinmonopolet";"5160201";"Contino Graciano 2012";"Contino Graciano";"2012";"750";"0.75";"1000";"RÃ¸dvin";"Glass";"13.5";"7.4074073"
"Vinmonopolet";"5160301";"Contino ViÃ±a del Olivo 2017";"Contino ViÃ±a del Olivo";"2017";"750";"0.75";"1000";"RÃ¸dvin";"Glass";"13.5";"7.4074073"
"Vinmonopolet";"5161501";"Bruno Giacosa Barbera d'Alba 2017";"Bruno Giacosa Barbera d'Alba";"2017";"355";"0.75";"473.33";"RÃ¸dvin";"Glass";"15";"3.1555555"
"Vinmonopolet";"5161801";"Lillet";"Lillet";"0";"199.9";"0.75";"266.53";"Flavoured wine	";"Glass";"17";"1.5678431"
"Vinmonopolet";"5163501";"Fagayra Maury Rouge 2017";"Fagayra Maury Rouge";"2017";"359";"0.75";"478.67";"Fortified wine";"Glass";"16.5";"2.90101"
"Vinmonopolet";"5164001";"Olivier RiviÃ¨re Ganko 2016";"Olivier RiviÃ¨re Ganko";"2016";"389";"0.75";"518.67";"RÃ¸dvin";"Glass";"14";"3.704762"
"Vinmonopolet";"5164101";"Laherte Blanc de Blancs Brut Nature";"Laherte Blanc de Blancs Brut Nature";"2018";"399.9";"0.75";"533.2";"Champagne extra brut";"Glass";"12";"4.443333"
"Vinmonopolet";"5164201";"Laherte Les 7 Extra Brut";"Laherte Les 7 Extra Brut";"2015";"749";"0.75";"998.67";"Champagne extra brut";"Glass";"12";"8.322222"
"Vinmonopolet";"5164301";"Laherte Les Vignes d'Autrefois 2014";"Laherte Les Vignes d'Autrefois";"2014";"559";"0.75";"745.33";"Champagne extra brut";"Glass";"12";"6.211111"
"Vinmonopolet";"5164401";"Rayos Uva 2018";"Rayos Uva";"2018";"199.9";"0.75";"266.53";"RÃ¸dvin";"Glass";"14";"1.9038094"
"Vinmonopolet";"5166901";"Tissot La Tour de Curon Chardonnay 2017";"Tissot La Tour de Curon Chardonnay";"2017";"1049.9";"0.75";"1399.87";"White wine";"Glass";"14.5";"9.654253"
"Vinmonopolet";"5167901";"Rizzardi Amarone della Valpolicella Classico 2011";"Rizzardi Amarone della Valpolicella Classico";"2011";"529.9";"0.75";"706.53";"RÃ¸dvin";"Glass";"16";"4.4158335"
"Vinmonopolet";"5168501";"Ch. Coutet 2017";"Ch. Coutet";"2017";"269.9";"0.75";"359.87";"RÃ¸dvin";"Glass";"13.5";"2.665679"
"Vinmonopolet";"5168505";"Ch. Coutet 2016";"Ch. Coutet";"2016";"649.9";"1.5";"433.27";"RÃ¸dvin";"Glass";"13.5";"3.2093828"
"Vinmonopolet";"5168901";"Ch. Belregard-Figeac 2016";"Ch. Belregard-Figeac";"2016";"329.9";"0.75";"439.87";"RÃ¸dvin";"Glass";"14";"3.1419046"
"Vinmonopolet";"5168905";"Ch. Belregard-Figeac 2013";"Ch. Belregard-Figeac";"2013";"649.9";"1.5";"433.27";"RÃ¸dvin";"Glass";"13.5";"3.2093828"
"Vinmonopolet";"5169001";"Pierre de La Grange M. SÃ¨vre-Maine 2014";"Pierre de La Grange M. SÃ¨vre-Maine";"2014";"169.9";"0.75";"226.53";"White wine";"Glass";"12";"1.8877777"
"Vinmonopolet";"5169401";"Ch. de La Bretesche Muscadet de SÃ¨vre et Maine Sur Lie 2018";"Ch. de La Bretesche Muscadet de SÃ¨vre et Maine Sur Lie";"2018";"199.9";"0.75";"266.53";"White wine";"Glass";"12";"2.221111"
"Vinmonopolet";"5169601";"Dom. de L'Horgelus La Vie en Rose 2019";"Dom. de L'Horgelus La Vie en Rose";"2019";"149.9";"0.75";"199.87";"RosÃ©vin";"Glass";"11.5";"1.737971"
"Vinmonopolet";"5169701";"Renato Ratti Barolo Marcenasco Rocche 2016";"Renato Ratti Barolo Marcenasco Rocche";"2016";"599.9";"0.75";"799.87";"RÃ¸dvin";"Glass";"14.5";"5.516322"
"Vinmonopolet";"5169801";"Dom. Horgelus Colombard Sauvignon 2019";"Dom. Horgelus Colombard Sauvignon";"2019";"124.9";"0.75";"166.53";"White wine";"Glass";"11.5";"1.448116"
"Vinmonopolet";"5170601";"Gaudio Malvasia di Casorzo Dolce Stil Novo 2019";"Gaudio Malvasia di Casorzo Dolce Stil Novo";"2019";"224";"0.75";"298.67";"Perlende vin, rÃ¸d";"Glass";"6";"4.977778"
"Vinmonopolet";"5173001";"Andrija Blatina 2013";"Andrija Blatina";"2013";"169";"0.75";"225.33";"RÃ¸dvin";"Glass";"13";"1.7333333"
"Vinmonopolet";"5173101";"Andrija Zilavka 2012";"Andrija Zilavka";"2012";"169";"0.75";"225.33";"White wine";"Glass";"12.5";"1.8026667"
"Vinmonopolet";"5174701";"Casal Garcia RosÃ©";"Casal Garcia RosÃ©";"0";"99.9";"0.75";"133.2";"RosÃ©vin";"Glass";"9.5";"1.4021053"
"Vinmonopolet";"5174801";"Castlet Vespa RosÃ© 2016";"Castlet Vespa RosÃ©";"2016";"179.9";"0.75";"239.87";"RosÃ©vin";"Glass";"13";"1.8451282"
"Vinmonopolet";"5175601";"Elisabetta Brunetti Spumante Extra Dry 2015";"Elisabetta Brunetti Spumante Extra Dry";"2015";"162.3";"0.75";"216.4";"Sparkling wine";"Glass";"11.5";"1.8817391"
"Vinmonopolet";"5175701";"Elisabetta Le Marze Rosso 2012";"Elisabetta Le Marze Rosso";"2012";"315.1";"0.75";"420.13";"RÃ¸dvin";"Glass";"14.5";"2.8974714"
"Vinmonopolet";"5175801";"Brunetti 2013";"Brunetti";"2013";"246.7";"0.75";"328.93";"RÃ¸dvin";"Glass";"14";"2.3495238"
"Vinmonopolet";"5176001";"Elisabetta Aulo Rosso 2014";"Elisabetta Aulo Rosso";"2014";"177.3";"0.75";"236.4";"RÃ¸dvin";"Glass";"13.5";"1.7511111"
"Vinmonopolet";"5176101";"Elisabetta Aulo Bianco 2016";"Elisabetta Aulo Bianco";"2016";"169.8";"0.75";"226.4";"White wine";"Glass";"12.5";"1.8112"
"Vinmonopolet";"5176201";"Elisabetta Aulo RosÃ© 2011";"Elisabetta Aulo RosÃ©";"2011";"161.2";"0.75";"214.93";"RosÃ©vin";"Glass";"12.5";"1.7194667"
"Vinmonopolet";"5176301";"Brunetti Sangiovese 2013";"Brunetti Sangiovese";"2013";"186.5";"0.75";"248.67";"RÃ¸dvin";"Glass";"14";"1.7761905"
"Vinmonopolet";"5176401";"Elisabetta Vermentino 2011";"Elisabetta Vermentino";"2011";"179";"0.75";"238.67";"White wine";"Glass";"13";"1.8358974"
"Vinmonopolet";"5177101";"Ch. du Seuil Graves Blanc 2016";"Ch. du Seuil Graves Blanc";"2016";"260";"0.75";"346.67";"White wine";"Glass";"12.5";"2.7733333"
"Vinmonopolet";"5177301";"Hardanger Sider, Kvasshovden 2018";"Hardanger Sider, Kvasshovden";"2018";"158.7";"0.75";"211.6";"Cider";"Glass";"8";"2.645"
"Vinmonopolet";"5178901";"COS Frappato 2018";"COS Frappato";"2018";"269.9";"0.75";"359.87";"RÃ¸dvin";"Glass";"12.5";"2.8789332"
"Vinmonopolet";"5179001";"COS Pithos Rosso 2017";"COS Pithos Rosso";"2017";"299.9";"0.75";"399.87";"RÃ¸dvin";"Glass";"12";"3.3322222"
"Vinmonopolet";"5180201";"Dom. des Entrefaux Crozes-Hermitage 2018";"Dom. des Entrefaux Crozes-Hermitage";"2018";"269.9";"0.75";"359.87";"RÃ¸dvin";"Glass";"14";"2.570476"
"Vinmonopolet";"5180401";"CastaÃ±o Monastrell";"CastaÃ±o Monastrell";"0";"144.9";"0.75";"193.2";"RÃ¸dvin";"Glass";"13.5";"1.4311111"
"Vinmonopolet";"5180501";"La Stoppa Macchiona 2006";"La Stoppa Macchiona";"2006";"364.9";"0.75";"486.53";"RÃ¸dvin";"Glass";"14";"3.475238"
"Vinmonopolet";"5180801";"Collestefano Verdicchio di Matelica 2018";"Collestefano Verdicchio di Matelica";"2018";"189.9";"0.75";"253.2";"White wine";"Glass";"12";"2.11"
"Vinmonopolet";"5181502";"New Belgium Citradelic Tangerine IPA";"New Belgium Citradelic Tangerine IPA";"0";"50.4";"0.35";"141.97";"India pale ale";"Metall";"5.9";"2.4406781"
"Vinmonopolet";"5183901";"Rall Grenache Blanc 2018";"Rall Grenache Blanc";"2018";"299.9";"0.75";"399.87";"White wine";"Glass";"12";"3.3322222"
"Vinmonopolet";"5184301";"De Sousa 3A";"De Sousa 3A";"0";"667.6";"0.75";"890.13";"Champagne, brut";"Glass";"12.5";"7.1210666"
"Vinmonopolet";"5184401";"De Sousa Mycorhize";"De Sousa Mycorhize";"0";"690.1";"0.75";"920.13";"Champagne, brut";"Glass";"12.5";"7.3610663"
"Vinmonopolet";"5184601";"De Sousa Cuvee des Caudalies Vintage 2010";"De Sousa Cuvee des Caudalies Vintage";"2010";"1780.6";"0.75";"2374.13";"Champagne, brut";"Glass";"12.5";"18.993067"
"Vinmonopolet";"5185006";"Vikingfjord Cocktails Moscow Mule";"Vikingfjord Cocktails Moscow Mule";"0";"299.9";"1.5";"199.93";"Other spirit";"Bag-in-box";"12.5";"1.5994667"
"Vinmonopolet";"5189702";"Elgsnaps";"Elgsnaps";"0";"409";"0.5";"818";"Other spirit";"Glass";"40";"2.045"
"Vinmonopolet";"5189802";"Oud Beersel Bersalis Sourblend";"Oud Beersel Bersalis Sourblend";"0";"62.9";"0.33";"190.61";"SurÃ¸l";"Glass";"6";"3.1767676"
"Vinmonopolet";"5191601";"Gold Rush";"Gold Rush";"0";"129.9";"0.75";"173.2";"Sparkling wine";"Glass";"11";"1.5745454"
"Vinmonopolet";"5191901";"Silent Pool Gin";"Silent Pool Gin";"0";"699";"0.7";"998.57";"Gin";"Glass";"43";"2.3222592"
"Vinmonopolet";"5192601";"Montresor Amarone della Valpolicella 2015";"Montresor Amarone della Valpolicella";"2015";"329.9";"0.75";"439.87";"RÃ¸dvin";"Glass";"15";"2.9324443"
"Vinmonopolet";"5193601";"Soalheiro Allo 2018";"Soalheiro Allo";"2018";"150";"0.75";"200";"White wine";"Glass";"11.5";"1.7391304"
"Vinmonopolet";"5193701";"I am rosÃ© 2018";"I am rosÃ©";"2018";"179.9";"0.75";"239.87";"RosÃ©vin";"Glass";"12.5";"1.9189333"
"Vinmonopolet";"5193801";"Oslo HÃ¥ndverksdestilleri Vidda TÃ¸rr Gin";"Oslo HÃ¥ndverksdestilleri Vidda TÃ¸rr Gin";"0";"529.9";"0.7";"757";"Gin";"Glass";"43";"1.7604653"
"Vinmonopolet";"5193902";"New Belgium Fat Tire";"New Belgium Fat Tire";"0";"60.9";"0.35";"171.55";"Red/amber";"Metall";"5.2";"3.3461542"
"Vinmonopolet";"5194302";"Page 24 BiÃ¨re Brune";"Page 24 BiÃ¨re Brune";"0";"69.9";"0.33";"211.82";"Trappist";"Glass";"7.9";"2.6812427"
"Vinmonopolet";"5194701";"Albert Bichot Petit Chablis 2018";"Albert Bichot Petit Chablis";"2018";"189.9";"0.75";"253.2";"White wine";"Glass";"12.5";"2.0256"
"Vinmonopolet";"5194906";"Lady Riesling 2018";"Lady Riesling";"2018";"279.9";"2.25";"124.4";"White wine";"Bag-in-box";"9";"1.3822222"
"Vinmonopolet";"5195101";"Winter Riesling & Sauvignon Blanc 2018";"Winter Riesling & Sauvignon Blanc";"2018";"134.9";"0.75";"179.87";"White wine";"Plast";"12";"1.4988889"
"Vinmonopolet";"5197301";"Valli Unite Barbera GaitÃ¹ 2017";"Valli Unite Barbera GaitÃ¹";"2017";"229.9";"0.75";"306.53";"RÃ¸dvin";"Glass";"14";"2.1895237"
"Vinmonopolet";"5197401";"Valli Unite Dolcetto Diogene 2016";"Valli Unite Dolcetto Diogene";"2016";"229.9";"0.75";"306.53";"RÃ¸dvin";"Glass";"13.5";"2.2706172"
"Vinmonopolet";"5200806";"Paolo Leo Passitivo Primitivo";"Paolo Leo Passitivo Primitivo";"2018";"459.9";"3";"153.3";"RÃ¸dvin";"Bag-in-box";"13.5";"1.1355555"
"Vinmonopolet";"5202101";"Meinklang Graupert Pinot Gris 2017";"Meinklang Graupert Pinot Gris";"2017";"250";"0.75";"333.33";"White wine";"Glass";"12";"2.7777777"
"Vinmonopolet";"5202202";"Meinklang Urkorn";"Meinklang Urkorn";"2017";"50";"0.33";"151.52";"Light ale";"Glass";"4.8";"3.1565654"
"Vinmonopolet";"5202301";"Meinklang BlaufrÃ¤nkisch 2018";"Meinklang BlaufrÃ¤nkisch";"2018";"199.9";"0.75";"266.53";"RÃ¸dvin";"Glass";"12";"2.221111"
"Vinmonopolet";"5202401";"Meinklang Burgenland Red 2018";"Meinklang Burgenland Red";"2018";"149.9";"0.75";"199.87";"RÃ¸dvin";"Glass";"12";"1.6655555"
"Vinmonopolet";"5202501";"Meinklang Konkret 2015";"Meinklang Konkret";"2015";"350";"0.75";"466.67";"RÃ¸dvin";"Glass";"13";"3.5897436"
"Vinmonopolet";"5202706";"Carussin Asinoi Barbera Piemonte 2018";"Carussin Asinoi Barbera Piemonte";"2018";"489.9";"3";"163.3";"RÃ¸dvin";"Bag-in-box";"12";"1.3608333"
"Vinmonopolet";"5206702";"Erdinger Urweisse";"Erdinger Urweisse";"0";"45.2";"0.5";"90.4";"HveteÃ¸l";"Glass";"4.9";"1.844898"
"Vinmonopolet";"5207001";"Villa Maria Private Bin Pinot Noir 2018";"Villa Maria Private Bin Pinot Noir";"2018";"229.9";"0.75";"306.53";"RÃ¸dvin";"Glass";"13";"2.3579485"
"Vinmonopolet";"5208101";"Chandesais Chablis 2018";"Chandesais Chablis";"2018";"209.9";"0.75";"279.87";"White wine";"Glass";"12.5";"2.2389333"
"Vinmonopolet";"5208401";"Tardieu Laurent Hermitage Vieilles Vignes 2017";"Tardieu Laurent Hermitage Vieilles Vignes";"2017";"599.9";"0.75";"799.87";"RÃ¸dvin";"Glass";"13.5";"5.9249387"
"Vinmonopolet";"5208501";"Tardieu Laurent Saint Joseph Les Roches Vieilles Vignes 2012";"Tardieu Laurent Saint Joseph Les Roches Vieilles Vignes";"2012";"389.9";"0.75";"519.87";"RÃ¸dvin";"Glass";"13";"3.9989743"
"Vinmonopolet";"5208601";"Tardieu Laurent Rasteau Vieilles Vignes 2012";"Tardieu Laurent Rasteau Vieilles Vignes";"2012";"309.9";"0.75";"413.2";"RÃ¸dvin";"Glass";"14.5";"2.8496552"
"Vinmonopolet";"5208701";"Tardieu Laurent Cornas Coteaux 2012";"Tardieu Laurent Cornas Coteaux";"2012";"499.9";"0.75";"666.53";"RÃ¸dvin";"Glass";"13";"5.1271796"
"Vinmonopolet";"5208801";"Tardieu Laurent Chateauneuf-du-Pape Vieilles Vignes 2012";"Tardieu Laurent Chateauneuf-du-Pape Vieilles Vignes";"2012";"499.9";"0.75";"666.53";"RÃ¸dvin";"Glass";"14.5";"4.5967817"
"Vinmonopolet";"5208901";"Tardieu Laurent Crozes Hermitage Vieilles Vignes 2017";"Tardieu Laurent Crozes Hermitage Vieilles Vignes";"2017";"379.9";"0.75";"506.53";"RÃ¸dvin";"Glass";"13.5";"3.7520988"
"Vinmonopolet";"5209101";"Cros de la MÃ»re Chateauneuf-du-Pape 2008";"Cros de la MÃ»re Chateauneuf-du-Pape";"2008";"679.9";"0.75";"906.53";"RÃ¸dvin";"Glass";"15";"6.0435557"
"Vinmonopolet";"5209401";"Loimer RosÃ© Zweigelt Pinot Noir 2018";"Loimer RosÃ© Zweigelt Pinot Noir";"2018";"159.9";"0.75";"213.2";"RosÃ©vin";"Glass";"11.5";"1.853913"
"Vinmonopolet";"5210501";"Cavalchina Amedeo Custoza Superiore 2017";"Cavalchina Amedeo Custoza Superiore";"2017";"229.9";"0.75";"306.53";"White wine";"Glass";"13.5";"2.2706172"
"Vinmonopolet";"5210601";"PrÃ  Morandina Valpolicella Superiore 2018";"PrÃ  Morandina Valpolicella Superiore";"2018";"229.9";"0.75";"306.53";"RÃ¸dvin";"Glass";"12.5";"2.4522667"
"Vinmonopolet";"5210801";"PrÃ  Staforte Soave Classico 2017";"PrÃ  Staforte Soave Classico";"2017";"219.9";"0.75";"293.2";"White wine";"Glass";"12.5";"2.3456"
"Vinmonopolet";"5212301";"Mas Doix Les Crestes 2015";"Mas Doix Les Crestes";"2015";"269.4";"0.75";"359.2";"RÃ¸dvin";"Glass";"14.5";"2.4772413"
"Vinmonopolet";"5214001";"Kingfisher Premium Lager";"Kingfisher Premium Lager";"0";"67.1";"0.66";"101.67";"Light lager";"Glass";"4.8";"2.1180553"
"Vinmonopolet";"5214002";"Kingfisher Premium Lager";"Kingfisher Premium Lager";"0";"38.4";"0.33";"116.36";"Light lager";"Glass";"4.8";"2.4242423"
"Vinmonopolet";"5214102";"Cobra Premium Beer";"Cobra Premium Beer";"0";"38.6";"0.33";"116.97";"Light lager";"Glass";"4.8";"2.4368684"
"Vinmonopolet";"5216201";"La Piuma Montepulciano d'Abruzzo 2018";"La Piuma Montepulciano d'Abruzzo";"2018";"159.9";"0.75";"213.2";"RÃ¸dvin";"Glass";"13";"1.64"
"Vinmonopolet";"5216401";"Senja XO";"Senja XO";"0";"625";"0.7";"892.86";"Grape spirit";"Glass";"40";"2.232143"
"Vinmonopolet";"5218301";"Elyssia Pinot Noir";"Elyssia Pinot Noir";"0";"229.9";"0.75";"306.53";"Sparkling wine";"Glass";"12";"2.5544443"
"Vinmonopolet";"5218701";"Cono Sur Bicicleta Sauvignon Blanc 2019";"Cono Sur Bicicleta Sauvignon Blanc";"2019";"129.9";"0.75";"173.2";"White wine";"Glass";"12";"1.4433333"
"Vinmonopolet";"5219001";"Castellblanc Rosado Brut";"Castellblanc Rosado Brut";"0";"159.9";"0.75";"213.2";"Musserende vin, rosÃ©";"Glass";"12";"1.7766666"
"Vinmonopolet";"5219701";"J. Laurens Les Graimenous CrÃ©mant de Limoux 2017";"J. Laurens Les Graimenous CrÃ©mant de Limoux";"2017";"179.9";"0.75";"239.87";"Sparkling wine";"Glass";"12";"1.9988889"
"Vinmonopolet";"5219901";"Antiche Terre Valpolicella 2018";"Antiche Terre Valpolicella";"2018";"162";"0.75";"216";"RÃ¸dvin";"Glass";"12.5";"1.728"
"Vinmonopolet";"5220001";"Antiche Terre Valpolicella Ripasso 2017";"Antiche Terre Valpolicella Ripasso";"2017";"165";"0.75";"220";"RÃ¸dvin";"Glass";"13.5";"1.6296296"
"Vinmonopolet";"5220101";"Antiche Terre Villa Vittoria Corvina 2018";"Antiche Terre Villa Vittoria Corvina";"2018";"129.9";"0.75";"173.2";"RÃ¸dvin";"Glass";"13";"1.3323076"
"Vinmonopolet";"5220201";"Belussi Prosecco Brut";"Belussi Prosecco Brut";"0";"169.9";"0.75";"226.53";"Sparkling wine";"Glass";"11";"2.059394"
"Vinmonopolet";"5221206";"Alamos Malbec 2018";"Alamos Malbec";"2018";"459.9";"3";"153.3";"RÃ¸dvin";"Bag-in-box";"13.5";"1.1355555"
"Vinmonopolet";"5221701";"Marcato Soave Colli Scaligeri I Prandi 2014";"Marcato Soave Colli Scaligeri I Prandi";"2014";"149.9";"0.75";"199.87";"White wine";"Glass";"12";"1.6655555"
"Vinmonopolet";"5222001";"Vincent Fleith Steinweg Riesling 2015";"Vincent Fleith Steinweg Riesling";"2015";"299.9";"0.75";"399.87";"White wine";"Glass";"12.5";"3.1989334"
"Vinmonopolet";"5222306";"ViÃ±a Esmeralda 2019";"ViÃ±a Esmeralda";"2019";"419.9";"3";"139.97";"White wine";"Bag-in-box";"11.5";"1.2171015"
"Vinmonopolet";"5222701";"Te Hua Valley Sauvignon Blanc 2019";"Te Hua Valley Sauvignon Blanc";"2019";"134.9";"0.75";"179.87";"White wine";"Glass";"12";"1.4988889"
"Vinmonopolet";"5223001";"Comte de Ninot CrÃ©mant de Bourgogne Brut";"Comte de Ninot CrÃ©mant de Bourgogne Brut";"0";"179.9";"0.75";"239.87";"Sparkling wine";"Glass";"12";"1.9988889"
"Vinmonopolet";"5223101";"Yarden Chardonnay 2016";"Yarden Chardonnay";"2016";"219.9";"0.75";"293.2";"White wine";"Glass";"14";"2.0942857"
"Vinmonopolet";"5223201";"Alexandre LÃ©opold Fine Petite Champagne XO";"Alexandre LÃ©opold Fine Petite Champagne XO";"0";"499.9";"0.7";"714.14";"Grape spirit";"Glass";"40";"1.7853571"
"Vinmonopolet";"5223301";"Musella RosÃ© del Drago 2019";"Musella RosÃ© del Drago";"2019";"184.9";"0.75";"246.53";"RosÃ©vin";"Glass";"12.5";"1.9722666"
"Vinmonopolet";"5224701";"Jeio Prosecco Brut";"Jeio Prosecco Brut";"0";"154.9";"0.75";"206.53";"Sparkling wine";"Glass";"11";"1.8775756"
"Vinmonopolet";"5225101";"Fonterenza Rosa Toscano Rosato 2018";"Fonterenza Rosa Toscano Rosato";"2018";"249.9";"0.75";"333.2";"RosÃ©vin";"Glass";"12";"2.7766666"
"Vinmonopolet";"5225301";"Fiesta de Azul y Garanza 2018";"Fiesta de Azul y Garanza";"2018";"159.9";"0.75";"213.2";"RÃ¸dvin";"Glass";"13.5";"1.5792592"
"Vinmonopolet";"5227201";"Soalheiro Primeras Vinhas Alvarinho 2018";"Soalheiro Primeras Vinhas Alvarinho";"2018";"229.9";"0.75";"306.53";"White wine";"Glass";"13";"2.3579485"
"Vinmonopolet";"5227205";"Soalheiro Primeras Vinhas Alvarinho 2018";"Soalheiro Primeras Vinhas Alvarinho";"2018";"599.9";"1.5";"399.93";"White wine";"Glass";"13";"3.0764103"
"Vinmonopolet";"5228206";"Rocca di Montemassi Sangiovese";"Rocca di Montemassi Sangiovese";"2018";"474.9";"3";"158.3";"RÃ¸dvin";"Bag-in-box";"13";"1.2176923"
"Vinmonopolet";"5229201";"Wynns Coonawarra Cabernet Sauvignon 2013";"Wynns Coonawarra Cabernet Sauvignon";"2013";"229.9";"0.75";"306.53";"RÃ¸dvin";"Glass";"13.5";"2.2706172"
"Vinmonopolet";"5230501";"Logan Weemala Riesling 2013";"Logan Weemala Riesling";"2013";"199.9";"0.75";"266.53";"White wine";"Glass";"12.5";"2.1322665"
"Vinmonopolet";"5231101";"Taittinger Millesime Brut 2013";"Taittinger Millesime Brut";"2013";"619.9";"0.75";"826.53";"Champagne, brut";"Glass";"12.5";"6.612267"
"Vinmonopolet";"5231401";"Birichino Malvasia Bianca 2014";"Birichino Malvasia Bianca";"2014";"229.9";"0.75";"306.53";"White wine";"Glass";"13";"2.3579485"
"Vinmonopolet";"5232101";"Duchesse de Bourgogne";"Duchesse de Bourgogne";"0";"169.9";"0.75";"226.53";"SurÃ¸l";"Glass";"6.2";"3.6537635"
"Vinmonopolet";"5232102";"Duchesse de Bourgogne";"Duchesse de Bourgogne";"0";"58.9";"0.33";"178.49";"SurÃ¸l";"Glass";"6.2";"2.878788"
"Vinmonopolet";"5232201";"Glenfarclas 25 YO";"Glenfarclas 25 YO";"0";"1970.1";"0.7";"2814.43";"Whisky";"Glass";"43";"6.5451827"
"Vinmonopolet";"5232301";"Glenfarclas 15 YO";"Glenfarclas 15 YO";"0";"775.1";"0.7";"1107.29";"Whisky";"Glass";"46";"2.4071429"
"Vinmonopolet";"5233901";"Le Macchiole Bolgheri Rosso 2017";"Le Macchiole Bolgheri Rosso";"2017";"329";"0.75";"438.67";"RÃ¸dvin";"Glass";"14.5";"3.0252874"
"Vinmonopolet";"5235601";"Grans-Fassian Mineralschiefer Riesling Trocken 2017";"Grans-Fassian Mineralschiefer Riesling Trocken";"2017";"199.9";"0.75";"266.53";"White wine";"Glass";"12";"2.221111"
"Vinmonopolet";"5235901";"Schloss Johannisberg Gelblack Riesling Trocken 2018";"Schloss Johannisberg Gelblack Riesling Trocken";"2018";"289.9";"0.75";"386.53";"White wine";"Glass";"12.5";"3.0922666"
"Vinmonopolet";"5236006";"Pierre Chainier Muscadet 2017";"Pierre Chainier Muscadet";"2017";"419.9";"3";"139.97";"White wine";"Bag-in-box";"11.5";"1.2171015"
"Vinmonopolet";"5236901";"Robinot FÃªtembulles 2017";"Robinot FÃªtembulles";"2017";"299.9";"0.75";"399.87";"Sparkling wine";"Glass";"11";"3.6351514"
"Vinmonopolet";"5237101";"Yalumba Patchwork Barossa Shiraz";"Yalumba Patchwork Barossa Shiraz";"2017";"259";"0.75";"345.33";"RÃ¸dvin";"Glass";"14";"2.4666667"
"Vinmonopolet";"5237301";"Pewsey Vale Riesling 2015";"Pewsey Vale Riesling";"2015";"219";"0.75";"292";"White wine";"Glass";"12";"2.4333334"
"Vinmonopolet";"5237401";"Yalumba Y Seriers Shiraz Viognier 2016";"Yalumba Y Seriers Shiraz Viognier";"2016";"199.9";"0.75";"266.53";"RÃ¸dvin";"Glass";"14";"1.9038094"
"Vinmonopolet";"5237701";"Pardas Rupestris 2018";"Pardas Rupestris";"2018";"199.9";"0.75";"266.53";"White wine";"Glass";"12";"2.221111"
"Vinmonopolet";"5238901";"Madregale Terre di Chieti Bianco 2019";"Madregale Terre di Chieti Bianco";"2019";"149.9";"0.75";"199.87";"White wine";"Glass";"12";"1.6655555"
"Vinmonopolet";"5239001";"Madregale Terre di Chieti Rosso 2018";"Madregale Terre di Chieti Rosso";"2018";"149.9";"0.75";"199.87";"RÃ¸dvin";"Glass";"12.5";"1.5989332"
"Vinmonopolet";"5239101";"Madregale Terre di Chieti Rosato 2018";"Madregale Terre di Chieti Rosato";"2018";"149.9";"0.75";"199.87";"RosÃ©vin";"Glass";"12.5";"1.5989332"
"Vinmonopolet";"5239201";"Burlotto Dolcetto d'Alba 2018";"Burlotto Dolcetto d'Alba";"2018";"295.6";"0.75";"394.13";"RÃ¸dvin";"Glass";"12.5";"3.1530666"
"Vinmonopolet";"5239507";"Brancamenta";"Brancamenta";"0";"1499.9";"3";"499.97";"LikÃ¸r";"Glass";"28";"1.7855953"
"Vinmonopolet";"5239801";"Lupi Reali Montepulciano d'Abruzzo 2018";"Lupi Reali Montepulciano d'Abruzzo";"2018";"119.9";"0.75";"159.87";"RÃ¸dvin";"Glass";"12";"1.3322222"
"Vinmonopolet";"5242701";"Riondo Pink";"Riondo Pink";"0";"99.9";"0.75";"133.2";"Perlende vin, rosÃ©";"Glass";"10.5";"1.2685715"
"Vinmonopolet";"5242801";"Riondo Prosecco Spago Nero";"Riondo Prosecco Spago Nero";"0";"114.9";"0.75";"153.2";"Sparkling white wine";"Glass";"10.5";"1.4590477"
"Vinmonopolet";"5243001";"Ch. de Saint Cosme Gigondas 2016";"Ch. de Saint Cosme Gigondas";"2016";"389";"0.75";"518.67";"RÃ¸dvin";"Glass";"15";"3.4577777"
"Vinmonopolet";"5245701";"Dom. Long-Depaquit Chablis Premier Cru Les Vaucopins 2017";"Dom. Long-Depaquit Chablis Premier Cru Les Vaucopins";"2017";"444.9";"0.75";"593.2";"White wine";"Glass";"13";"4.563077"
"Vinmonopolet";"5246502";"Zlote LWY Lys";"Zlote LWY Lys";"0";"58";"0.5";"116";"Light lager";"Glass";"5.6";"2.0714285"
"Vinmonopolet";"5246701";"Canaletto Prosecco";"Canaletto Prosecco";"0";"149.9";"0.75";"199.87";"Sparkling wine";"Glass";"11";"1.8169696"
"Vinmonopolet";"5247006";"Odfjell Armador";"Odfjell Armador";"0";"479.9";"3";"159.97";"RÃ¸dvin";"Bag-in-box";"13.5";"1.1849383"
"Vinmonopolet";"5249301";"Nicolas Joly Clos de la Bergerie 2018";"Nicolas Joly Clos de la Bergerie";"2018";"500";"0.75";"666.67";"White wine";"Glass";"15";"4.4444447"
"Vinmonopolet";"5249401";"Nicolas Joly Clos de la CoulÃ©e de Serrant 2018";"Nicolas Joly Clos de la CoulÃ©e de Serrant";"2018";"750";"0.75";"1000";"White wine";"Glass";"15";"6.6666665"
"Vinmonopolet";"5249501";"Nicolas Joly Les Vieux Clos 2018";"Nicolas Joly Les Vieux Clos";"2018";"435";"0.75";"580";"White wine";"Glass";"15";"3.8666666"
"Vinmonopolet";"5251301";"Dirk Niepoort Loureiro Giro Sol DÃ³cil 2018";"Dirk Niepoort Loureiro Giro Sol DÃ³cil";"2018";"194.9";"0.75";"259.87";"White wine";"Glass";"11.5";"2.25971"
"Vinmonopolet";"5251701";"Clos Mogador Priorat 2016";"Clos Mogador Priorat";"2016";"679.9";"0.75";"906.53";"RÃ¸dvin";"Glass";"14.5";"6.251954"
"Vinmonopolet";"5253301";"La Familia Piemonte Barbera 2018";"La Familia Piemonte Barbera";"2018";"158.9";"0.75";"211.87";"RÃ¸dvin";"Glass";"12.5";"1.6949333"
"Vinmonopolet";"5253501";"Clos les Montys Muscadet SÃ¨vre et Maine Sur Lie 2018";"Clos les Montys Muscadet SÃ¨vre et Maine Sur Lie";"2018";"179.9";"0.75";"239.87";"White wine";"Glass";"12";"1.9988889"
"Vinmonopolet";"5253701";"Dom. de la ChauviniÃ¨re Muscadet SÃ¨vre et Maine Sur Lie 2015";"Dom. de la ChauviniÃ¨re Muscadet SÃ¨vre et Maine Sur Lie";"2015";"179.9";"0.75";"239.87";"White wine";"Glass";"12";"1.9988889"
"Vinmonopolet";"5254501";"Ch. de Puligny-Montrachet Meursault 2015";"Ch. de Puligny-Montrachet Meursault";"2015";"599.9";"0.75";"799.87";"White wine";"Glass";"12.5";"6.3989334"
"Vinmonopolet";"5256801";"Paolo Scavino Barolo 2016";"Paolo Scavino Barolo";"2016";"499.9";"0.75";"666.53";"RÃ¸dvin";"Glass";"14";"4.7609525"
"Vinmonopolet";"5257001";"Krone Borealis CuvÃ©e Brut MCC 2018";"Krone Borealis CuvÃ©e Brut MCC";"2018";"161.9";"0.75";"215.87";"Sparkling wine";"Glass";"11";"1.9624242"
"Vinmonopolet";"5257701";"Bussia Soprana Barbera d` Alba 2011";"Bussia Soprana Barbera d` Alba";"2011";"199";"0.75";"265.33";"RÃ¸dvin";"Glass";"13.5";"1.965432"
"Vinmonopolet";"5258802";"Cornish Orchards Gold Cider";"Cornish Orchards Gold Cider";"0";"57";"0.5";"114";"Cider";"Glass";"5";"2.28"
"Vinmonopolet";"5259101";"Gnarly Head Old Vine Zinfandel 2018";"Gnarly Head Old Vine Zinfandel";"2018";"154.9";"0.75";"206.53";"RÃ¸dvin";"Glass";"14.5";"1.4243678"
"Vinmonopolet";"5259701";"Marie Brizard CuraÃ§ao Orange";"Marie Brizard CuraÃ§ao Orange";"0";"339.9";"0.7";"485.57";"LikÃ¸r";"Glass";"30";"1.6185714"
"Vinmonopolet";"5260001";"Suertes del MarquÃ©s Trenzado 2014";"Suertes del MarquÃ©s Trenzado";"2014";"249.9";"0.75";"333.2";"White wine";"Glass";"13.5";"2.468148"
"Vinmonopolet";"5260201";"Trivento Golden Reserve Malbec 2017";"Trivento Golden Reserve Malbec";"2017";"159.9";"0.75";"213.2";"RÃ¸dvin";"Glass";"14";"1.5228571"
"Vinmonopolet";"5260401";"Marques de Casa Concha Chardonnay 2016";"Marques de Casa Concha Chardonnay";"2016";"189.9";"0.75";"253.2";"White wine";"Glass";"14";"1.8085713"
"Vinmonopolet";"5260501";"Carmin de Peumo Carmenere 2012";"Carmin de Peumo Carmenere";"2012";"599.9";"0.75";"799.87";"RÃ¸dvin";"Glass";"14.5";"5.516322"
"Vinmonopolet";"5260801";"Sesti Grangiovese 2016";"Sesti Grangiovese";"2016";"229.9";"0.75";"306.53";"RÃ¸dvin";"Glass";"14";"2.1895237"
"Vinmonopolet";"5261301";"AnCnoc 12 YO";"AnCnoc 12 YO";"0";"639.9";"0.7";"914.14";"Whisky";"Glass";"40";"2.2853572"
"Vinmonopolet";"5261802";"Stone Ruination 2.0 Double IPA";"Stone Ruination 2.0 Double IPA";"0";"49.9";"0.33";"145.15";"India pale ale";"Emballasje med pant";"8.5";"1.7789661"
"Vinmonopolet";"5261902";"Mahou Cinco Estrellas";"Mahou Cinco Estrellas";"0";"39.9";"0.5";"79.8";"Light lager";"Metall";"5.5";"1.4509091"
"Vinmonopolet";"5262001";"Michel Thomas Sancerre Le Chant du Merle Rouge 2015";"Michel Thomas Sancerre Le Chant du Merle Rouge";"2015";"226";"0.75";"301.33";"RÃ¸dvin";"Glass";"13";"2.3179488"
"Vinmonopolet";"5262401";"T'Ga Za Jug 2016";"T'Ga Za Jug";"2016";"163.8";"0.75";"218.4";"RÃ¸dvin";"Glass";"13";"1.6800001"
"Vinmonopolet";"5262808";"Brancamenta (3x2cl)";"Brancamenta (3x2cl)";"0";"69.9";"0.06";"1165";"LikÃ¸r";"Ãvrig";"28";"4.1607146"
"Vinmonopolet";"5262901";"Pere Ventura Brut Reserva";"Pere Ventura Brut Reserva";"0";"149";"0.75";"198.67";"Sparkling wine";"Glass";"11.5";"1.7275362"
"Vinmonopolet";"5263501";"Portia Roble 2018";"Portia Roble";"2018";"169.9";"0.75";"226.53";"RÃ¸dvin";"Glass";"13";"1.7425641"
"Vinmonopolet";"5263901";"Monastier Sauvignon Blanc 2017";"Monastier Sauvignon Blanc";"2017";"139.9";"0.75";"186.53";"White wine";"Glass";"11.5";"1.622029"
"Vinmonopolet";"5264201";"Terre di San Leonardo 2016";"Terre di San Leonardo";"2016";"209.9";"0.75";"279.87";"RÃ¸dvin";"Glass";"13";"2.1528203"
"Vinmonopolet";"5265401";"RenÃ© Bouvier Bourgogne Chapitre Suivant Pinot Noir 2011";"RenÃ© Bouvier Bourgogne Chapitre Suivant Pinot Noir";"2011";"289.9";"0.75";"386.53";"RÃ¸dvin";"Glass";"12.5";"3.0922666"
"Vinmonopolet";"5265701";"RenÃ© Bouvier Marsannay Le Clos Blanc 2014";"RenÃ© Bouvier Marsannay Le Clos Blanc";"2014";"349.9";"0.75";"466.53";"White wine";"Glass";"13";"3.588718"
"Vinmonopolet";"5270901";"MarquÃ©s de la Concordia Hacienda Abascal ProducciÃ³n Limitada 2011";"MarquÃ©s de la Concordia Hacienda Abascal ProducciÃ³n Limitada";"2011";"290.9";"0.75";"387.87";"RÃ¸dvin";"Glass";"14";"2.770476"
"Vinmonopolet";"5271001";"Zorita Magister 2015";"Zorita Magister";"2015";"289.9";"0.75";"386.53";"RÃ¸dvin";"Glass";"14.5";"2.6657472"
"Vinmonopolet";"5271101";"Calles Jazz Riesling 2018";"Calles Jazz Riesling";"2018";"159.9";"0.75";"213.2";"White wine";"Glass";"9.5";"2.2442105"
"Vinmonopolet";"5271301";"Finca Villacreces Pruno 2018";"Finca Villacreces Pruno";"2018";"179.9";"0.75";"239.87";"RÃ¸dvin";"Glass";"14";"1.7133332"
"Vinmonopolet";"5271401";"Takara Plum Wine";"Takara Plum Wine";"0";"185.7";"0.75";"247.6";"Fruit wine";"Glass";"12";"2.0633333"
"Vinmonopolet";"5271501";"Sho Chiku Bai Tokubetsu Premium Junmai Sake";"Sho Chiku Bai Tokubetsu Premium Junmai Sake";"0";"249.8";"0.72";"346.94";"Sake";"Glass";"16";"2.1684027"
"Vinmonopolet";"5271602";"Sho Chiku Bai Premium Ginjo Sake";"Sho Chiku Bai Premium Ginjo Sake";"0";"119.5";"0.3";"398.33";"Sake";"Glass";"15";"2.6555555"
"Vinmonopolet";"5271701";"Sho Chiku Bai Classic Junmai Sake";"Sho Chiku Bai Classic Junmai Sake";"0";"179";"0.75";"238.67";"Sake";"Glass";"15";"1.5911111"
"Vinmonopolet";"5271801";"Joseph Drouhin Chablis RÃ©serve de Vaudon 2018";"Joseph Drouhin Chablis RÃ©serve de Vaudon";"2018";"284";"0.75";"378.67";"White wine";"Glass";"13.5";"2.8049383"
"Vinmonopolet";"5272501";"Terranera Bellotti Rosso";"Terranera Bellotti Rosso";"2018";"235.2";"0.75";"313.6";"RÃ¸dvin";"Glass";"13.5";"2.322963"
"Vinmonopolet";"5273701";"Sol del Mediterraneo";"Sol del Mediterraneo";"0";"124.9";"0.75";"166.53";"White wine";"Glass";"12";"1.3877778"
"Vinmonopolet";"5274501";"Moreau-Naudet Chablis Premier Cru Montmains 2017";"Moreau-Naudet Chablis Premier Cru Montmains";"2017";"349";"0.75";"465.33";"White wine";"Glass";"12.5";"3.7226667"
"Vinmonopolet";"5275701";"Amandi Valdedios Sidra de Asturias Natural 2017";"Amandi Valdedios Sidra de Asturias Natural";"2017";"99.9";"0.75";"133.2";"Cider";"Glass";"6";"2.22"
"Vinmonopolet";"5276001";"Mainegra Extra Brut";"Mainegra Extra Brut";"0";"135";"0.75";"180";"Sparkling wine";"Glass";"12";"1.5"
"Vinmonopolet";"5276601";"Edmeades Zinfandel 2014";"Edmeades Zinfandel";"2014";"274.9";"0.75";"366.53";"RÃ¸dvin";"Glass";"15.5";"2.364731"
"Vinmonopolet";"5277201";"Musella Amarone 2012";"Musella Amarone";"2012";"379.9";"0.75";"506.53";"RÃ¸dvin";"Glass";"15.5";"3.267957"
"Vinmonopolet";"5278101";"Pasqua Prosecco Extra Dry";"Pasqua Prosecco Extra Dry";"0";"159.9";"0.75";"213.2";"Sparkling wine";"Glass";"11";"1.9381818"
"Vinmonopolet";"5280501";"Tavernello Rosato";"Tavernello Rosato";"0";"129.9";"1";"129.9";"RosÃ©vin";"Ãvrig";"11";"1.180909"
"Vinmonopolet";"5280806";"Vespa Barbera 2019";"Vespa Barbera";"2019";"449.9";"3";"149.97";"RÃ¸dvin";"Bag-in-box";"13";"1.1535897"
"Vinmonopolet";"5281201";"Rocca di Montemassi Calasole Vermentino 2018";"Rocca di Montemassi Calasole Vermentino";"2018";"189.9";"0.75";"253.2";"White wine";"Glass";"13";"1.9476923"
"Vinmonopolet";"5281301";"Rocca di Montemassi Le Focaie 2018";"Rocca di Montemassi Le Focaie";"2018";"186.9";"0.75";"249.2";"RÃ¸dvin";"Glass";"13.5";"1.8459258"
"Vinmonopolet";"5281401";"Castello del Poggio Barbera d'Asti 2013";"Castello del Poggio Barbera d'Asti";"2013";"174.9";"0.75";"233.2";"RÃ¸dvin";"Glass";"14.5";"1.6082758"
"Vinmonopolet";"5282201";"Hardys Mill Cellars Shiraz 2018";"Hardys Mill Cellars Shiraz";"2018";"129.6";"0.75";"172.8";"RÃ¸dvin";"Glass";"13";"1.3292308"
"Vinmonopolet";"5282501";"Lenz Moser GrÃ¼ner Veltliner Prestige 2017";"Lenz Moser GrÃ¼ner Veltliner Prestige";"2017";"229.9";"0.75";"306.53";"White wine";"Glass";"12.5";"2.4522667"
"Vinmonopolet";"5284601";"Ca' La Bionda Malavoglia Valpolicella Ripasso Classico Superiore 2017";"Ca' La Bionda Malavoglia Valpolicella Ripasso Classico Superiore";"2017";"234.9";"0.75";"313.2";"RÃ¸dvin";"Glass";"14";"2.2371428"
"Vinmonopolet";"5284901";"Altos R Tempranillo 2017";"Altos R Tempranillo";"2017";"159.9";"0.75";"213.2";"RÃ¸dvin";"Glass";"14.5";"1.4703448"
"Vinmonopolet";"5285001";"Veuve Fourny RosÃ© Les Rougemonts Extra Brut";"Veuve Fourny RosÃ© Les Rougemonts Extra Brut";"0";"465.9";"0.75";"621.2";"Champagne, rosÃ©";"Glass";"12";"5.1766667"
"Vinmonopolet";"5285102";"Etter Mirabelle";"Etter Mirabelle";"0";"398.8";"0.35";"1139.43";"Fruit spirit";"Glass";"41";"2.779094"
"Vinmonopolet";"5285202";"Etter Aprikose";"Etter Aprikose";"0";"398.8";"0.35";"1139.43";"Fruit spirit";"Glass";"42";"2.7129252"
"Vinmonopolet";"5286401";"Glenfarclas Single Malt 21 Years Old";"Glenfarclas Single Malt 21 Years Old";"0";"968";"0.7";"1382.86";"Whisky";"Glass";"43";"3.215947"
"Vinmonopolet";"5286602";"NÃ¸gne Ã Two Captains";"NÃ¸gne Ã Two Captains";"0";"76.9";"0.5";"153.8";"India pale ale";"Glass";"8.5";"1.8094118"
"Vinmonopolet";"5286702";"NÃ¸gne Ã #500";"NÃ¸gne Ã #500";"0";"79.9";"0.5";"159.8";"India pale ale";"Glass";"10";"1.598"
"Vinmonopolet";"5288701";"Ballantine's 17 YO";"Ballantine's 17 YO";"0";"599";"0.7";"855.71";"Whisky";"Glass";"40";"2.1392858"
"Vinmonopolet";"5288801";"San Pedro 1865 Syrah 2017";"San Pedro  Syrah";"2017";"224.9";"0.75";"299.87";"RÃ¸dvin";"Glass";"14.5";"2.0680459"
"Vinmonopolet";"5290601";"Yellow Tail Cabernet Sauvignon 2019";"Yellow Tail Cabernet Sauvignon";"2019";"134.9";"0.75";"179.87";"RÃ¸dvin";"Glass";"13.5";"1.3323456"
"Vinmonopolet";"5291801";"Marius Rouge by Michel Chapoutier 2018";"Marius Rouge by Michel Chapoutier";"2018";"149.9";"0.75";"199.87";"RÃ¸dvin";"Glass";"13.5";"1.4804938"
"Vinmonopolet";"5292101";"Le Fraghe Bardolino 2019";"Le Fraghe Bardolino";"2019";"154.7";"0.75";"206.27";"RÃ¸dvin";"Glass";"12";"1.7188889"
"Vinmonopolet";"5292201";"Franck Massard Humilitat 2013";"Franck Massard Humilitat";"2013";"296.6";"0.75";"395.47";"RÃ¸dvin";"Glass";"15";"2.6364446"
"Vinmonopolet";"5292401";"Rafael Palacios Louro 2018";"Rafael Palacios Louro";"2018";"239.9";"0.75";"319.87";"White wine";"Glass";"14";"2.284762"
"Vinmonopolet";"5293501";"Ch. de Pressac Saint-Emilion Grand Cru 2016";"Ch. de Pressac Saint-Emilion Grand Cru";"2016";"459.9";"0.75";"613.2";"RÃ¸dvin";"Glass";"14.5";"4.2289653"
"Vinmonopolet";"5294001";"Terre del Barolo Le Rondini Dolcetto d'Alba 2018";"Terre del Barolo Le Rondini Dolcetto d'Alba";"2018";"159.9";"0.75";"213.2";"RÃ¸dvin";"Glass";"13";"1.64"
"Vinmonopolet";"5294101";"Terre del Barolo Le Rondini Langhe Nebbiolo 2017";"Terre del Barolo Le Rondini Langhe Nebbiolo";"2017";"169.9";"0.75";"226.53";"RÃ¸dvin";"Glass";"14";"1.6180952"
"Vinmonopolet";"5294201";"Terre del Barolo Le Rondini Barbera d'Alba 2018";"Terre del Barolo Le Rondini Barbera d'Alba";"2018";"157.9";"0.75";"210.53";"RÃ¸dvin";"Glass";"14";"1.5038095"
"Vinmonopolet";"5295501";"Valdemoreda Tinto 2013";"Valdemoreda Tinto";"2013";"109.6";"0.75";"146.13";"RÃ¸dvin";"Glass";"13";"1.1241026"
"Vinmonopolet";"5296101";"Massa Pertichetta Croatina 2011";"Massa Pertichetta Croatina";"2011";"277.2";"0.75";"369.6";"RÃ¸dvin";"Glass";"14.5";"2.5489657"
"Vinmonopolet";"5296201";"Guido Porro Barolo Vigna Lazzairasco 2013";"Guido Porro Barolo Vigna Lazzairasco";"2013";"450";"0.75";"600";"RÃ¸dvin";"Glass";"14.5";"4.137931"
"Vinmonopolet";"5296502";"La Ganghija Mellis 2015";"La Ganghija Mellis";"2015";"275";"0.5";"550";"White wine";"Glass";"13";"4.230769"
"Vinmonopolet";"5296601";"La Ganghija Barbaresco 2016";"La Ganghija Barbaresco";"2016";"381.8";"0.75";"509.07";"RÃ¸dvin";"Glass";"14.5";"3.5108044"
"Vinmonopolet";"5297001";"Allegrini Valpolicella Superiore 2017";"Allegrini Valpolicella Superiore";"2017";"199.9";"0.75";"266.53";"RÃ¸dvin";"Glass";"13.5";"1.9743209"
"Vinmonopolet";"5298901";"Newton Johnson Family Vineyards Pinot Noir 2018";"Newton Johnson Family Vineyards Pinot Noir";"2018";"339.9";"0.75";"453.2";"RÃ¸dvin";"Glass";"13.5";"3.357037"
"Vinmonopolet";"5300401";"Weingut ThÃ¶rle Riesling Feinherb 2018";"Weingut ThÃ¶rle Riesling Feinherb";"2018";"169";"0.75";"225.33";"White wine";"Glass";"12";"1.8777778"
"Vinmonopolet";"5300501";"Giacosa Roero Arneis 2018";"Giacosa Roero Arneis";"2018";"169.9";"0.75";"226.53";"White wine";"Glass";"12.5";"1.8122666"
"Vinmonopolet";"5300502";"Giacosa Roero Arneis 2016";"Giacosa Roero Arneis";"2016";"101.9";"0.38";"271.73";"White wine";"Glass";"12.5";"2.1452632"
"Vinmonopolet";"5300801";"Ca'Vendri Valpolicella Ripasso 2017";"Ca'Vendri Valpolicella Ripasso";"2017";"159.9";"0.75";"213.2";"RÃ¸dvin";"Glass";"13.5";"1.5792592"
"Vinmonopolet";"5301001";"Fourrey Chablis 2018";"Fourrey Chablis";"2018";"249.9";"0.75";"333.2";"White wine";"Glass";"13.5";"2.468148"
"Vinmonopolet";"5301501";"Luis Pato Vinha Barrosa 2015";"Luis Pato Vinha Barrosa";"2015";"329.9";"0.75";"439.87";"RÃ¸dvin";"Glass";"13";"3.3835897"
"Vinmonopolet";"5301601";"ThÃ¶rle Schlossberg Riesling Trocken 2018";"ThÃ¶rle Schlossberg Riesling Trocken";"2018";"359";"0.75";"478.67";"White wine";"Glass";"13";"3.6820512"
"Vinmonopolet";"5301701";"Weing. ThÃ¶rle Saulheimer Kalkstein Riesling Trocken 2016";"Weing. ThÃ¶rle Saulheimer Kalkstein Riesling Trocken";"2016";"254";"0.75";"338.67";"White wine";"Glass";"12.5";"2.7093334"
"Vinmonopolet";"5304305";"Innocenti Rosso di Montepulciano 2014";"Innocenti Rosso di Montepulciano";"2014";"389";"1.5";"259.33";"RÃ¸dvin";"Glass";"13.5";"1.9209876"
"Vinmonopolet";"5304405";"Innocenti Vino Nobile di Montepulciano 2012";"Innocenti Vino Nobile di Montepulciano";"2012";"559";"1.5";"372.67";"RÃ¸dvin";"Glass";"14";"2.6619048"
"Vinmonopolet";"5304501";"Ch. Cantinot 2011";"Ch. Cantinot";"2011";"249";"0.75";"332";"RÃ¸dvin";"Glass";"13";"2.5538461"
"Vinmonopolet";"5304601";"Les Tours de Cantinot 2009";"Les Tours de Cantinot";"2009";"338";"0.75";"450.67";"RÃ¸dvin";"Glass";"14";"3.2190475"
"Vinmonopolet";"5304701";"Sierra de ToloÃ±o 2018";"Sierra de ToloÃ±o";"2018";"199.6";"0.75";"266.13";"RÃ¸dvin";"Glass";"13.5";"1.9713581"
"Vinmonopolet";"5305201";"Arrieta Herrigoia 2017";"Arrieta Herrigoia";"2017";"174.9";"0.75";"233.2";"RÃ¸dvin";"Glass";"14.5";"1.6082758"
"Vinmonopolet";"5307701";"Brocard Petit Chablis 2018";"Brocard Petit Chablis";"2018";"194.9";"0.75";"259.87";"White wine";"Glass";"12.5";"2.0789332"
"Vinmonopolet";"5307801";"The Nature Reserve 2016";"The Nature Reserve";"2016";"129.9";"0.75";"173.2";"RÃ¸dvin";"Glass";"14.5";"1.1944827"
"Vinmonopolet";"5308501";"Argiolas Vermentino 2019";"Argiolas Vermentino";"2019";"178.6";"0.75";"238.13";"White wine";"Glass";"13";"1.831795"
"Vinmonopolet";"5309902";"Willi Opitz Goldackerl Beerenauslese 2007";"Willi Opitz Goldackerl Beerenauslese";"2007";"264.9";"0.38";"706.4";"White wine";"Glass";"14.5";"4.8076224"
"Vinmonopolet";"5310501";"Castello Romitorio Rosso di Montalcino 2016";"Castello Romitorio Rosso di Montalcino";"2016";"249.9";"0.75";"333.2";"RÃ¸dvin";"Glass";"14";"2.3799999"
"Vinmonopolet";"5310601";"Cast. Romitorio Brunello di Montalcino 2013";"Cast. Romitorio Brunello di Montalcino";"2013";"419.9";"0.75";"559.87";"RÃ¸dvin";"Glass";"14";"3.9990475"
"Vinmonopolet";"5312101";"Wongraven Alleanza Langhe Rosso 2018";"Wongraven Alleanza Langhe Rosso";"2018";"164.9";"0.75";"219.87";"RÃ¸dvin";"Glass";"13";"1.691282"
"Vinmonopolet";"5312106";"Wongraven Alleanza Langhe Rosso 2019";"Wongraven Alleanza Langhe Rosso";"2019";"469.9";"3";"156.63";"RÃ¸dvin";"Bag-in-box";"13";"1.2048718"
"Vinmonopolet";"5312701";"Philipp Kuhn Im Grossen Garten Rsl GG";"Philipp Kuhn Im Grossen Garten Rsl GG";"2017";"319.9";"0.75";"426.53";"White wine";"Glass";"13";"3.2810256"
"Vinmonopolet";"5312901";"Philipp Kuhn Riesling Trocken Tradition 2018";"Philipp Kuhn Riesling Trocken Tradition";"2018";"179.9";"0.75";"239.87";"White wine";"Glass";"12";"1.9988889"
"Vinmonopolet";"5314501";"Claudio Cipressi Sette Vigne Tintilia del Molise 2012";"Claudio Cipressi Sette Vigne Tintilia del Molise";"2012";"159.9";"0.75";"213.2";"RÃ¸dvin";"Glass";"14.5";"1.4703448"
"Vinmonopolet";"5314801";"Luxardo Aperitivo Spritz";"Luxardo Aperitivo Spritz";"0";"175";"0.7";"250";"Other spirit";"Glass";"11";"2.2727273"
"Vinmonopolet";"5315501";"Maria Casanovas Gran Reserva Brut Nature 2016";"Maria Casanovas Gran Reserva Brut Nature";"2016";"218.4";"0.75";"291.2";"Sparkling wine";"Glass";"11.5";"2.5321739"
"Vinmonopolet";"5316402";"Luis Pato AM Vinho Branco 2011";"Luis Pato AM Vinho Branco";"2011";"164.9";"0.38";"439.73";"White wine";"Glass";"10";"4.3394737"
"Vinmonopolet";"5316602";"Luis Pato AM Vinho RosÃ© 2013";"Luis Pato AM Vinho RosÃ©";"2013";"164.9";"0.38";"439.73";"RosÃ©vin";"Glass";"9";"4.821637"
"Vinmonopolet";"5317801";"Castello dei Rampolla Chianti Classico 2016";"Castello dei Rampolla Chianti Classico";"2016";"325";"0.75";"433.33";"RÃ¸dvin";"Glass";"14.5";"2.9885058"
"Vinmonopolet";"5318201";"Numanthia Termes Toro 2017";"Numanthia Termes Toro";"2017";"294.9";"0.75";"393.2";"RÃ¸dvin";"Glass";"15";"2.6213334"
"Vinmonopolet";"5318301";"Oddero Barolo Villero 2015";"Oddero Barolo Villero";"2015";"749.9";"0.75";"999.87";"RÃ¸dvin";"Glass";"14.5";"6.8956323"
"Vinmonopolet";"5318401";"Oddero Barolo 2015";"Oddero Barolo";"2015";"499.9";"0.75";"666.53";"RÃ¸dvin";"Glass";"14";"4.7609525"
"Vinmonopolet";"5318701";"Patron CafÃ© XO";"Patron CafÃ© XO";"0";"499.9";"0.7";"714.14";"LikÃ¸r";"Glass";"35";"2.0404081"
"Vinmonopolet";"5318801";"PatrÃ³n Reposado Tequila";"PatrÃ³n Reposado Tequila";"0";"754.9";"0.7";"1078.43";"Fruit spirit";"Glass";"40";"2.6960716"
"Vinmonopolet";"5318901";"PatrÃ³n Anejo Tequila";"PatrÃ³n Anejo Tequila";"0";"784.9";"0.7";"1121.29";"Fruit spirit";"Glass";"40";"2.8032143"
"Vinmonopolet";"5320402";"Markavitt";"Markavitt";"0";"385";"0.5";"770";"Aquavit";"Glass";"40";"1.925"
"Vinmonopolet";"5320702";"Efes Pilsner";"Efes Pilsner";"0";"56.3";"0.5";"112.6";"Light lager";"Glass";"5";"2.2519999"
"Vinmonopolet";"5320902";"Brooklyn Lager";"Brooklyn Lager";"0";"45.9";"0.35";"129.3";"Light lager";"Glass";"5.2";"2.5219781"
"Vinmonopolet";"5321102";"Brooklyn East India Pale Ale";"Brooklyn East India Pale Ale";"0";"49.9";"0.35";"140.56";"India pale ale";"Glass";"6.9";"2.0662527"
"Vinmonopolet";"5321201";"Jeger Aquavit";"Jeger Aquavit";"0";"429.9";"0.7";"614.14";"Aquavit";"Glass";"40";"1.5353571"
"Vinmonopolet";"5321401";"Giribaldi Sfizio Barbera d'Alba Superiore 2016";"Giribaldi Sfizio Barbera d'Alba Superiore";"2016";"149.7";"0.75";"199.6";"RÃ¸dvin";"Glass";"14";"1.4257143"
"Vinmonopolet";"5322402";"M. Chapoutier Banyuls 2017";"M. Chapoutier Banyuls";"2017";"199.9";"0.5";"399.8";"Fortified wine";"Glass";"16.5";"2.4230301"
"Vinmonopolet";"5322801";"Oddero Barbera d'Alba 2016";"Oddero Barbera d'Alba";"2016";"289.9";"0.75";"386.53";"RÃ¸dvin";"Glass";"14.5";"2.6657472"
"Vinmonopolet";"5322901";"Peyre Rose Coteaux du Languedoc Clos Syrah LÃ©one 2002";"Peyre Rose Coteaux du Languedoc Clos Syrah LÃ©one";"2002";"748";"0.75";"997.33";"RÃ¸dvin";"Glass";"14.5";"6.878161"
"Vinmonopolet";"5323701";"Zorita Natural Reserve Syrah 2016";"Zorita Natural Reserve Syrah";"2016";"180";"0.75";"240";"RÃ¸dvin";"Glass";"14";"1.7142857"
"Vinmonopolet";"5324201";"Cattier Clos du Moulin 1er Cru Brut";"Cattier Clos du Moulin 1er Cru Brut";"0";"549";"0.75";"732";"Champagne, brut";"Glass";"12.5";"5.856"
"Vinmonopolet";"5324801";"CÃ¨dre HÃ©ritage 2014";"CÃ¨dre HÃ©ritage";"2014";"164.9";"0.75";"219.87";"RÃ¸dvin";"Glass";"13";"1.691282"
"Vinmonopolet";"5325201";"Giacosa Fratelli Barolo Bussia 2014";"Giacosa Fratelli Barolo Bussia";"2014";"354.9";"0.75";"473.2";"RÃ¸dvin";"Glass";"14.5";"3.2634482"
"Vinmonopolet";"5325202";"Giacosa Fratelli Barolo Bussia 2017";"Giacosa Fratelli Barolo Bussia";"2017";"189.9";"0.38";"506.4";"RÃ¸dvin";"Glass";"14.5";"3.446461"
"Vinmonopolet";"5325207";"Giacosa Fratelli Barolo Bussia 2013";"Giacosa Fratelli Barolo Bussia";"2013";"1339";"3";"446.33";"RÃ¸dvin";"Glass";"14.5";"3.078161"
"Vinmonopolet";"5325701";"Moestue Volnay 2008";"Moestue Volnay";"2008";"344";"0.75";"458.67";"RÃ¸dvin";"Glass";"13";"3.5282052"
"Vinmonopolet";"5326201";"Claudio Cipressi Macchiarossa Tintilia del Molise 2011";"Claudio Cipressi Macchiarossa Tintilia del Molise";"2011";"189.9";"0.75";"253.2";"RÃ¸dvin";"Glass";"14.5";"1.7462069"
"Vinmonopolet";"5328301";"Machrie Moor The Peated Arran Malt";"Machrie Moor The Peated Arran Malt";"0";"800.1";"0.7";"1143";"Whisky";"Glass";"46";"2.4847825"
"Vinmonopolet";"5328901";"Carussin Filari Corti Moscato d' Asti 2016";"Carussin Filari Corti Moscato d' Asti";"2016";"159.9";"0.75";"213.2";"Sparkling white wine";"Glass";"5";"4.264"
"Vinmonopolet";"5329302";"Carussin Grappa di Barbera Asinoi";"Carussin Grappa di Barbera Asinoi";"2009";"469";"0.5";"938";"Grape spirit";"Glass";"42";"2.2333333"
"Vinmonopolet";"5329401";"Montesecondo Il Rospo 2018";"Montesecondo Il Rospo";"2018";"310";"0.75";"413.33";"RÃ¸dvin";"Glass";"14.5";"2.8505747"
"Vinmonopolet";"5329701";"Ine Mankai Sake";"Ine Mankai Sake";"2017";"520";"0.72";"722.22";"Sake";"Glass";"14";"5.15873"
"Vinmonopolet";"5329801";"Mutemuka Sake";"Mutemuka Sake";"0";"369.9";"0.72";"513.75";"Sake";"Glass";"18";"2.8541665"
"Vinmonopolet";"5329901";"Terada Honke Katori 90 Sake";"Terada Honke Katori 90 Sake";"0";"379.9";"0.72";"527.64";"Sake";"Glass";"15";"3.5175924"
"Vinmonopolet";"5334301";"PrÃ  Amarone della Valpolicella 2012";"PrÃ  Amarone della Valpolicella";"2012";"500.2";"0.75";"666.93";"RÃ¸dvin";"Glass";"16.5";"4.0420203"
"Vinmonopolet";"5334401";"Verrocchio Amarone della Valpolicella Classico 2017";"Verrocchio Amarone della Valpolicella Classico";"2017";"289";"0.75";"385.33";"RÃ¸dvin";"Glass";"15";"2.568889"
"Vinmonopolet";"5334402";"Verrocchio Amarone della Valpolicella Classico 2016";"Verrocchio Amarone della Valpolicella Classico";"2016";"173";"0.38";"461.33";"RÃ¸dvin";"Glass";"15";"3.0350878"
"Vinmonopolet";"5335001";"SchÃ¤tzel Niersteiner ReinSchiefer Riesling 2017";"SchÃ¤tzel Niersteiner ReinSchiefer Riesling";"2017";"276.3";"0.75";"368.4";"White wine";"Glass";"11";"3.3490908"
"Vinmonopolet";"5335301";"Manincor RÃ©serve del Conte 2016";"Manincor RÃ©serve del Conte";"2016";"311.4";"0.75";"415.2";"RÃ¸dvin";"Glass";"13.5";"3.0755556"
"Vinmonopolet";"5335401";"Manincor RÃ©serve del Contessa 2017";"Manincor RÃ©serve del Contessa";"2017";"311.5";"0.75";"415.33";"White wine";"Glass";"13";"3.194872"
"Vinmonopolet";"5335501";"Ten. di Biserno Bibbona 2010";"Ten. di Biserno Bibbona";"2010";"698.9";"0.75";"931.87";"RÃ¸dvin";"Glass";"14.5";"6.4266667"
"Vinmonopolet";"5337501";"JuvÃ© y Camps Reserva de la Familia Gran Reserva Brut Nature 2016";"JuvÃ© y Camps Reserva de la Familia Gran Reserva Brut Nature";"2016";"189.9";"0.75";"253.2";"Sparkling wine";"Glass";"12";"2.11"
"Vinmonopolet";"5337902";"Zenato Recioto della Valpolicella Classico 2013";"Zenato Recioto della Valpolicella Classico";"2013";"429.9";"0.5";"859.8";"RÃ¸dvin";"Glass";"13.5";"6.368889"
"Vinmonopolet";"5341201";"Tommaso Bussola Amarone Classico TB 2010";"Tommaso Bussola Amarone Classico TB";"2010";"1139.9";"0.75";"1519.87";"RÃ¸dvin";"Glass";"17";"8.9403925"
"Vinmonopolet";"5343801";"Jacobsen Golden Naked Christmas Ale";"Jacobsen Golden Naked Christmas Ale";"0";"114.5";"0.75";"152.67";"Pale ale";"Glass";"7.5";"2.0355556"
"Vinmonopolet";"5345001";"Eikendal Cabernet Sauvignon 2015";"Eikendal Cabernet Sauvignon";"2015";"309.4";"0.75";"412.53";"RÃ¸dvin";"Glass";"15";"2.7502222"
"Vinmonopolet";"5345101";"Eikendal Janina Chardonnay Unwooded 2013";"Eikendal Janina Chardonnay Unwooded";"2013";"213.4";"0.75";"284.53";"White wine";"Glass";"13";"2.1887178"
"Vinmonopolet";"5345201";"Eikendal CuvÃ©e Blanc 2014";"Eikendal CuvÃ©e Blanc";"2014";"165.6";"0.75";"220.8";"White wine";"Glass";"13";"1.6984617"
"Vinmonopolet";"5346001";"Reveilo Cabernet Sauvignon";"Reveilo Cabernet Sauvignon";"0";"175.5";"0.75";"234";"RÃ¸dvin";"Glass";"14";"1.6714286"
"Vinmonopolet";"5347001";"Dom. des Roches Neuves La Marginale 2013";"Dom. des Roches Neuves La Marginale";"2013";"375";"0.75";"500";"RÃ¸dvin";"Glass";"12.5";"4"
"Vinmonopolet";"5349101";"Dom. des Roches Neuves Terres Chaudes 2014";"Dom. des Roches Neuves Terres Chaudes";"2014";"300";"0.75";"400";"RÃ¸dvin";"Glass";"12.5";"3.2"
"Vinmonopolet";"5349401";"Schwarztrauber Mussbacher Eselshaut Riesling Trocken 2018";"Schwarztrauber Mussbacher Eselshaut Riesling Trocken";"2018";"166.2";"0.75";"221.6";"White wine";"Glass";"12.5";"1.7728"
"Vinmonopolet";"5349501";"Schwarztrauber Gimmeldinger Kapellenberg Edt. Papillon Premium Riesling Trocken 2015";"Schwarztrauber Gimmeldinger Kapellenberg Edt. Papillon Premium Riesling Trocken";"2015";"212.4";"0.75";"283.2";"White wine";"Glass";"13";"2.1784616"
"Vinmonopolet";"5349701";"Bourmault CuvÃ©e R de Rosa Brut RosÃ©";"Bourmault CuvÃ©e R de Rosa Brut RosÃ©";"0";"353.6";"0.75";"471.47";"Champagne, rosÃ©";"Glass";"12";"3.928889"
"Vinmonopolet";"5355502";"Marolo Aquavite di Pere";"Marolo Aquavite di Pere";"0";"934.3";"0.5";"1868.6";"Fruit spirit";"Glass";"40";"4.6714997"
"Vinmonopolet";"5355901";"Marolo Grappa di Barolo 9 YO";"Marolo Grappa di Barolo 9 YO";"0";"1204";"0.7";"1720";"Grape spirit";"Glass";"50";"3.44"
"Vinmonopolet";"5356101";"Marolo Grappa di Barolo 15 YO";"Marolo Grappa di Barolo 15 YO";"0";"1373.5";"0.7";"1962.14";"Grape spirit";"Glass";"50";"3.924286"
"Vinmonopolet";"5356201";"Marolo Grappa di Barolo 12 YO";"Marolo Grappa di Barolo 12 YO";"0";"1281.1";"0.7";"1830.14";"Grape spirit";"Glass";"50";"3.6602857"
"Vinmonopolet";"5361605";"Romano Levi Grappa Barbaresco";"Romano Levi Grappa Barbaresco";"0";"2170.6";"1.5";"1447.07";"Grape spirit";"Glass";"42";"3.445397"
"Vinmonopolet";"5361701";"Romano Levi Grappa Ambrata";"Romano Levi Grappa Ambrata";"0";"1309.2";"0.7";"1870.29";"Grape spirit";"Glass";"50";"3.7405713"
"Vinmonopolet";"5361801";"Romano Levi Grappa Bianca";"Romano Levi Grappa Bianca";"0";"1079.1";"0.7";"1541.57";"Grape spirit";"Glass";"45";"3.4257143"
"Vinmonopolet";"5361805";"Romano Levi Grappa Bianca";"Romano Levi Grappa Bianca";"0";"2214.7";"1.5";"1476.47";"Grape spirit";"Glass";"45";"3.2810369"
"Vinmonopolet";"5361901";"Romano Levi Grappa Camomilla";"Romano Levi Grappa Camomilla";"0";"1018.5";"0.7";"1455";"Grape spirit";"Glass";"40";"3.6375"
"Vinmonopolet";"5362001";"Romano Levi Grappa Barolo";"Romano Levi Grappa Barolo";"0";"1061.1";"0.7";"1515.86";"Grape spirit";"Glass";"42";"3.6091835"
"Vinmonopolet";"5362005";"Romano Levi Grappa Barolo";"Romano Levi Grappa Barolo";"0";"2170.6";"1.5";"1447.07";"Grape spirit";"Glass";"42";"3.445397"
"Vinmonopolet";"5362101";"Romano Levi Grappa Moscato";"Romano Levi Grappa Moscato";"0";"1018.5";"0.7";"1455";"Grape spirit";"Glass";"40";"3.6375"
"Vinmonopolet";"5362105";"Romano Levi Grappa Moscato";"Romano Levi Grappa Moscato";"0";"2141.2";"1.5";"1427.47";"Grape spirit";"Glass";"40";"3.5686667"
"Vinmonopolet";"5363001";"Cardinale Cabernet Sauvignon 2009";"Cardinale Cabernet Sauvignon";"2009";"2703.6";"0.75";"3604.8";"RÃ¸dvin";"Glass";"14.5";"24.860691"
"Vinmonopolet";"5363401";"Mii no Umeshu";"Mii no Umeshu";"2016";"385";"0.72";"534.72";"Sake";"Glass";"10";"5.347222"
"Vinmonopolet";"5368601";"Murphy Goode California Zinfandel 2012";"Murphy Goode California Zinfandel";"2012";"284.1";"0.75";"378.8";"RÃ¸dvin";"Glass";"14.5";"2.612414"
"Vinmonopolet";"5372002";"RÃ¸ros Bryggeri Hovistuten Gyllen Ale";"RÃ¸ros Bryggeri Hovistuten Gyllen Ale";"0";"49.9";"0.33";"151.21";"Light ale";"Glass";"5.6";"2.7002165"
"Vinmonopolet";"5372901";"Savage White";"Savage White";"2018";"329.9";"0.75";"439.87";"White wine";"Glass";"13.5";"3.2582715"
"Vinmonopolet";"5373101";"Savage The girl next door Syrah";"Savage The girl next door Syrah";"2018";"409.9";"0.75";"546.53";"RÃ¸dvin";"Glass";"13.5";"4.048395"
"Vinmonopolet";"5373201";"Terroir Historic Priorat Blanc 2017";"Terroir Historic Priorat Blanc";"2017";"279.9";"0.75";"373.2";"White wine";"Glass";"13";"2.8707693"
"Vinmonopolet";"5373301";"Terroir Historic Priorat Negre 2017";"Terroir Historic Priorat Negre";"2017";"279.9";"0.75";"373.2";"RÃ¸dvin";"Glass";"14.5";"2.573793"
"Vinmonopolet";"5374301";"Ch. Pichon-Longueville Baron 1996";"Ch. Pichon-Longueville Baron";"1996";"2699";"0.75";"3598.67";"RÃ¸dvin";"Glass";"13";"27.68205"
"Vinmonopolet";"5374501";"Petit Mouton de Mouton Rothschild 2012";"Petit Mouton de Mouton Rothschild";"2012";"2795";"0.75";"3726.67";"RÃ¸dvin";"Glass";"13";"28.666666"
"Vinmonopolet";"5374801";"Ch. Montrose 2005";"Ch. Montrose";"2005";"2995";"0.75";"3993.33";"RÃ¸dvin";"Glass";"13";"30.717949"
"Vinmonopolet";"5375001";"Pavillon Rouge du Ch. Margaux 2009";"Pavillon Rouge du Ch. Margaux";"2009";"3149";"0.75";"4198.67";"RÃ¸dvin";"Glass";"13.5";"31.101234"
"Vinmonopolet";"5375701";"Ch. Branaire-Ducru 2009";"Ch. Branaire-Ducru";"2009";"1427";"0.75";"1902.67";"RÃ¸dvin";"Glass";"13.5";"14.093827"
"Vinmonopolet";"5376101";"MÃ¡d Tokaji Furmint 2015";"MÃ¡d Tokaji Furmint";"2015";"199.8";"0.75";"266.4";"White wine";"Glass";"13";"2.0492308"
"Vinmonopolet";"5376401";"Finca Antigua Ciclos 2011";"Finca Antigua Ciclos";"2011";"294.9";"0.75";"393.2";"RÃ¸dvin";"Glass";"14";"2.8085713"
"Vinmonopolet";"5376501";"Kamnik Winemakers' Selection";"Kamnik Winemakers' Selection";"2014";"188.4";"0.75";"251.2";"RÃ¸dvin";"Glass";"14.5";"1.7324138"
"Vinmonopolet";"5376601";"Tikves Vranec Special Selection";"Tikves Vranec Special Selection";"2015";"157.2";"0.75";"209.6";"RÃ¸dvin";"Glass";"14";"1.4971428"
"Vinmonopolet";"5376702";"Varnelli L'Anice Secco";"Varnelli L'Anice Secco";"0";"449";"0.5";"898";"Other spirit";"Glass";"46";"1.952174"
"Vinmonopolet";"5376901";"Merlin Saint Veran Le Grand BussiÃ¨re 2008";"Merlin Saint Veran Le Grand BussiÃ¨re";"2008";"324.8";"0.75";"433.07";"White wine";"Glass";"13.5";"3.207901"
"Vinmonopolet";"5377101";"Merlin Pouilly FuissÃ© 2014";"Merlin Pouilly FuissÃ©";"2014";"336";"0.75";"448";"White wine";"Glass";"13";"3.4461539"
"Vinmonopolet";"5377201";"Loichet Corton-Charlemagne 2012";"Loichet Corton-Charlemagne";"2012";"1095";"0.75";"1460";"White wine";"Glass";"13.5";"10.814815"
"Vinmonopolet";"5377301";"Loichet Corton-Charlemagne 2013";"Loichet Corton-Charlemagne";"2013";"1095.1";"0.75";"1460.13";"White wine";"Glass";"13";"11.231794"
"Vinmonopolet";"5377402";"Amaro Dell'Erborista";"Amaro Dell'Erborista";"0";"380.1";"0.5";"760.2";"LikÃ¸r";"Glass";"21";"3.6200001"
"Vinmonopolet";"5377801";"Duplessis Chablis 1er Cru Mont de Milieu 2017";"Duplessis Chablis 1er Cru Mont de Milieu";"2017";"374.9";"0.75";"499.87";"White wine";"Glass";"13";"3.845128"
"Vinmonopolet";"5378001";"Long-Depaquit Chablis Premier Cru Les Lys 2014";"Long-Depaquit Chablis Premier Cru Les Lys";"2014";"379.9";"0.75";"506.53";"White wine";"Glass";"13";"3.8964102"
"Vinmonopolet";"5378601";"Jaboulet ParallÃ¨le 45 CÃ´tes du RhÃ´ne Blanc 2018";"Jaboulet ParallÃ¨le 45 CÃ´tes du RhÃ´ne Blanc";"2018";"169.9";"0.75";"226.53";"White wine";"Glass";"13.5";"1.6780246"
"Vinmonopolet";"5378701";"Jaboulet Le Chevalier de Sterimberg Hermitage 2015";"Jaboulet Le Chevalier de Sterimberg Hermitage";"2015";"499.9";"0.75";"666.53";"White wine";"Glass";"13.5";"4.937284"
"Vinmonopolet";"5378801";"Vilarnau Brut Nature";"Vilarnau Brut Nature";"0";"149.9";"0.75";"199.87";"Sparkling wine";"Glass";"11.5";"1.737971"
"Vinmonopolet";"5379501";"Becker Landgraf J2 Grauer Burgunder 2018";"Becker Landgraf J2 Grauer Burgunder";"2018";"159.9";"0.75";"213.2";"White wine";"Glass";"12.5";"1.7055999"
"Vinmonopolet";"5380302";"Lustau 3 En Rama Fino De Jerez de La Frontera Spring 2018";"Lustau 3 En Rama Fino De Jerez de La Frontera Spring";"2018";"199.8";"0.5";"399.6";"Sherry";"Glass";"15.5";"2.5780644"
"Vinmonopolet";"5381601";"By Ott 2018";"By Ott";"2018";"229.9";"0.75";"306.53";"RosÃ©vin";"Glass";"13.5";"2.2706172"
"Vinmonopolet";"5384001";"SÃ¸bogaard DjÃ¸n";"SÃ¸bogaard DjÃ¸n";"0";"379";"0.7";"541.43";"Gin";"Glass";"40";"1.3535714"
"Vinmonopolet";"5384308";"Gammel Dansk Bitter Dram (3x3cl)";"Gammel Dansk Bitter Dram (3x3cl)";"0";"99.9";"0.09";"1110";"Bitter	";"Ãvrig";"38";"2.9210525"
"Vinmonopolet";"5385801";"Bod. Hispano-Suizas Quod Superius 2012";"Bod. Hispano-Suizas Quod Superius";"2012";"564.9";"0.75";"753.2";"RÃ¸dvin";"Glass";"13.5";"5.5792594"
"Vinmonopolet";"5386001";"Bod. Hispano-Suizas Tantum Ergo Chardonnay Pinot Noir 2015";"Bod. Hispano-Suizas Tantum Ergo Chardonnay Pinot Noir";"2015";"389.9";"0.75";"519.87";"Sparkling wine";"Glass";"12";"4.332222"
"Vinmonopolet";"5386101";"Bod. Hispano-Suizas Impromptu RosÃ© 2015";"Bod. Hispano-Suizas Impromptu RosÃ©";"2015";"329.9";"0.75";"439.87";"RosÃ©vin";"Glass";"13.5";"3.2582715"
"Vinmonopolet";"5386201";"Bod. Murviedro Cepas Viejas Bobal 2015";"Bod. Murviedro Cepas Viejas Bobal";"2015";"234.9";"0.75";"313.2";"RÃ¸dvin";"Glass";"13";"2.4092307"
"Vinmonopolet";"5386601";"Traversa Dolcetto d`Alba 2015";"Traversa Dolcetto d`Alba";"2015";"188.8";"0.75";"251.73";"RÃ¸dvin";"Glass";"12.5";"2.0138667"
"Vinmonopolet";"5387401";"Ziereisen Blauer SpÃ¤tburgunder 2014";"Ziereisen Blauer SpÃ¤tburgunder";"2014";"189.9";"0.75";"253.2";"RÃ¸dvin";"Glass";"12";"2.11"
"Vinmonopolet";"5387601";"Ziereisen Viviser 2015";"Ziereisen Viviser";"2015";"169.9";"0.75";"226.53";"White wine";"Glass";"12";"1.8877777"
"Vinmonopolet";"5388201";"Perlage Canah Conegliano Valdobbiadene Prosecco Superiore Brut";"Perlage Canah Conegliano Valdobbiadene Prosecco Superiore Brut";"0";"179";"0.75";"238.67";"Sparkling wine";"Glass";"11.5";"2.0753622"
"Vinmonopolet";"5388301";"Pardas Sus Scrofa 2018";"Pardas Sus Scrofa";"2018";"199.9";"0.75";"266.53";"RÃ¸dvin";"Glass";"11.5";"2.317681"
"Vinmonopolet";"5388601";"Dr. L Riesling Sparkling";"Dr. L Riesling Sparkling";"2016";"159.9";"0.75";"213.2";"Sparkling wine";"Glass";"12";"1.7766666"
"Vinmonopolet";"5388801";"Perlage Pinot Grigio 2016";"Perlage Pinot Grigio";"2016";"149";"0.75";"198.67";"White wine";"Glass";"12";"1.6555556"
"Vinmonopolet";"5388901";"Amaro di Angostura";"Amaro di Angostura";"0";"429.9";"0.7";"614.14";"LikÃ¸r";"Glass";"35";"1.7546939"
"Vinmonopolet";"5389001";"Francois Crochet Sancerre Rouge 2017";"Francois Crochet Sancerre Rouge";"2017";"354";"0.75";"472";"RÃ¸dvin";"Glass";"13";"3.6307693"
"Vinmonopolet";"5389701";"Casa d'Ambra Ischia Bianco 2017";"Casa d'Ambra Ischia Bianco";"2017";"199";"0.75";"265.33";"White wine";"Glass";"12.5";"2.1226666"
"Vinmonopolet";"5389901";"Me Gusta Carmenere 2019";"Me Gusta Carmenere";"2019";"119.9";"0.75";"159.87";"RÃ¸dvin";"Plast";"12.5";"1.2789334"
"Vinmonopolet";"5390002";"CaffÃ¨ Moka";"CaffÃ¨ Moka";"0";"369.7";"0.5";"739.4";"LikÃ¸r";"Glass";"30";"2.4646668"
"Vinmonopolet";"5390201";"Gianni Tessari Durello Brut";"Gianni Tessari Durello Brut";"0";"169.9";"0.75";"226.53";"Sparkling wine";"Glass";"12";"1.8877777"
"Vinmonopolet";"5390301";"Gianni Tessari Soave 2018";"Gianni Tessari Soave";"2018";"159.9";"0.75";"213.2";"White wine";"Glass";"12";"1.7766666"
"Vinmonopolet";"5390401";"Gianni Tessari Monte Tenda Soave Classico 2018";"Gianni Tessari Monte Tenda Soave Classico";"2018";"179.9";"0.75";"239.87";"White wine";"Glass";"12";"1.9988889"
"Vinmonopolet";"5390501";"Gianni Tessari Due Veneto Rosso 2017";"Gianni Tessari Due Veneto Rosso";"2017";"169.9";"0.75";"226.53";"RÃ¸dvin";"Glass";"13";"1.7425641"
"Vinmonopolet";"5390901";"Corbon Ã Avize Grand Cru MillÃ©sime Brut 2004";"Corbon Ã Avize Grand Cru MillÃ©sime Brut";"2004";"699.4";"0.75";"932.53";"Champagne, brut";"Glass";"12";"7.7711115"
"Vinmonopolet";"5391702";"Flyvende Hollender Norsk Sjenever";"Flyvende Hollender Norsk Sjenever";"0";"503.6";"0.5";"1007.2";"Other spirit";"Glass";"45";"2.2382224"
"Vinmonopolet";"5391802";"RÃ¸dtopp Norsk bringebÃ¦rbrennevin";"RÃ¸dtopp Norsk bringebÃ¦rbrennevin";"0";"414.9";"0.5";"829.8";"Other spirit";"Glass";"40";"2.0745"
"Vinmonopolet";"5391902";"InderÃ¸y Brenneri TrÃ¸ndersk Taffel Aquavit";"InderÃ¸y Brenneri TrÃ¸ndersk Taffel Aquavit";"0";"409.7";"0.5";"819.4";"Aquavit";"Glass";"40";"2.0485"
"Vinmonopolet";"5392102";"NÃ¸kk Sjenever";"NÃ¸kk Sjenever";"0";"509.9";"0.5";"1019.8";"Other spirit";"Glass";"45";"2.2662222"
"Vinmonopolet";"5392202";"Dark Passion";"Dark Passion";"0";"375";"0.5";"750";"LikÃ¸r";"Glass";"17";"4.4117646"
"Vinmonopolet";"5392401";"Emrich SchÃ¶nleber Monzinger FrÃ¼lingsplÃ¤tzchen Riesling Trocken 2012";"Emrich SchÃ¶nleber Monzinger FrÃ¼lingsplÃ¤tzchen Riesling Trocken";"2012";"299.9";"0.75";"399.87";"White wine";"Glass";"12.5";"3.1989334"
"Vinmonopolet";"5392501";"Punch Fantasia";"Punch Fantasia";"0";"462.1";"0.7";"660.14";"Other spirit";"Glass";"35";"1.8861225"
"Vinmonopolet";"5392701";"Vigna 800 Garganega 2016";"Vigna 800 Garganega";"2016";"149";"0.75";"198.67";"White wine";"Glass";"12.5";"1.5893333"
"Vinmonopolet";"5392801";"Valdo Jungel RosÃ©";"Valdo Jungel RosÃ©";"0";"139";"0.75";"185.33";"Musserende vin, rosÃ©";"Glass";"11.5";"1.6115942"
"Vinmonopolet";"5392901";"Finca Valpiedra Reserva 2009";"Finca Valpiedra Reserva";"2009";"315.3";"0.75";"420.4";"RÃ¸dvin";"Glass";"14";"3.002857"
"Vinmonopolet";"5393701";"Gerovassiliou Malagousia Single Vineyard 2019";"Gerovassiliou Malagousia Single Vineyard";"2019";"250";"0.75";"333.33";"White wine";"Glass";"13.5";"2.4691358"
"Vinmonopolet";"5394501";"Cune Cava Brut";"Cune Cava Brut";"0";"164.9";"0.75";"219.87";"Sparkling wine";"Glass";"11.5";"1.911884"
"Vinmonopolet";"5394701";"Contino Rosado 2016";"Contino Rosado";"2016";"329.9";"0.75";"439.87";"RosÃ©vin";"Glass";"14";"3.1419046"
"Vinmonopolet";"5396102";"LovlÃ¸s Cider";"LovlÃ¸s Cider";"0";"79.9";"0.5";"159.8";"Cider";"Glass";"6";"2.6633334"
"Vinmonopolet";"5397705";"Ch. Miraval 2018";"Ch. Miraval";"2018";"465";"1.5";"310";"RosÃ©vin";"Glass";"13";"2.3846154"
"Vinmonopolet";"5397802";"Isastegi Sidra natural 2016";"Isastegi Sidra natural";"2016";"69";"0.38";"184";"Cider";"Glass";"6";"3.026316"
"Vinmonopolet";"5398001";"Clarendelle Blanc 2018";"Clarendelle Blanc";"2018";"229";"0.75";"305.33";"White wine";"Glass";"12.5";"2.4426668"
"Vinmonopolet";"5398101";"Padre Azul Super Premium Tequila Blanco";"Padre Azul Super Premium Tequila Blanco";"0";"749";"0.7";"1070";"Fruit spirit";"Glass";"38";"2.8157895"
"Vinmonopolet";"5398201";"Padre Azul Super Premium Tequila Reposado";"Padre Azul Super Premium Tequila Reposado";"0";"800.4";"0.7";"1143.43";"Fruit spirit";"Glass";"38";"3.0090227"
"Vinmonopolet";"5398301";"Padre Azul Super Premium Tequila AÃ±ejo";"Padre Azul Super Premium Tequila AÃ±ejo";"0";"954";"0.7";"1362.86";"Fruit spirit";"Glass";"38";"3.5864663"
"Vinmonopolet";"5398501";"Molettieri Vigna Cinque Querce Riserva 2010";"Molettieri Vigna Cinque Querce Riserva";"2010";"409.6";"0.75";"546.13";"RÃ¸dvin";"Glass";"14.5";"3.7664368"
"Vinmonopolet";"5398702";"Elephant Gin";"Elephant Gin";"0";"524.9";"0.5";"1049.8";"Gin";"Glass";"45";"2.332889"
"Vinmonopolet";"5398801";"Le Plan des Moines La Borde Cotes du Rhone 2017";"Le Plan des Moines La Borde Cotes du Rhone";"2017";"174.9";"0.75";"233.2";"RÃ¸dvin";"Glass";"13.5";"1.7274073"
"Vinmonopolet";"5398901";"Le Plan des Moines La Cape Vacqueyras 2015";"Le Plan des Moines La Cape Vacqueyras";"2015";"259.9";"0.75";"346.53";"RÃ¸dvin";"Glass";"14.5";"2.389885"
"Vinmonopolet";"5399601";"Limoncello di Capri";"Limoncello di Capri";"0";"379.9";"0.7";"542.71";"LikÃ¸r";"Glass";"32";"1.6959821"
"Vinmonopolet";"5400601";"Ch. Musar Aana 2016";"Ch. Musar Aana";"2016";"279.9";"0.75";"373.2";"RÃ¸dvin";"Glass";"14";"2.6657143"
"Vinmonopolet";"5400605";"Ch. Musar Aana 2014";"Ch. Musar Aana";"2014";"569.9";"1.5";"379.93";"RÃ¸dvin";"Glass";"14";"2.7138097"
"Vinmonopolet";"5400801";"Tommasi Casisano Rosso di Montalcino 2016";"Tommasi Casisano Rosso di Montalcino";"2016";"229.9";"0.75";"306.53";"RÃ¸dvin";"Glass";"13";"2.3579485"
"Vinmonopolet";"5400901";"Tommasi Casisano Brunello di Montalcino 2015";"Tommasi Casisano Brunello di Montalcino";"2015";"479.9";"0.75";"639.87";"RÃ¸dvin";"Glass";"14";"4.570476"
"Vinmonopolet";"5401501";"Dom. de Pajot Bas Armagnac 1990";"Dom. de Pajot Bas Armagnac";"1990";"1457.1";"0.7";"2081.57";"Grape spirit";"Glass";"43";"4.8408637"
"Vinmonopolet";"5402301";"Dom. de Pajot Bas Armagnac 1992";"Dom. de Pajot Bas Armagnac";"1992";"1120";"0.7";"1600";"Grape spirit";"Glass";"43";"3.7209303"
"Vinmonopolet";"5405001";"Dom. Hatzimichalis Malagousia Oaked 2018";"Dom. Hatzimichalis Malagousia Oaked";"2018";"167";"0.75";"222.67";"White wine";"Glass";"14";"1.5904762"
"Vinmonopolet";"5405101";"Bruno Giacosa Barbaresco Asili Riserva 2011";"Bruno Giacosa Barbaresco Asili Riserva";"2011";"2339.2";"0.75";"3118.93";"RÃ¸dvin";"Glass";"14.5";"21.509884"
"Vinmonopolet";"5405602";"Mauro Sebaste Grappa di Arneis";"Mauro Sebaste Grappa di Arneis";"0";"880.2";"0.5";"1760.4";"Grape spirit";"Glass";"40";"4.401"
"Vinmonopolet";"5406101";"Colosia Amerigo Vespucci Solera Reserva";"Colosia Amerigo Vespucci Solera Reserva";"0";"555";"0.7";"792.86";"Grape spirit";"Glass";"38";"2.0864663"
"Vinmonopolet";"5406401";"Le Rive Pinot Grigio 2019";"Le Rive Pinot Grigio";"2019";"169.8";"0.75";"226.4";"White wine";"Glass";"12.5";"1.8112"
"Vinmonopolet";"5406701";"Amore Assoluto 2017";"Amore Assoluto";"2017";"159";"0.75";"212";"RÃ¸dvin";"Glass";"13.5";"1.5703703"
"Vinmonopolet";"5406801";"Le Plan des Moines Les SilÃ¨nes Cotes du Rhone Blanc 2017";"Le Plan des Moines Les SilÃ¨nes Cotes du Rhone Blanc";"2017";"174.9";"0.75";"233.2";"White wine";"Glass";"14";"1.6657143"
"Vinmonopolet";"5407501";"Rutte Old Simon Genever";"Rutte Old Simon Genever";"0";"629.9";"0.7";"899.86";"Genever";"Glass";"35";"2.5710206"
"Vinmonopolet";"5407601";"Rutte Celery Gin";"Rutte Celery Gin";"0";"629.9";"0.7";"899.86";"Gin";"Glass";"43";"2.0926912"
"Vinmonopolet";"5407701";"Rutte Dry Gin";"Rutte Dry Gin";"0";"639.9";"0.7";"914.14";"Gin";"Glass";"43";"2.1259136"
"Vinmonopolet";"5407801";"Lornano Chianti Classico Gran Selezione 2011";"Lornano Chianti Classico Gran Selezione";"2011";"359.9";"0.75";"479.87";"RÃ¸dvin";"Glass";"14.5";"3.309425"
"Vinmonopolet";"5407901";"Lornano Chianti Colli Senesi 2017";"Lornano Chianti Colli Senesi";"2017";"189.9";"0.75";"253.2";"RÃ¸dvin";"Glass";"13.5";"1.8755555"
"Vinmonopolet";"5408001";"Lornano Chianti Classico 2016";"Lornano Chianti Classico";"2016";"219.9";"0.75";"293.2";"RÃ¸dvin";"Glass";"14";"2.0942857"
"Vinmonopolet";"5408202";"Birrificio Il Mastio Drum Barrel";"Birrificio Il Mastio Drum Barrel";"0";"60.8";"0.33";"184.24";"Red/amber";"Glass";"8";"2.3030303"
"Vinmonopolet";"5408501";"Weing. Frank Zweigelt Kalk & Loess 2017";"Weing. Frank Zweigelt Kalk & Loess";"2017";"139.9";"0.75";"186.53";"RÃ¸dvin";"Glass";"12.5";"1.4922667"
"Vinmonopolet";"5409201";"Leclerc Briant RosÃ© Brut";"Leclerc Briant RosÃ© Brut";"0";"529.9";"0.75";"706.53";"Champagne, rosÃ©";"Glass";"12";"5.8877783"
"Vinmonopolet";"5409301";"Leclerc Briant Brut RÃ©serve";"Leclerc Briant Brut RÃ©serve";"0";"479.9";"0.75";"639.87";"Champagne, brut";"Glass";"12";"5.332222"
"Vinmonopolet";"5413601";"HÃ¶pler GrÃ¼ner Veltliner 2018";"HÃ¶pler GrÃ¼ner Veltliner";"2018";"169.9";"0.75";"226.53";"White wine";"Glass";"13";"1.7425641"
"Vinmonopolet";"5413701";"HÃ¶pler Leithaberg BlaufrÃ¤nkisch 2015";"HÃ¶pler Leithaberg BlaufrÃ¤nkisch";"2015";"249.9";"0.75";"333.2";"RÃ¸dvin";"Glass";"13.5";"2.468148"
"Vinmonopolet";"5413801";"Seifried Old Coach Road Nelson Unoaked Chardonnay 2017";"Seifried Old Coach Road Nelson Unoaked Chardonnay";"2017";"179.9";"0.75";"239.87";"White wine";"Glass";"13.5";"1.77679"
"Vinmonopolet";"5415302";"Frederiksdal LikÃ¸r af KirsebÃ¦r";"Frederiksdal LikÃ¸r af KirsebÃ¦r";"0";"286.9";"0.5";"573.8";"LikÃ¸r";"Glass";"17";"3.375294"
"Vinmonopolet";"5415501";"Taylor's Vintage Port 2000";"Taylor's Vintage Port";"2000";"1000";"0.75";"1333.33";"Port wine";"Glass";"20.5";"6.504065"
"Vinmonopolet";"5417801";"Mas Asturias Massuria Bierzo 2009";"Mas Asturias Massuria Bierzo";"2009";"355";"0.75";"473.33";"RÃ¸dvin";"Glass";"14";"3.3809524"
"Vinmonopolet";"5418301";"Quinta do Infantado Vintage 1982";"Quinta do Infantado Vintage";"1982";"1515.7";"0.75";"2020.93";"Port wine";"Glass";"19.5";"10.36376"
"Vinmonopolet";"5419601";"Tommasi Perla Appassionato Brut";"Tommasi Perla Appassionato Brut";"0";"159.9";"0.75";"213.2";"Sparkling wine";"Glass";"11.5";"1.853913"
"Vinmonopolet";"5419701";"Pink Pepper Gin";"Pink Pepper Gin";"0";"750";"0.7";"1071.43";"Gin";"Glass";"44";"2.435065"
"Vinmonopolet";"5422201";"Campogiovanni Rosso di Montalcino 2014";"Campogiovanni Rosso di Montalcino";"2014";"295";"0.75";"393.33";"RÃ¸dvin";"Glass";"13";"3.025641"
"Vinmonopolet";"5422305";"Campogiovanni Brunello di Montalcino 2013";"Campogiovanni Brunello di Montalcino";"2013";"895.8";"1.5";"597.2";"RÃ¸dvin";"Glass";"14.5";"4.1186204"
"Vinmonopolet";"5422401";"San Felice Chianti Classico 2016";"San Felice Chianti Classico";"2016";"265";"0.75";"353.33";"RÃ¸dvin";"Glass";"13";"2.7179487"
"Vinmonopolet";"5422501";"San Felice Il Grigio Chianti Classico Riserva 2012";"San Felice Il Grigio Chianti Classico Riserva";"2012";"295";"0.75";"393.33";"RÃ¸dvin";"Glass";"13";"3.025641"
"Vinmonopolet";"5422601";"San Felice Poggio Rosso Chianti Classico Gran Selezione 2011";"San Felice Poggio Rosso Chianti Classico Gran Selezione";"2011";"535";"0.75";"713.33";"RÃ¸dvin";"Glass";"14.5";"4.9195404"
"Vinmonopolet";"5422605";"San Felice Poggio Rosso Chianti Classico Gran Selezione 2011";"San Felice Poggio Rosso Chianti Classico Gran Selezione";"2011";"1055";"1.5";"703.33";"RÃ¸dvin";"Glass";"14.5";"4.8505745"
"Vinmonopolet";"5422701";"San Felice Il Grigio Chianti Classico Gran Selezione 2014";"San Felice Il Grigio Chianti Classico Gran Selezione";"2014";"435";"0.75";"580";"RÃ¸dvin";"Glass";"13.5";"4.296296"
"Vinmonopolet";"5423001";"San Felice Vigorello 2011";"San Felice Vigorello";"2011";"455.1";"0.75";"606.8";"RÃ¸dvin";"Glass";"14.5";"4.184828"
"Vinmonopolet";"5423005";"San Felice Vigorello 2011";"San Felice Vigorello";"2011";"915.8";"1.5";"610.53";"RÃ¸dvin";"Glass";"14.5";"4.2105746"
"Vinmonopolet";"5423201";"Art & Wine Austrian Merlot 2015";"Art & Wine Austrian Merlot";"2015";"209.9";"0.75";"279.87";"RÃ¸dvin";"Glass";"13.5";"2.0730863"
"Vinmonopolet";"5423401";"KarthaÃ¼serhof Riesling Trocken 2018";"KarthaÃ¼serhof Riesling Trocken";"2018";"229.9";"0.75";"306.53";"White wine";"Glass";"11.5";"2.665507"
"Vinmonopolet";"5423601";"Simonsig CuvÃ©e Royale Blanc de Blancs MÃ©thode Cap Classique 2012";"Simonsig CuvÃ©e Royale Blanc de Blancs MÃ©thode Cap Classique";"2012";"229.9";"0.75";"306.53";"Sparkling wine";"Glass";"12.5";"2.4522667"
"Vinmonopolet";"5423701";"Graham Beck Blanc de Blancs 2013";"Graham Beck Blanc de Blancs";"2013";"239";"0.75";"318.67";"Sparkling wine";"Glass";"12.5";"2.5493333"
"Vinmonopolet";"5423901";"Dictador Solera Rom 12 YO";"Dictador Solera Rom 12 YO";"0";"545";"0.7";"778.57";"Rum";"Glass";"40";"1.9464287"
"Vinmonopolet";"5426302";"Ãkre Gard Edel Eplesider";"Ãkre Gard Edel Eplesider";"0";"73.7";"0.33";"223.33";"Cider";"Glass";"6.5";"3.435897"
"Vinmonopolet";"5426507";"Ch. Mercier CuvÃ©e Prestige 2016";"Ch. Mercier CuvÃ©e Prestige";"2016";"2700";"6";"450";"RÃ¸dvin";"Glass";"14";"3.2142856"
"Vinmonopolet";"5426601";"Calem Colheita 2000";"Calem Colheita";"2000";"479.9";"0.75";"639.87";"Port wine";"Glass";"20";"3.1993332"
"Vinmonopolet";"5427001";"Sandara Sparkling Sangria";"Sandara Sparkling Sangria";"0";"129.9";"0.75";"173.2";"Flavoured wine	";"Glass";"8";"2.165"
"Vinmonopolet";"5427101";"Sandara Sparkling Wine Mojito";"Sandara Sparkling Wine Mojito";"0";"129.9";"0.75";"173.2";"Flavoured wine	";"Glass";"8";"2.165"
"Vinmonopolet";"5427201";"Hoya de Cadenas 130 Anniversary Blanco 2015";"Hoya de Cadenas 130 Anniversary Blanco";"2015";"99.7";"0.75";"132.93";"White wine";"Glass";"12";"1.1077777"
"Vinmonopolet";"5427401";"Flor de CaÃ±a Centenario 18 YO";"Flor de CaÃ±a Centenario 18 YO";"0";"899.9";"0.7";"1285.57";"Rum";"Glass";"40";"3.2139287"
"Vinmonopolet";"5427501";"Flor de CaÃ±a Gran Reserva 7 YO";"Flor de CaÃ±a Gran Reserva 7 YO";"0";"550";"0.7";"785.71";"Rum";"Glass";"40";"1.9642857"
"Vinmonopolet";"5430102";"E. C. Dahls Bolt IPA";"E. C. Dahls Bolt IPA";"0";"44.9";"0.33";"136.06";"India pale ale";"Glass";"6.9";"1.9718928"
"Vinmonopolet";"5431202";"Uncouth Vermouth Beet Eucalyptus 2016";"Uncouth Vermouth Beet Eucalyptus";"2016";"445";"0.5";"890";"Vermouth";"Glass";"17";"5.2352943"
"Vinmonopolet";"5432601";"Ambroise Bourgogne 2014";"Ambroise Bourgogne";"2014";"248.9";"0.75";"331.87";"RÃ¸dvin";"Glass";"13";"2.5528204"
"Vinmonopolet";"5432701";"Ambroise CÃ´te de Nuits Villages 2014";"Ambroise CÃ´te de Nuits Villages";"2014";"319";"0.75";"425.33";"RÃ¸dvin";"Glass";"13";"3.2717948"
"Vinmonopolet";"5432801";"Ambroise Nuits-Saint-Georges 2014";"Ambroise Nuits-Saint-Georges";"2014";"468.9";"0.75";"625.2";"RÃ¸dvin";"Glass";"13";"4.809231"
"Vinmonopolet";"5433301";"Ambroise Beaune 1er Cru Les Tuvilains 2014";"Ambroise Beaune 1er Cru Les Tuvilains";"2014";"398.9";"0.75";"531.87";"RÃ¸dvin";"Glass";"13.5";"3.939753"
"Vinmonopolet";"5433401";"Ambroise Nuits-Saint-Georges Les Hauts Pruliers 2014";"Ambroise Nuits-Saint-Georges Les Hauts Pruliers";"2014";"469.8";"0.75";"626.4";"RÃ¸dvin";"Glass";"13";"4.8184614"
"Vinmonopolet";"5434201";"Ch. Guiraud 1er Cru Sauternes 2003";"Ch. Guiraud 1er Cru Sauternes";"2003";"875";"0.75";"1166.67";"White wine";"Glass";"13.5";"8.641975"
"Vinmonopolet";"5434502";"Ch. Guiraud 1996";"Ch. Guiraud";"1996";"645";"0.38";"1720";"White wine";"Glass";"13.5";"12.573099"
"Vinmonopolet";"5434602";"Ch. Guiraud Sauternes 1998";"Ch. Guiraud Sauternes";"1998";"645";"0.38";"1720";"White wine";"Glass";"14";"12.124061"
"Vinmonopolet";"5436201";"Benito Ferrara Taurasi Vigna Quattro Confini 2015";"Benito Ferrara Taurasi Vigna Quattro Confini";"2015";"399.2";"0.75";"532.27";"RÃ¸dvin";"Glass";"13.5";"3.9427161"
"Vinmonopolet";"5436301";"Bersano San Pietro Realto RuchÃ¨ di Castagnole Monferrato 2017";"Bersano San Pietro Realto RuchÃ¨ di Castagnole Monferrato";"2017";"234";"0.75";"312";"RÃ¸dvin";"Glass";"15";"2.08"
"Vinmonopolet";"5436401";"Perusini Merlot Black Label 2015";"Perusini Merlot Black Label";"2015";"205.7";"0.75";"274.27";"RÃ¸dvin";"Glass";"13.5";"2.031605"
"Vinmonopolet";"5436901";"Ten. San Guido Guidalberto 2014";"Ten. San Guido Guidalberto";"2014";"499";"0.75";"665.33";"RÃ¸dvin";"Glass";"12.5";"5.3226666"
"Vinmonopolet";"5437901";"Badia a Coltibuono Montebello 2011";"Badia a Coltibuono Montebello";"2011";"549.9";"0.75";"733.2";"RÃ¸dvin";"Glass";"15";"4.888"
"Vinmonopolet";"5438501";"Lafarge Volnay 2016";"Lafarge Volnay";"2016";"509.8";"0.75";"679.73";"RÃ¸dvin";"Glass";"13";"5.228718"
"Vinmonopolet";"5438601";"Lafarge Raisins DorÃ©s Bourgogne AligotÃ© 2016";"Lafarge Raisins DorÃ©s Bourgogne AligotÃ©";"2016";"259.8";"0.75";"346.4";"White wine";"Glass";"12.5";"2.7712"
"Vinmonopolet";"5438901";"Lafarge Meursault 2016";"Lafarge Meursault";"2016";"474.8";"0.75";"633.07";"White wine";"Glass";"13";"4.8697433"
"Vinmonopolet";"5439101";"Lafarge L'Exception Bourgogne Passetoutgrain 2016";"Lafarge L'Exception Bourgogne Passetoutgrain";"2016";"259.8";"0.75";"346.4";"RÃ¸dvin";"Glass";"12.5";"2.7712"
"Vinmonopolet";"5439201";"Lafarge Bourgogne Pinot Noir 2016";"Lafarge Bourgogne Pinot Noir";"2016";"309.8";"0.75";"413.07";"RÃ¸dvin";"Glass";"12.5";"3.3045332"
"Vinmonopolet";"5439401";"Lafarge Beaune 1er Cru Clos des Aigrots Rouge 2016";"Lafarge Beaune 1er Cru Clos des Aigrots Rouge";"2016";"659.8";"0.75";"879.73";"RÃ¸dvin";"Glass";"13";"6.7671795"
"Vinmonopolet";"5439501";"Tissot Macvin Rouge Pinot Noir";"Tissot Macvin Rouge Pinot Noir";"2014";"479.9";"0.75";"639.87";"Fortified wine";"Glass";"17";"3.7639215"
"Vinmonopolet";"5439602";"Straffe Hendrik Wild 2015";"Straffe Hendrik Wild";"2015";"56.9";"0.33";"172.42";"Light ale";"Glass";"9";"1.9158249"
"Vinmonopolet";"5439801";"Dictador Treasure Aged Gin";"Dictador Treasure Aged Gin";"0";"549.9";"0.7";"785.57";"Gin";"Glass";"43";"1.8269104"
"Vinmonopolet";"5440001";"Jurassic Park Chenin Blanc 2015";"Jurassic Park Chenin Blanc";"2015";"199.9";"0.75";"266.53";"White wine";"Glass";"12.1";"2.2027547"
"Vinmonopolet";"5440101";"Cline Ancient Vines Zinfandel 2018";"Cline Ancient Vines Zinfandel";"2018";"175";"0.75";"233.33";"RÃ¸dvin";"Glass";"15";"1.5555556"
"Vinmonopolet";"5442701";"GÃ¡l Tibor Titi Egri BikavÃ©r 2015";"GÃ¡l Tibor Titi Egri BikavÃ©r";"2015";"169.9";"0.75";"226.53";"RÃ¸dvin";"Glass";"13";"1.7425641"
"Vinmonopolet";"5442801";"Ch. Canon La Gaffeliere 2013";"Ch. Canon La Gaffeliere";"2013";"987";"0.75";"1316";"RÃ¸dvin";"Glass";"14";"9.4"
"Vinmonopolet";"5443101";"Ch. Beychevelle 2013";"Ch. Beychevelle";"2013";"1235";"0.75";"1646.67";"RÃ¸dvin";"Glass";"13";"12.666667"
"Vinmonopolet";"5443301";"Ch. Gloria 2012";"Ch. Gloria";"2012";"1069";"0.75";"1425.33";"RÃ¸dvin";"Glass";"13.5";"10.558024"
"Vinmonopolet";"5443601";"Ch. Du Tertre 2013";"Ch. Du Tertre";"2013";"759";"0.75";"1012";"RÃ¸dvin";"Glass";"13";"7.7846155"
"Vinmonopolet";"5443701";"Ch. dÂ´Agassac 2012";"Ch. dÂ´Agassac";"2012";"359";"0.75";"478.67";"RÃ¸dvin";"Glass";"13";"3.6820512"
"Vinmonopolet";"5443901";"Ch. Fleur Cardinale 2013";"Ch. Fleur Cardinale";"2013";"599";"0.75";"798.67";"RÃ¸dvin";"Glass";"13";"6.14359"
"Vinmonopolet";"5444101";"Ch. PÃ©desclaux 2013";"Ch. PÃ©desclaux";"2013";"678.9";"0.75";"905.2";"RÃ¸dvin";"Glass";"13";"6.963077"
"Vinmonopolet";"5444402";"Ãgir Heimdall Gin";"Ãgir Heimdall Gin";"0";"414.9";"0.5";"829.8";"Gin";"Glass";"46";"1.803913"
"Vinmonopolet";"5444602";"Ãgir Natt Imperial Porter";"Ãgir Natt Imperial Porter";"0";"80.9";"0.33";"245.15";"Porter and stout";"Glass";"10";"2.4515152"
"Vinmonopolet";"5444702";"Ãgir Tors Hammar Barleywine";"Ãgir Tors Hammar Barleywine";"0";"79.9";"0.33";"242.12";"Barley wine	";"Glass";"13.2";"1.8342516"
"Vinmonopolet";"5445201";"Le Bordeaux de Citran 2015";"Le Bordeaux de Citran";"2015";"190.3";"0.75";"253.73";"RÃ¸dvin";"Glass";"13";"1.9517949"
"Vinmonopolet";"5445301";"Louis Pascal Signature CÃ´tes du RhÃ´ne 2015";"Louis Pascal Signature CÃ´tes du RhÃ´ne";"2015";"169.9";"0.75";"226.53";"RÃ¸dvin";"Glass";"14";"1.6180952"
"Vinmonopolet";"5446001";"Fonte Delle Donne 2017";"Fonte Delle Donne";"2017";"179.6";"0.75";"239.47";"White wine";"Glass";"13";"1.8420514"
"Vinmonopolet";"5446101";"Capuano-Ferreri Santenay Vieilles Vignes 2018";"Capuano-Ferreri Santenay Vieilles Vignes";"2018";"269.9";"0.75";"359.87";"RÃ¸dvin";"Glass";"13";"2.7682052"
"Vinmonopolet";"5447602";"Alambre Moscatel de SetÃºbal 10 YO";"Alambre Moscatel de SetÃºbal 10 YO";"0";"244.9";"0.5";"489.8";"Fortified wine";"Glass";"18";"2.721111"
"Vinmonopolet";"5451302";"Ch. Megyer Tokaji AszÃº 5 Puttonyos 2013";"Ch. Megyer Tokaji AszÃº 5 Puttonyos";"2013";"285";"0.5";"570";"White wine";"Glass";"11.5";"4.9565215"
"Vinmonopolet";"5452301";"Sella Bramaterra I Porfidi 2009";"Sella Bramaterra I Porfidi";"2009";"419.9";"0.75";"559.87";"RÃ¸dvin";"Glass";"13.5";"4.1471605"
"Vinmonopolet";"5453401";"Ch. Canon La GaffeliÃ¨re 2007";"Ch. Canon La GaffeliÃ¨re";"2007";"1165";"0.75";"1553.33";"RÃ¸dvin";"Glass";"13.5";"11.506173"
"Vinmonopolet";"5453801";"L`HÃ©ritage de Chasse-Spleen 2014";"L`HÃ©ritage de Chasse-Spleen";"2014";"349";"0.75";"465.33";"RÃ¸dvin";"Glass";"13";"3.579487"
"Vinmonopolet";"5453901";"Ch. Villemaurine 2012";"Ch. Villemaurine";"2012";"615";"0.75";"820";"RÃ¸dvin";"Glass";"14";"5.857143"
"Vinmonopolet";"5454001";"Ch. d Issan 2010";"Ch. d Issan";"2010";"1565";"0.75";"2086.67";"RÃ¸dvin";"Glass";"13.5";"15.45679"
"Vinmonopolet";"5454101";"Ch. PhÃ©lan SÃ©gur 2012";"Ch. PhÃ©lan SÃ©gur";"2012";"759";"0.75";"1012";"RÃ¸dvin";"Glass";"13";"7.7846155"
"Vinmonopolet";"5454201";"La SirÃ¨ne de Giscours 2011";"La SirÃ¨ne de Giscours";"2011";"536";"0.75";"714.67";"RÃ¸dvin";"Glass";"13.5";"5.293827"
"Vinmonopolet";"5454301";"Chapelle de Potensac 2012";"Chapelle de Potensac";"2012";"298";"0.75";"397.33";"RÃ¸dvin";"Glass";"13";"3.0564103"
"Vinmonopolet";"5454601";"Ch. de Fieuzal 2011";"Ch. de Fieuzal";"2011";"615";"0.75";"820";"RÃ¸dvin";"Glass";"14";"5.857143"
"Vinmonopolet";"5454701";"Ch. de Fieuzal 2012";"Ch. de Fieuzal";"2012";"579";"0.75";"772";"RÃ¸dvin";"Glass";"13.5";"5.7185187"
"Vinmonopolet";"5455001";"Ch. Baron de Pichon-Longueville 2002";"Ch. Baron de Pichon-Longueville";"2002";"1885";"0.75";"2513.33";"RÃ¸dvin";"Glass";"13.5";"18.617285"
"Vinmonopolet";"5455301";"Ch. Petit-Village 2012";"Ch. Petit-Village";"2012";"1079";"0.75";"1438.67";"RÃ¸dvin";"Glass";"13.5";"10.65679"
"Vinmonopolet";"5455501";"Prudencia 2013";"Prudencia";"2013";"198";"0.75";"264";"RÃ¸dvin";"Glass";"12.5";"2.112"
"Vinmonopolet";"5455601";"Les Arums de Lagrange 2014";"Les Arums de Lagrange";"2014";"429";"0.75";"572";"White wine";"Glass";"13";"4.4"
"Vinmonopolet";"5455701";"Le Prelat Blanc 2014";"Le Prelat Blanc";"2014";"199.8";"0.75";"266.4";"White wine";"Glass";"13.5";"1.9733334"
"Vinmonopolet";"5455801";"MarquÃ©s de Oro 2013";"MarquÃ©s de Oro";"2013";"225";"0.75";"300";"RÃ¸dvin";"Glass";"12.5";"2.4"
"Vinmonopolet";"5455901";"Le Prelat 2013";"Le Prelat";"2013";"199.8";"0.75";"266.4";"RÃ¸dvin";"Glass";"14";"1.9028572"
"Vinmonopolet";"5455905";"Le Prelat 2013";"Le Prelat";"2013";"358.9";"1.5";"239.27";"RÃ¸dvin";"Glass";"14";"1.7090476"
"Vinmonopolet";"5456001";"Paciencia 2012";"Paciencia";"2012";"279";"0.75";"372";"RÃ¸dvin";"Glass";"14";"2.6571429"
"Vinmonopolet";"5456201";"Luz del Palacio 2013";"Luz del Palacio";"2013";"245";"0.75";"326.67";"RÃ¸dvin";"Glass";"14.5";"2.2528737"
"Vinmonopolet";"5456301";"Ch. Poujeaux 2010";"Ch. Poujeaux";"2010";"795";"0.75";"1060";"RÃ¸dvin";"Glass";"14";"7.571429"
"Vinmonopolet";"5456401";"Ch. Camensac 2010";"Ch. Camensac";"2010";"795";"0.75";"1060";"RÃ¸dvin";"Glass";"13.5";"7.851852"
"Vinmonopolet";"5456501";"Ch. Camensac 2009";"Ch. Camensac";"2009";"698.9";"0.75";"931.87";"RÃ¸dvin";"Glass";"13.5";"6.902716"
"Vinmonopolet";"5456801";"The Rhino Run Chardonnay 2015";"The Rhino Run Chardonnay";"2015";"126.6";"0.75";"168.8";"White wine";"Glass";"13.5";"1.2503704"
"Vinmonopolet";"5456901";"Haute CabriÃ¨re Unwooded Pinot Noir 2016";"Haute CabriÃ¨re Unwooded Pinot Noir";"2016";"179.9";"0.75";"239.87";"RÃ¸dvin";"Glass";"12.5";"1.9189333"
"Vinmonopolet";"5457001";"Haute CabriÃ¨re Chardonnay Pinot Noir 2016";"Haute CabriÃ¨re Chardonnay Pinot Noir";"2016";"179.9";"0.75";"239.87";"White wine";"Glass";"12.5";"1.9189333"
"Vinmonopolet";"5457101";"Samuel Billaud Chablis Premier Cru SÃ©chet 2016";"Samuel Billaud Chablis Premier Cru SÃ©chet";"2016";"429.9";"0.75";"573.2";"White wine";"Glass";"13";"4.4092307"
"Vinmonopolet";"5457201";"Dom. du Colombier Hermitage 2014";"Dom. du Colombier Hermitage";"2014";"599.9";"0.75";"799.87";"RÃ¸dvin";"Glass";"14";"5.7133336"
"Vinmonopolet";"5457306";"Lavignone Barbera";"Lavignone Barbera";"2018";"459.9";"3";"153.3";"RÃ¸dvin";"Bag-in-box";"13.5";"1.1355555"
"Vinmonopolet";"5457401";"San Francesco CirÃ² Rosso Classico 2016";"San Francesco CirÃ² Rosso Classico";"2016";"159.9";"0.75";"213.2";"RÃ¸dvin";"Glass";"13";"1.64"
"Vinmonopolet";"5457501";"Scott Family Estate Pinot Noir 2014";"Scott Family Estate Pinot Noir";"2014";"299.9";"0.75";"399.87";"RÃ¸dvin";"Glass";"14.5";"2.7577012"
"Vinmonopolet";"5457801";"Rubinelli Vajol Valpolicella Ripasso 2013";"Rubinelli Vajol Valpolicella Ripasso";"2013";"299.9";"0.75";"399.87";"RÃ¸dvin";"Glass";"14.5";"2.7577012"
"Vinmonopolet";"5457901";"Rubinelli Vajol Valpolicella Classico 2015";"Rubinelli Vajol Valpolicella Classico";"2015";"252";"0.75";"336";"RÃ¸dvin";"Glass";"11.5";"2.921739"
"Vinmonopolet";"5458002";"Konishi Dai-Ginjyo-Hiyashibori Sake";"Konishi Dai-Ginjyo-Hiyashibori Sake";"0";"129.9";"0.3";"433";"Sake";"Glass";"15.5";"2.793548"
"Vinmonopolet";"5458202";"Konishi Ginjyo Hiyashibori Sake";"Konishi Ginjyo Hiyashibori Sake";"2015";"119.9";"0.3";"399.67";"Sake";"Glass";"13.5";"2.9604938"
"Vinmonopolet";"5459101";"Gouden Carolus Indulgence 2017";"Gouden Carolus Indulgence";"2017";"209.9";"0.75";"279.87";"Trappist";"Glass";"8.5";"3.292549"
"Vinmonopolet";"5459301";"DomÃ¬ni Veneti Verjago Valpolicella Classico Superiore 2011";"DomÃ¬ni Veneti Verjago Valpolicella Classico Superiore";"2011";"279.9";"0.75";"373.2";"RÃ¸dvin";"Glass";"15.5";"2.4077418"
"Vinmonopolet";"5459401";"Luigi Baudana Barolo Baudana 2013";"Luigi Baudana Barolo Baudana";"2013";"499.9";"0.75";"666.53";"RÃ¸dvin";"Glass";"14.5";"4.5967817"
"Vinmonopolet";"5460101";"Epicurean Lowland Blended Malt";"Epicurean Lowland Blended Malt";"0";"599.9";"0.7";"857";"Whisky";"Glass";"46.2";"1.8549784"
"Vinmonopolet";"5460201";"Scallywag Cask Strength Batch #2";"Scallywag Cask Strength Batch #2";"0";"799.9";"0.7";"1142.71";"Whisky";"Glass";"51.4";"2.2231796"
"Vinmonopolet";"5460401";"Bowmore 15 YO Old Particular 2000";"Bowmore 15 YO Old Particular";"2000";"1599.9";"0.7";"2285.57";"Whisky";"Glass";"48.4";"4.722255"
"Vinmonopolet";"5461901";"Emrich-SchÃ¶nleber Monzinger Halenberg Riesling Trocken 2013";"Emrich-SchÃ¶nleber Monzinger Halenberg Riesling Trocken";"2013";"309.9";"0.75";"413.2";"White wine";"Glass";"12.5";"3.3056"
"Vinmonopolet";"5462401";"Poggio Tempesta Chianti 2017";"Poggio Tempesta Chianti";"2017";"150";"0.75";"200";"RÃ¸dvin";"Glass";"12.5";"1.6"
"Vinmonopolet";"5462505";"Talenti Brunello di Montalcino 2012";"Talenti Brunello di Montalcino";"2012";"919.9";"1.5";"613.27";"RÃ¸dvin";"Glass";"15";"4.0884447"
"Vinmonopolet";"5462701";"Moutardier Meunier Brut Nature 2011";"Moutardier Meunier Brut Nature";"2011";"439.4";"0.75";"585.87";"Champagne extra brut";"Glass";"12";"4.882222"
"Vinmonopolet";"5463001";"Le Piane Boca 2011";"Le Piane Boca";"2011";"472";"0.75";"629.33";"RÃ¸dvin";"Glass";"14";"4.4952383"
"Vinmonopolet";"5463107";"Moutardier Carte d'Or Brut";"Moutardier Carte d'Or Brut";"0";"3800";"6";"633.33";"Champagne, brut";"Glass";"12";"5.2777777"
"Vinmonopolet";"5463201";"Moutardier CuvÃ©e RosÃ© Brut";"Moutardier CuvÃ©e RosÃ© Brut";"0";"396.6";"0.75";"528.8";"Champagne, rosÃ©";"Glass";"12";"4.4066668"
"Vinmonopolet";"5463301";"Marie Courtin Resonance Extra Brut";"Marie Courtin Resonance Extra Brut";"2012";"591.4";"0.75";"788.53";"Champagne extra brut";"Glass";"12";"6.571111"
"Vinmonopolet";"5463801";"Lothlend";"Lothlend";"0";"499.9";"1";"499.9";"Whisky";"Glass";"40";"1.24975"
"Vinmonopolet";"5464001";"Pilastri Pregio del Conte 2017";"Pilastri Pregio del Conte";"2017";"178.9";"0.75";"238.53";"RÃ¸dvin";"Glass";"13.5";"1.7669135"
"Vinmonopolet";"5464101";"Maley Cristallier";"Maley Cristallier";"2019";"285";"0.7";"407.14";"LikÃ¸r";"Glass";"18";"2.2619047"
"Vinmonopolet";"5464201";"The Glenlivet Coupar Angus Single Cask";"The Glenlivet Coupar Angus Single Cask";"0";"1750";"0.7";"2500";"Whisky";"Glass";"57.9";"4.317789"
"Vinmonopolet";"5464401";"Primoris Helgeland Tai 2015";"Primoris Helgeland Tai";"2015";"139";"0.75";"185.33";"White wine";"Glass";"12";"1.5444444"
"Vinmonopolet";"5464501";"Primoris Helgeland Cabernet Merlot 2015";"Primoris Helgeland Cabernet Merlot";"2015";"139";"0.75";"185.33";"RÃ¸dvin";"Glass";"12";"1.5444444"
"Vinmonopolet";"5464601";"Le Plan des Moines Chateauneuf-du-Pape Les Charretons 2016";"Le Plan des Moines Chateauneuf-du-Pape Les Charretons";"2016";"374.9";"0.75";"499.87";"RÃ¸dvin";"Glass";"14.5";"3.4473562"
"Vinmonopolet";"5464701";"La Monacesca Camerte 2011";"La Monacesca Camerte";"2011";"249.9";"0.75";"333.2";"RÃ¸dvin";"Glass";"14.5";"2.297931"
"Vinmonopolet";"5465001";"Pierre Gaillard Saint-Joseph Clos de Cuminaille 2018";"Pierre Gaillard Saint-Joseph Clos de Cuminaille";"2018";"339.9";"0.75";"453.2";"RÃ¸dvin";"Glass";"13.5";"3.357037"
"Vinmonopolet";"5465206";"Castellani Poggio al Casone";"Castellani Poggio al Casone";"2019";"449.9";"3";"149.97";"RÃ¸dvin";"Bag-in-box";"12.5";"1.1997334"
"Vinmonopolet";"5465501";"Dacapo Sanbastian Barbera d`Asti";"Dacapo Sanbastian Barbera d`Asti";"2015";"290";"0.75";"386.67";"RÃ¸dvin";"Glass";"13.5";"2.8641975"
"Vinmonopolet";"5465601";"BouchÃ© CuvÃ©e RÃ©servÃ©e Brut";"BouchÃ© CuvÃ©e RÃ©servÃ©e Brut";"0";"417";"0.75";"556";"Champagne, brut";"Glass";"12";"4.633333"
"Vinmonopolet";"5465701";"Cederberg Sauvignon Blanc 2016";"Cederberg Sauvignon Blanc";"2016";"315";"0.75";"420";"White wine";"Glass";"13";"3.2307692"
"Vinmonopolet";"5465901";"Castelfeder Mont MÃ¨s Pinot Grigio 2014";"Castelfeder Mont MÃ¨s Pinot Grigio";"2014";"257.9";"0.75";"343.87";"White wine";"Glass";"12";"2.8655555"
"Vinmonopolet";"5466001";"Cederberg Cabernet Sauvignon 2016";"Cederberg Cabernet Sauvignon";"2016";"380";"0.75";"506.67";"RÃ¸dvin";"Glass";"14.5";"3.494253"
"Vinmonopolet";"5466101";"Bod. Atamisque Catalpa Malbec 2017";"Bod. Atamisque Catalpa Malbec";"2017";"296";"0.75";"394.67";"RÃ¸dvin";"Glass";"14";"2.8190477"
"Vinmonopolet";"5466201";"Bod. Atamisque Catalpa Cabernet Sauvignon 2016";"Bod. Atamisque Catalpa Cabernet Sauvignon";"2016";"296";"0.75";"394.67";"RÃ¸dvin";"Glass";"14";"2.8190477"
"Vinmonopolet";"5466301";"Bod. Atamisque Catalpa Chardonnay 2017";"Bod. Atamisque Catalpa Chardonnay";"2017";"296";"0.75";"394.67";"White wine";"Glass";"14";"2.8190477"
"Vinmonopolet";"5466401";"Jacob's Creek Double Barrel Cabernet Sauvignon 2013";"Jacob's Creek Double Barrel Cabernet Sauvignon";"2013";"189.9";"0.75";"253.2";"RÃ¸dvin";"Glass";"14";"1.8085713"
"Vinmonopolet";"5466501";"Dom. Masson-Blondelet Thauvenay Sancerre 2018";"Dom. Masson-Blondelet Thauvenay Sancerre";"2018";"219.9";"0.75";"293.2";"White wine";"Glass";"12.5";"2.3456"
"Vinmonopolet";"5467001";"Fortaleza Blanco";"Fortaleza Blanco";"0";"920";"0.7";"1314.29";"Fruit spirit";"Glass";"40";"3.2857144"
"Vinmonopolet";"5467101";"Fortaleza Anejo";"Fortaleza Anejo";"0";"1400";"0.7";"2000";"Fruit spirit";"Glass";"40";"5"
"Vinmonopolet";"5467201";"Ancho Reyes Ancho Chile Liqueur";"Ancho Reyes Ancho Chile Liqueur";"0";"670";"0.7";"957.14";"LikÃ¸r";"Glass";"40";"2.392857"
"Vinmonopolet";"5467301";"Fortaleza Reposado";"Fortaleza Reposado";"0";"1100";"0.7";"1571.43";"Fruit spirit";"Glass";"40";"3.9285715"
"Vinmonopolet";"5467401";"Huana Licor de Guanabana Maya";"Huana Licor de Guanabana Maya";"0";"420.2";"0.7";"600.29";"LikÃ¸r";"Glass";"30";"2.0009525"
"Vinmonopolet";"5468201";"Ch. Fougas 2014";"Ch. Fougas";"2014";"179.9";"0.75";"239.87";"RÃ¸dvin";"Glass";"12.5";"1.9189333"
"Vinmonopolet";"5468701";"Stonewood Pinot Noir";"Stonewood Pinot Noir";"0";"149.9";"0.75";"199.87";"RÃ¸dvin";"Glass";"13.5";"1.4804938"
"Vinmonopolet";"5468801";"Leyrat XO Elite";"Leyrat XO Elite";"0";"1495";"0.7";"2135.71";"Grape spirit";"Glass";"40";"5.339286"
"Vinmonopolet";"5469006";"Grevinnen & Hovmesteren Hovmesterens utvalgte rÃ¸dvin";"Grevinnen & Hovmesteren Hovmesterens utvalgte rÃ¸dvin";"0";"439.9";"3";"146.63";"RÃ¸dvin";"Bag-in-box";"13";"1.1279488"
"Vinmonopolet";"5469101";"Beefsteak Club Malbec 2018";"Beefsteak Club Malbec";"2018";"135";"0.75";"180";"RÃ¸dvin";"Glass";"13";"1.3846154"
"Vinmonopolet";"5469201";"Rings SpÃ¤tburgunder 2017";"Rings SpÃ¤tburgunder";"2017";"229.9";"0.75";"306.53";"RÃ¸dvin";"Glass";"12.5";"2.4522667"
"Vinmonopolet";"5469306";"La Parra AlbariÃ±o 2018";"La Parra AlbariÃ±o";"2018";"529.9";"3";"176.63";"White wine";"Bag-in-box";"12.5";"1.4130667"
"Vinmonopolet";"5469601";"Crudo Catarratto Zibibbo 2019";"Crudo Catarratto Zibibbo";"2019";"139.9";"0.75";"186.53";"White wine";"Glass";"12.5";"1.4922667"
"Vinmonopolet";"5469606";"Crudo Catarratto Zibibbo";"Crudo Catarratto Zibibbo";"2019";"469.9";"3";"156.63";"White wine";"Bag-in-box";"12.5";"1.2530667"
"Vinmonopolet";"5469901";"Altadonna Chianti Classico 2014";"Altadonna Chianti Classico";"2014";"169.9";"0.75";"226.53";"RÃ¸dvin";"Glass";"13.5";"1.6780246"
"Vinmonopolet";"5470001";"Torre More Scalunera Etna Rosso 2013";"Torre More Scalunera Etna Rosso";"2013";"259.9";"0.75";"346.53";"RÃ¸dvin";"Glass";"13.5";"2.5669136"
"Vinmonopolet";"5470601";"Dal forno Romano Valpolicella Superiore 2007";"Dal forno Romano Valpolicella Superiore";"2007";"849.9";"0.75";"1133.2";"RÃ¸dvin";"Glass";"14";"8.094286"
"Vinmonopolet";"5470701";"Dal forno Romano Amarone della Valpolicella 2008";"Dal forno Romano Amarone della Valpolicella";"2008";"2500";"0.75";"3333.33";"RÃ¸dvin";"Glass";"16.5";"20.20202"
"Vinmonopolet";"5470801";"MarquÃ©s de Picos Garnacha 2017";"MarquÃ©s de Picos Garnacha";"2017";"99.7";"0.75";"132.93";"RÃ¸dvin";"Glass";"13.5";"0.9846913"
"Vinmonopolet";"5470901";"Foncalieu La Tannerie 2018";"Foncalieu La Tannerie";"2018";"164.9";"0.75";"219.87";"RÃ¸dvin";"Glass";"14";"1.5704762"
"Vinmonopolet";"5471001";"Foncalieu Le Versant";"Foncalieu Le Versant";"0";"159.9";"0.75";"213.2";"RÃ¸dvin";"Glass";"14";"1.5228571"
"Vinmonopolet";"5471101";"Ch. Teyssier 2013";"Ch. Teyssier";"2013";"329.9";"0.75";"439.87";"RÃ¸dvin";"Glass";"13";"3.3835897"
"Vinmonopolet";"5471201";"Trapiche Pure Sauvignon Blanc 2018";"Trapiche Pure Sauvignon Blanc";"2018";"199.9";"0.75";"266.53";"White wine";"Glass";"13";"2.0502563"
"Vinmonopolet";"5471301";"Quinta de Saes Reserva Estagio Prolongado 2011";"Quinta de Saes Reserva Estagio Prolongado";"2011";"339.9";"0.75";"453.2";"RÃ¸dvin";"Glass";"13";"3.4861538"
"Vinmonopolet";"5472301";"Jon Josh Chardonnay 2018";"Jon Josh Chardonnay";"2018";"149.9";"0.75";"199.87";"White wine";"Glass";"12.5";"1.5989332"
"Vinmonopolet";"5472401";"Amicone Veneto Rosso 2015";"Amicone Veneto Rosso";"2015";"159.9";"0.75";"213.2";"RÃ¸dvin";"Glass";"14.5";"1.4703448"
"Vinmonopolet";"5472406";"Amicone Veneto Rosso 2015";"Amicone Veneto Rosso";"2015";"539.9";"3";"179.97";"RÃ¸dvin";"Bag-in-box";"14.5";"1.2411494"
"Vinmonopolet";"5472501";"Bottega White Gold Pinot Nero Brut";"Bottega White Gold Pinot Nero Brut";"2017";"199.9";"0.75";"266.53";"Sparkling wine";"Glass";"11";"2.4230301"
"Vinmonopolet";"5472601";"Gran Appasso Rosso Passito 2017";"Gran Appasso Rosso Passito";"2017";"189.9";"0.75";"253.2";"RÃ¸dvin";"Glass";"14.5";"1.7462069"
"Vinmonopolet";"5472701";"Clos Lanson 2006";"Clos Lanson";"2006";"1990";"0.75";"2653.33";"Champagne, brut";"Glass";"12.5";"21.226667"
"Vinmonopolet";"5472802";"E.C. Dahls Pepra Saison";"E.C. Dahls Pepra Saison";"0";"44.9";"0.33";"136.06";"Saison farmhouse ale";"Glass";"6.5";"2.09324"
"Vinmonopolet";"5472902";"E.C. Dahls Lamo Wit";"E.C. Dahls Lamo Wit";"0";"42.9";"0.33";"130";"HveteÃ¸l";"Glass";"5.2";"2.5"
"Vinmonopolet";"5473101";"Chronic Cellars Purple Paradise";"Chronic Cellars Purple Paradise";"2017";"239";"0.75";"318.67";"RÃ¸dvin";"Glass";"14.5";"2.1977012"
"Vinmonopolet";"5476501";"Quinta Vale D. Maria LBV Unfiltered 2012";"Quinta Vale D. Maria LBV Unfiltered";"2012";"269.8";"0.75";"359.73";"Port wine";"Glass";"19.5";"1.8447863"
"Vinmonopolet";"5477001";"Font de Joubert ChÃ¢teauneuf-du-Pape 2015";"Font de Joubert ChÃ¢teauneuf-du-Pape";"2015";"350";"0.75";"466.67";"RÃ¸dvin";"Glass";"14";"3.3333333"
"Vinmonopolet";"5477401";"Faiveley Puligny Montrachet 2018";"Faiveley Puligny Montrachet";"2018";"520";"0.75";"693.33";"White wine";"Glass";"13";"5.3333335"
"Vinmonopolet";"5477801";"Rolet CrÃ©mant du Jura RosÃ© Brut";"Rolet CrÃ©mant du Jura RosÃ© Brut";"0";"229.9";"0.75";"306.53";"Musserende vin, rosÃ©";"Glass";"12";"2.5544443"
"Vinmonopolet";"5478001";"Rolet Poulsard Vieilles Vignes 2018";"Rolet Poulsard Vieilles Vignes";"2018";"239.9";"0.75";"319.87";"RÃ¸dvin";"Glass";"13";"2.4605129"
"Vinmonopolet";"5478904";"Secco+ Coconut";"Secco+ Coconut";"0";"29.9";"0.25";"119.6";"Flavoured wine	";"Metall";"8.5";"1.4070588"
"Vinmonopolet";"5479201";"Mommessin Morgon Les Charmes 2014";"Mommessin Morgon Les Charmes";"2014";"249.9";"0.75";"333.2";"RÃ¸dvin";"Glass";"12.5";"2.6655998"
"Vinmonopolet";"5479302";"MikroMeyer Ruud White IPA";"MikroMeyer Ruud White IPA";"0";"79.9";"0.5";"159.8";"India pale ale";"Glass";"6.5";"2.4584615"
"Vinmonopolet";"5479601";"Carretta Barolo Cannubi 2012";"Carretta Barolo Cannubi";"2012";"488";"0.75";"650.67";"RÃ¸dvin";"Glass";"14";"4.6476192"
"Vinmonopolet";"5479701";"Carretta Cayega Roero Arneis 2018";"Carretta Cayega Roero Arneis";"2018";"189.9";"0.75";"253.2";"White wine";"Glass";"13.5";"1.8755555"
"Vinmonopolet";"5479801";"Carretta Cascina Bordino Barbaresco 2011";"Carretta Cascina Bordino Barbaresco";"2011";"319.8";"0.75";"426.4";"RÃ¸dvin";"Glass";"14";"3.0457141"
"Vinmonopolet";"5479906";"Doudet-Naudin Pinot Noir 2018";"Doudet-Naudin Pinot Noir";"2018";"479.9";"3";"159.97";"RÃ¸dvin";"Bag-in-box";"12";"1.3330555"
"Vinmonopolet";"5480206";"Pietro di Campo Silenzio Barbera 2019";"Pietro di Campo Silenzio Barbera";"2019";"444.9";"3";"148.3";"RÃ¸dvin";"Bag-in-box";"13";"1.1407692"
"Vinmonopolet";"5480401";"Segni di Langa Barbera d'Alba Superiore 2017";"Segni di Langa Barbera d'Alba Superiore";"2017";"330";"0.75";"440";"RÃ¸dvin";"Glass";"15";"2.9333334"
"Vinmonopolet";"5480501";"Segni di Langa Langhe Pinot Nero 2017";"Segni di Langa Langhe Pinot Nero";"2017";"330";"0.75";"440";"RÃ¸dvin";"Glass";"13";"3.3846154"
"Vinmonopolet";"5480902";"Tempo Spesial";"Tempo Spesial";"0";"398";"0.5";"796";"Aquavit";"Glass";"40";"1.99"
"Vinmonopolet";"5481101";"Terre da Vino Barbera d'Asti 2018";"Terre da Vino Barbera d'Asti";"2018";"134.9";"0.75";"179.87";"RÃ¸dvin";"Glass";"12.5";"1.4389333"
"Vinmonopolet";"5481601";"Uncle Zin Salento Zinfandel Appassimento 2015";"Uncle Zin Salento Zinfandel Appassimento";"2015";"189.9";"0.75";"253.2";"RÃ¸dvin";"Glass";"14.5";"1.7462069"
"Vinmonopolet";"5481802";"Warre's Otima 20 Years Old Tawny";"Warre's Otima 20 Years Old Tawny";"0";"279.9";"0.5";"559.8";"Port wine";"Glass";"20";"2.799"
"Vinmonopolet";"5481901";"Arette de Jalisco Agave de Oro Reposado";"Arette de Jalisco Agave de Oro Reposado";"0";"535";"0.7";"764.29";"Fruit spirit";"Glass";"35";"2.1836736"
"Vinmonopolet";"5482001";"Graham's 10 Years Old Tawny";"Graham's 10 Years Old Tawny";"0";"379.9";"0.75";"506.53";"Port wine";"Glass";"20";"2.5326667"
"Vinmonopolet";"5482004";"Graham's 10 Years Old Tawny";"Graham's 10 Years Old Tawny";"0";"96.9";"0.2";"484.5";"Port wine";"Glass";"20";"2.4225"
"Vinmonopolet";"5482007";"Graham's 10 Years Old Tawny";"Graham's 10 Years Old Tawny";"0";"2889";"4.5";"642";"Port wine";"Glass";"20";"3.21"
"Vinmonopolet";"5482101";"Clos du Moulin Aux Moines Pommard 1er cru Clos Orgelot 2012";"Clos du Moulin Aux Moines Pommard 1er cru Clos Orgelot";"2012";"749.9";"0.75";"999.87";"RÃ¸dvin";"Glass";"13.5";"7.40642"
"Vinmonopolet";"5482301";"D'OurÃ©a Vacqueyras 2017";"D'OurÃ©a Vacqueyras";"2017";"219.9";"0.75";"293.2";"RÃ¸dvin";"Glass";"14";"2.0942857"
"Vinmonopolet";"5482601";"Cueva de la Culpa 2012";"Cueva de la Culpa";"2012";"269.9";"0.75";"359.87";"RÃ¸dvin";"Glass";"14";"2.570476"
"Vinmonopolet";"5482702";"Mezcal Eterno Anejo";"Mezcal Eterno Anejo";"0";"725";"0.5";"1450";"Fruit spirit";"Glass";"40";"3.625"
"Vinmonopolet";"5483001";"Leclerc Briant La Croisette Parcelle Ã  Ãpernay Brut";"Leclerc Briant La Croisette Parcelle Ã  Ãpernay Brut";"0";"1459.9";"0.75";"1946.53";"Champagne, brut";"Glass";"12";"16.221111"
"Vinmonopolet";"5483101";"Leclerc Briant MillÃ©sime Extra Brut 2010";"Leclerc Briant MillÃ©sime Extra Brut";"2010";"589.9";"0.75";"786.53";"Champagne, brut";"Glass";"12";"6.554445"
"Vinmonopolet";"5483201";"Terracura Smiley Red";"Terracura Smiley Red";"2019";"259.9";"0.75";"346.53";"RÃ¸dvin";"Glass";"13.5";"2.5669136"
"Vinmonopolet";"5483301";"Smiley Chenin Blanc";"Smiley Chenin Blanc";"0";"249.9";"0.75";"333.2";"White wine";"Glass";"13";"2.563077"
"Vinmonopolet";"5483501";"Gerovassiliou Chardonnay 2018";"Gerovassiliou Chardonnay";"2018";"282";"0.75";"376";"White wine";"Glass";"14.5";"2.5931034"
"Vinmonopolet";"5483701";"Eduardo Torres Acosta Versante Nord Nerello Mascalese 2017";"Eduardo Torres Acosta Versante Nord Nerello Mascalese";"2017";"339.9";"0.75";"453.2";"RÃ¸dvin";"Glass";"14";"3.2371428"
"Vinmonopolet";"5483801";"Eduardo Torres Acosta Pirrera Nerello Mascalese 2016";"Eduardo Torres Acosta Pirrera Nerello Mascalese";"2016";"499.9";"0.75";"666.53";"RÃ¸dvin";"Glass";"12.5";"5.332267"
"Vinmonopolet";"5483901";"Les Pitchounettes Crozes-Hermitage 2018";"Les Pitchounettes Crozes-Hermitage";"2018";"299.9";"0.75";"399.87";"RÃ¸dvin";"Glass";"13";"3.0758975"
"Vinmonopolet";"5484001";"Louis Chenu Savigny Vieilles Vignes 2016";"Louis Chenu Savigny Vieilles Vignes";"2016";"389.9";"0.75";"519.87";"RÃ¸dvin";"Glass";"12.5";"4.158933"
"Vinmonopolet";"5484301";"Ch. La Croix Romane 2014";"Ch. La Croix Romane";"2014";"249";"0.75";"332";"RÃ¸dvin";"Glass";"13";"2.5538461"
"Vinmonopolet";"5484401";"Tripoz CrÃ©mant de Bourgogne Nature Brut";"Tripoz CrÃ©mant de Bourgogne Nature Brut";"0";"279.9";"0.75";"373.2";"Sparkling wine";"Glass";"13";"2.8707693"
"Vinmonopolet";"5484501";"Terracura Silwervis Cinsault";"Terracura Silwervis Cinsault";"2017";"449.9";"0.75";"599.87";"RÃ¸dvin";"Glass";"13";"4.614359"
"Vinmonopolet";"5485001";"Louis Chenu Savigny 1er Cru Hauts Jarrons 2016";"Louis Chenu Savigny 1er Cru Hauts Jarrons";"2016";"449.9";"0.75";"599.87";"RÃ¸dvin";"Glass";"12.5";"4.7989335"
"Vinmonopolet";"5485101";"Louis Chenu Savigny 1er Cru Aux Clous 2016";"Louis Chenu Savigny 1er Cru Aux Clous";"2016";"439.9";"0.75";"586.53";"RÃ¸dvin";"Glass";"12.5";"4.6922665"
"Vinmonopolet";"5485501";"Saffirio Barolo 2015";"Saffirio Barolo";"2015";"439";"0.75";"585.33";"RÃ¸dvin";"Glass";"14";"4.1809525"
"Vinmonopolet";"5485601";"Saffirio Langhe Nebbiolo 2017";"Saffirio Langhe Nebbiolo";"2017";"285";"0.75";"380";"RÃ¸dvin";"Glass";"13.5";"2.8148148"
"Vinmonopolet";"5485701";"Saffirio Barbera d'Alba 2018";"Saffirio Barbera d'Alba";"2018";"269";"0.75";"358.67";"RÃ¸dvin";"Glass";"14.5";"2.4735632"
"Vinmonopolet";"5486301";"Sottimano Bric del Salto Dolcetto d'Alba 2018";"Sottimano Bric del Salto Dolcetto d'Alba";"2018";"209";"0.75";"278.67";"RÃ¸dvin";"Glass";"13.5";"2.0641975"
"Vinmonopolet";"5486701";"Sattlerhof Kranachberg Sauvignon Blanc 2017";"Sattlerhof Kranachberg Sauvignon Blanc";"2017";"439";"0.75";"585.33";"White wine";"Glass";"13.5";"4.3358026"
"Vinmonopolet";"5487201";"RÃ©va Barolo Ravera 2015";"RÃ©va Barolo Ravera";"2015";"595";"0.75";"793.33";"RÃ¸dvin";"Glass";"14.5";"5.4712644"
"Vinmonopolet";"5487301";"RÃ©va Barolo 2015";"RÃ©va Barolo";"2015";"469";"0.75";"625.33";"RÃ¸dvin";"Glass";"14.5";"4.3126435"
"Vinmonopolet";"5487401";"RÃ©va Barbera d'Alba Superiore 2017";"RÃ©va Barbera d'Alba Superiore";"2017";"255";"0.75";"340";"RÃ¸dvin";"Glass";"15";"2.2666667"
"Vinmonopolet";"5487701";"Henri Pion Racines CroisÃ©es Bourgogne Chardonnay 2014";"Henri Pion Racines CroisÃ©es Bourgogne Chardonnay";"2014";"304.8";"0.75";"406.4";"White wine";"Glass";"13";"3.1261537"
"Vinmonopolet";"5487901";"Talanca Barbera 2015";"Talanca Barbera";"2015";"168.7";"0.75";"224.93";"RÃ¸dvin";"Glass";"13";"1.7302564"
"Vinmonopolet";"5488101";"RÃ©va Dolcetto d'Alba 2018";"RÃ©va Dolcetto d'Alba";"2018";"235";"0.75";"313.33";"RÃ¸dvin";"Glass";"13.5";"2.3209877"
"Vinmonopolet";"5488201";"RÃ©va Nebbiolo d'Alba 2017";"RÃ©va Nebbiolo d'Alba";"2017";"295";"0.75";"393.33";"RÃ¸dvin";"Glass";"14";"2.8095238"
"Vinmonopolet";"5488401";"BÃ©rÃªche Rive Gauche Meunier 2014";"BÃ©rÃªche Rive Gauche Meunier";"2014";"797.8";"0.75";"1063.73";"Champagne extra brut";"Glass";"12";"8.864445"
"Vinmonopolet";"5488701";"Perelada Finca MalaveÃ¯na 2016";"Perelada Finca MalaveÃ¯na";"2016";"379";"0.75";"505.33";"RÃ¸dvin";"Glass";"14.5";"3.4850574"
"Vinmonopolet";"5488801";"Angelo Negro Barolo 2015";"Angelo Negro Barolo";"2015";"529.9";"0.75";"706.53";"RÃ¸dvin";"Glass";"14.5";"4.872644"
"Vinmonopolet";"5488901";"Perelada Finca Espolla 2011";"Perelada Finca Espolla";"2011";"379";"0.75";"505.33";"RÃ¸dvin";"Glass";"15";"3.3688889"
"Vinmonopolet";"5489001";"Perelada Finca La Garriga 2011";"Perelada Finca La Garriga";"2011";"379";"0.75";"505.33";"RÃ¸dvin";"Glass";"14";"3.6095238"
"Vinmonopolet";"5489101";"Stoli Salted Karamel";"Stoli Salted Karamel";"0";"389.9";"0.7";"557";"Vodka";"Glass";"37.5";"1.4853333"
"Vinmonopolet";"5489301";"Corino Giovanni Barolo Arborina 2014";"Corino Giovanni Barolo Arborina";"2014";"599.9";"0.75";"799.87";"RÃ¸dvin";"Glass";"15";"5.3324447"
"Vinmonopolet";"5489401";"Corino Giovanni Barolo 2014";"Corino Giovanni Barolo";"2014";"399.9";"0.75";"533.2";"RÃ¸dvin";"Glass";"15";"3.5546665"
"Vinmonopolet";"5489501";"El Senat del Monsant 2017";"El Senat del Monsant";"2017";"199.9";"0.75";"266.53";"RÃ¸dvin";"Glass";"14";"1.9038094"
"Vinmonopolet";"5489601";"Somiadors 2015";"Somiadors";"2015";"199.9";"0.75";"266.53";"RÃ¸dvin";"Glass";"14.5";"1.8381609"
"Vinmonopolet";"5489801";"Torres Purgatori 2016";"Torres Purgatori";"2016";"289.9";"0.75";"386.53";"RÃ¸dvin";"Glass";"14.5";"2.6657472"
"Vinmonopolet";"5489901";"Rebels de Batea 2018";"Rebels de Batea";"2018";"149.9";"0.75";"199.87";"RÃ¸dvin";"Glass";"14.5";"1.3783908"
"Vinmonopolet";"5490001";"Torres 15 Imperial Brandy Reserva Privada";"Torres 15 Imperial Brandy Reserva Privada";"0";"389.9";"0.7";"557";"Grape spirit";"Glass";"40";"1.3925"
"Vinmonopolet";"5490101";"Ronchi di Cialla Schioppettino 2004";"Ronchi di Cialla Schioppettino";"2004";"691";"0.75";"921.33";"RÃ¸dvin";"Glass";"13";"7.0871797"
"Vinmonopolet";"5490201";"Baricci Brunello di Montalcino Riserva 2012";"Baricci Brunello di Montalcino Riserva";"2012";"1261.3";"0.75";"1681.73";"RÃ¸dvin";"Glass";"14.5";"11.598162"
"Vinmonopolet";"5490301";"Baricci Rosso di Montalcino 2017";"Baricci Rosso di Montalcino";"2017";"362.5";"0.75";"483.33";"RÃ¸dvin";"Glass";"13.5";"3.580247"
"Vinmonopolet";"5490401";"Baricci Brunello di Montalcino 2014";"Baricci Brunello di Montalcino";"2014";"607.7";"0.75";"810.27";"RÃ¸dvin";"Glass";"14";"5.787619"
"Vinmonopolet";"5491201";"Chapuis Freres Coteaux Bourguignons 2018";"Chapuis Freres Coteaux Bourguignons";"2018";"259.9";"0.75";"346.53";"RÃ¸dvin";"Glass";"15";"2.3102221"
"Vinmonopolet";"5491301";"Chapuis Freres Bourgogne Rouge 2017";"Chapuis Freres Bourgogne Rouge";"2017";"250";"0.75";"333.33";"RÃ¸dvin";"Glass";"11.5";"2.8985507"
"Vinmonopolet";"5491401";"Cinque Campi Terbianc 2018";"Cinque Campi Terbianc";"2018";"249.9";"0.75";"333.2";"White wine";"Glass";"12.5";"2.6655998"
"Vinmonopolet";"5491501";"Cinque Campi Cinquecampi Rosso Lambrusco dell'Emilia 2018";"Cinque Campi Cinquecampi Rosso Lambrusco dell'Emilia";"2018";"219.9";"0.75";"293.2";"Perlende vin, rÃ¸d";"Glass";"12.5";"2.3456"
"Vinmonopolet";"5491601";"Robinot L'Ange Vin CuvÃ©e Bistrologie";"Robinot L'Ange Vin CuvÃ©e Bistrologie";"0";"359.9";"0.75";"479.87";"White wine";"Glass";"12";"3.9988887"
"Vinmonopolet";"5491705";"Non Dos Sisto 2014";"Non Dos Sisto";"2014";"780";"1.5";"520";"RÃ¸dvin";"Glass";"13.5";"3.851852"
"Vinmonopolet";"5491901";"Ch. de BÃ©ru Chablis Orangerie 2017";"Ch. de BÃ©ru Chablis Orangerie";"2017";"449.9";"0.75";"599.87";"White wine";"Glass";"12.5";"4.7989335"
"Vinmonopolet";"5492005";"Rivella Serafino Barbaresco Montestefano 2014";"Rivella Serafino Barbaresco Montestefano";"2014";"1799.9";"1.5";"1199.93";"RÃ¸dvin";"Glass";"14.5";"8.275402"
"Vinmonopolet";"5492101";"Ch. de BÃ©ru Clos BÃ©ru Monopole Chablis 2015";"Ch. de BÃ©ru Clos BÃ©ru Monopole Chablis";"2015";"649.9";"0.75";"866.53";"White wine";"Glass";"12.5";"6.9322667"
"Vinmonopolet";"5493301";"Flavabom Vine Dried Shiraz 2017";"Flavabom Vine Dried Shiraz";"2017";"254.9";"0.75";"339.87";"RÃ¸dvin";"Glass";"15.5";"2.1926882"
"Vinmonopolet";"5493401";"Baron de Ley Graciano 2016";"Baron de Ley Graciano";"2016";"209.9";"0.75";"279.87";"RÃ¸dvin";"Glass";"13.5";"2.0730863"
"Vinmonopolet";"5493501";"Climbing Shiraz 2014";"Climbing Shiraz";"2014";"149.9";"0.75";"199.87";"RÃ¸dvin";"Glass";"14";"1.427619"
"Vinmonopolet";"5493702";"LÃ¥gen Aquavit";"LÃ¥gen Aquavit";"0";"365";"0.5";"730";"Aquavit";"Glass";"40";"1.825"
"Vinmonopolet";"5493802";"Villmarks Akevitt";"Villmarks Akevitt";"0";"365";"0.5";"730";"Aquavit";"Glass";"40";"1.825"
"Vinmonopolet";"5494002";"Toten Troll Aquavit";"Toten Troll Aquavit";"0";"365";"0.5";"730";"Aquavit";"Glass";"40";"1.825"
"Vinmonopolet";"5494201";"Ch. de Bellet Rouge 2014";"Ch. de Bellet Rouge";"2014";"299.9";"0.75";"399.87";"RÃ¸dvin";"Glass";"15";"2.6657777"
"Vinmonopolet";"5494301";"Ch. de Bellet Blanc 2014";"Ch. de Bellet Blanc";"2014";"269.9";"0.75";"359.87";"White wine";"Glass";"13.5";"2.665679"
"Vinmonopolet";"5494502";"Thams Akevitt 150 Ã¥r Jubileumsutgave";"Thams Akevitt 150 Ã¥r Jubileumsutgave";"0";"365";"0.5";"730";"Aquavit";"Glass";"40";"1.825"
"Vinmonopolet";"5494801";"Francis Ford Coppola Vendetta";"Francis Ford Coppola Vendetta";"2015";"311.5";"0.75";"415.33";"RÃ¸dvin";"Glass";"13.5";"3.076543"
"Vinmonopolet";"5494901";"La Freixeneda 2011";"La Freixeneda";"2011";"639";"0.75";"852";"RÃ¸dvin";"Glass";"14";"6.0857143"
"Vinmonopolet";"5495002";"Beito Rakfiskakevitt";"Beito Rakfiskakevitt";"0";"364";"0.5";"728";"Aquavit";"Glass";"40";"1.82"
"Vinmonopolet";"5495101";"Cantos de Valpiedra Crianza 2013";"Cantos de Valpiedra Crianza";"2013";"152.2";"0.75";"202.93";"RÃ¸dvin";"Glass";"13";"1.5610256"
"Vinmonopolet";"5495301";"Mustiguillo Finca Terrerazo Vino de Pago El Terrerazo 2016";"Mustiguillo Finca Terrerazo Vino de Pago El Terrerazo";"2016";"320.7";"0.75";"427.6";"RÃ¸dvin";"Glass";"14";"3.0542858"
"Vinmonopolet";"5495401";"Umani Ronchi Terre di Chieti Pecorino Vellodoro 2018";"Umani Ronchi Terre di Chieti Pecorino Vellodoro";"2018";"179.9";"0.75";"239.87";"White wine";"Glass";"12.5";"1.9189333"
"Vinmonopolet";"5495601";"Risky Grapes La Traca Bobal 2018";"Risky Grapes La Traca Bobal";"2018";"154.9";"0.75";"206.53";"RÃ¸dvin";"Glass";"13.5";"1.5298765"
"Vinmonopolet";"5495801";"Appleton Estate Signature Blend";"Appleton Estate Signature Blend";"0";"439.9";"0.7";"628.43";"Rum";"Glass";"40";"1.5710714"
"Vinmonopolet";"5495901";"Appleton Estate Rare Blend";"Appleton Estate Rare Blend";"0";"559.9";"0.7";"799.86";"Rum";"Glass";"43";"1.860133"
"Vinmonopolet";"5496001";"Balvenie Single Barrel 12 YO";"Balvenie Single Barrel 12 YO";"0";"949.9";"0.7";"1357";"Whisky";"Glass";"47.8";"2.8389122"
"Vinmonopolet";"5496101";"Clos Henri Petit Clos Sauvignon Blanc 2018";"Clos Henri Petit Clos Sauvignon Blanc";"2018";"199.9";"0.75";"266.53";"White wine";"Glass";"13.5";"1.9743209"
"Vinmonopolet";"5496501";"Le Naturel 2019";"Le Naturel";"2019";"159.9";"0.75";"213.2";"RÃ¸dvin";"Glass";"14";"1.5228571"
"Vinmonopolet";"5497301";"Giordano Puglia Rosso 2017";"Giordano Puglia Rosso";"2017";"149.9";"0.75";"199.87";"RÃ¸dvin";"Glass";"13";"1.5374359"
"Vinmonopolet";"5497401";"Marchese Antinori Cuvee Royale Franciacorta Brut";"Marchese Antinori Cuvee Royale Franciacorta Brut";"0";"269";"0.75";"358.67";"Sparkling wine";"Glass";"12.5";"2.8693333"
"Vinmonopolet";"5497501";"Hoya de Cadenas Cava Brut";"Hoya de Cadenas Cava Brut";"0";"154.9";"0.75";"206.53";"Sparkling wine";"Glass";"11.5";"1.795942"
"Vinmonopolet";"5497701";"Bussia Soprana Barolo Mosconi Riserva 1999";"Bussia Soprana Barolo Mosconi Riserva";"1999";"1249.9";"0.75";"1666.53";"RÃ¸dvin";"Glass";"14";"11.90381"
"Vinmonopolet";"5498001";"Negro Lorenzo Roero Arneis Metodo Classico Brut 2011";"Negro Lorenzo Roero Arneis Metodo Classico Brut";"2011";"199";"0.75";"265.33";"Sparkling wine";"Glass";"13";"2.0410256"
"Vinmonopolet";"5498101";"Negro Lorenzo Roero Arneis 2014";"Negro Lorenzo Roero Arneis";"2014";"189";"0.75";"252";"White wine";"Glass";"13";"1.9384615"
"Vinmonopolet";"5498201";"Negro Lorenzo Roero Prachiosso 2013";"Negro Lorenzo Roero Prachiosso";"2013";"199";"0.75";"265.33";"RÃ¸dvin";"Glass";"13.5";"1.965432"
"Vinmonopolet";"5498401";"Bussia Soprana Barolo Mosconi 2006";"Bussia Soprana Barolo Mosconi";"2006";"599";"0.75";"798.67";"RÃ¸dvin";"Glass";"14";"5.704762"
"Vinmonopolet";"5498501";"Dei Vino Nobile di Montepulciano Riserva Bossona 2012";"Dei Vino Nobile di Montepulciano Riserva Bossona";"2012";"478";"0.75";"637.33";"RÃ¸dvin";"Glass";"15";"4.248889"
"Vinmonopolet";"5498601";"Ronzano Barbera d'Asti 2017";"Ronzano Barbera d'Asti";"2017";"189";"0.75";"252";"RÃ¸dvin";"Glass";"14";"1.8"
"Vinmonopolet";"5498801";"Ronzano Piemonte Cortese 2018";"Ronzano Piemonte Cortese";"2018";"159";"0.75";"212";"White wine";"Glass";"12";"1.7666667"
"Vinmonopolet";"5498901";"Cleto Chiarli Vecchia Modena Premium Lambrusco di Sorbara";"Cleto Chiarli Vecchia Modena Premium Lambrusco di Sorbara";"2018";"179";"0.75";"238.67";"Perlende vin, rÃ¸d";"Glass";"11";"2.169697"
"Vinmonopolet";"5499001";"Ronzano Piemonte Barbera 2018";"Ronzano Piemonte Barbera";"2018";"159";"0.75";"212";"RÃ¸dvin";"Glass";"12.5";"1.696"
"Vinmonopolet";"5499201";"Ronzano Barbaresco Bricco di Neive 2013";"Ronzano Barbaresco Bricco di Neive";"2013";"349";"0.75";"465.33";"RÃ¸dvin";"Glass";"14";"3.3238096"
"Vinmonopolet";"5499301";"Pian delle Querci Brunello di Montalcino 2015";"Pian delle Querci Brunello di Montalcino";"2015";"319";"0.75";"425.33";"RÃ¸dvin";"Glass";"14.5";"2.9333334"
"Vinmonopolet";"5499802";"Bols Ginger";"Bols Ginger";"0";"229.9";"0.5";"459.8";"LikÃ¸r";"Glass";"24";"1.9158332"
"Vinmonopolet";"5500601";"Cast. Montblanc Tempranillo 2017";"Cast. Montblanc Tempranillo";"2017";"227";"0.75";"302.67";"RÃ¸dvin";"Glass";"14";"2.1619048"
"Vinmonopolet";"5501301";"Portuga 2017";"Portuga";"2017";"104.9";"0.75";"139.87";"RÃ¸dvin";"Glass";"12.5";"1.1189333"
"Vinmonopolet";"5501306";"Portuga 2019";"Portuga";"2019";"399.9";"3";"133.3";"RÃ¸dvin";"Bag-in-box";"12.5";"1.0663999"
"Vinmonopolet";"5501801";"Chapel Hill Riesling Sauvignon Blanc 2019";"Chapel Hill Riesling Sauvignon Blanc";"2019";"124.9";"0.75";"166.53";"White wine";"Glass";"12";"1.3877778"
"Vinmonopolet";"5506001";"Lavignone Barbera d'Asti 2018";"Lavignone Barbera d'Asti";"2018";"189.9";"0.75";"253.2";"RÃ¸dvin";"Glass";"13.5";"1.8755555"
"Vinmonopolet";"5506301";"Allegrini La Grola 2016";"Allegrini La Grola";"2016";"299.9";"0.75";"399.87";"RÃ¸dvin";"Glass";"14";"2.8561904"
"Vinmonopolet";"5506305";"Allegrini La Grola 2014";"Allegrini La Grola";"2014";"725";"1.5";"483.33";"RÃ¸dvin";"Glass";"13.5";"3.580247"
"Vinmonopolet";"5506401";"Allegrini Palazzo della Torre 2016";"Allegrini Palazzo della Torre";"2016";"239.9";"0.75";"319.87";"RÃ¸dvin";"Glass";"13.5";"2.3693826"
"Vinmonopolet";"5506502";"Allegrini Recioto della Valpolicella Classico 2015";"Allegrini Recioto della Valpolicella Classico";"2015";"439.9";"0.5";"879.8";"RÃ¸dvin";"Glass";"14";"6.2842855"
"Vinmonopolet";"5506601";"Allegrini Valpolicella Classico 2019";"Allegrini Valpolicella Classico";"2019";"159.9";"0.75";"213.2";"RÃ¸dvin";"Glass";"13";"1.64"
"Vinmonopolet";"5506701";"Allegrini La Poja 2013";"Allegrini La Poja";"2013";"829";"0.75";"1105.33";"RÃ¸dvin";"Glass";"14.5";"7.6229887"
"Vinmonopolet";"5506705";"Allegrini La Poja 2011";"Allegrini La Poja";"2011";"1999";"1.5";"1332.67";"RÃ¸dvin";"Glass";"14.5";"9.1908045"
"Vinmonopolet";"5506801";"Allegrini Amarone della Valpolicella Classico 2015";"Allegrini Amarone della Valpolicella Classico";"2015";"869.9";"0.75";"1159.87";"RÃ¸dvin";"Glass";"15.5";"7.483011"
"Vinmonopolet";"5506805";"Allegrini Amarone della Valpolicella Classico 2012";"Allegrini Amarone della Valpolicella Classico";"2012";"1529";"1.5";"1019.33";"RÃ¸dvin";"Glass";"15.5";"6.576344"
"Vinmonopolet";"5508101";"Santa Maddalena Classico Huck am Bach";"Santa Maddalena Classico Huck am Bach";"2019";"205.8";"0.75";"274.4";"RÃ¸dvin";"Glass";"13";"2.1107693"
"Vinmonopolet";"5508201";"Kleinstein Chardonnay 2018";"Kleinstein Chardonnay";"2018";"206.7";"0.75";"275.6";"White wine";"Glass";"13.5";"2.0414815"
"Vinmonopolet";"5509201";"Castillo Monjardin Chardonnay Barrica Selection 2015";"Castillo Monjardin Chardonnay Barrica Selection";"2015";"169.9";"0.75";"226.53";"White wine";"Glass";"13.5";"1.6780246"
"Vinmonopolet";"5512001";"Segura Viudas Brut Reserva";"Segura Viudas Brut Reserva";"0";"149.9";"0.75";"199.87";"Sparkling wine";"Glass";"12";"1.6655555"
"Vinmonopolet";"5512202";"Royal Tokaij Late Harvest 2017";"Royal Tokaij Late Harvest";"2017";"189.9";"0.5";"379.8";"White wine";"Glass";"11";"3.452727"
"Vinmonopolet";"5512701";"Protos Roble 2016";"Protos Roble";"2016";"169.9";"0.75";"226.53";"RÃ¸dvin";"Glass";"14";"1.6180952"
"Vinmonopolet";"5513701";"Tavernello";"Tavernello";"0";"129.9";"1";"129.9";"RÃ¸dvin";"Ãvrig";"11.5";"1.1295651"
"Vinmonopolet";"5514101";"Lysholm Linie";"Lysholm Linie";"0";"599.9";"1";"599.9";"Aquavit";"Glass";"41.5";"1.4455422"
"Vinmonopolet";"5514102";"Lysholm Linie";"Lysholm Linie";"0";"319.9";"0.5";"639.8";"Aquavit";"Plast";"41.5";"1.5416868"
"Vinmonopolet";"5515901";"Guignier Moncailleux 2014";"Guignier Moncailleux";"2014";"315.9";"0.75";"421.2";"RÃ¸dvin";"Glass";"11";"3.8290908"
"Vinmonopolet";"5516801";"Groebe Riesling Trocken 2018";"Groebe Riesling Trocken";"2018";"209.9";"0.75";"279.87";"White wine";"Glass";"12.5";"2.2389333"
"Vinmonopolet";"5517901";"Ruggeri Rose di Pinot Brut";"Ruggeri Rose di Pinot Brut";"0";"209.9";"0.75";"279.87";"Musserende vin, rosÃ©";"Glass";"12";"2.3322222"
"Vinmonopolet";"5518101";"Monsanto Chianti Classico 2017";"Monsanto Chianti Classico";"2017";"248.9";"0.75";"331.87";"RÃ¸dvin";"Glass";"14";"2.3704762"
"Vinmonopolet";"5518301";"Monsanto Il Poggio Chianti Classico Gran Selezione 2015";"Monsanto Il Poggio Chianti Classico Gran Selezione";"2015";"770.9";"0.75";"1027.87";"RÃ¸dvin";"Glass";"14";"7.341905"
"Vinmonopolet";"5518401";"Bruno Paillard PremiÃ¨re CuvÃ©e, Brut";"Bruno Paillard PremiÃ¨re CuvÃ©e, Brut";"0";"480.6";"0.75";"640.8";"Champagne, brut";"Glass";"12";"5.34"
"Vinmonopolet";"5520201";"Saladin Chaveyron 1422 2014";"Saladin Chaveyron";"2014";"189.9";"0.75";"253.2";"RÃ¸dvin";"Glass";"13";"1.9476923"
"Vinmonopolet";"5520401";"Saladin Paul CÃ´tes du RhÃ´ne 2015";"Saladin Paul CÃ´tes du RhÃ´ne";"2015";"139.9";"0.75";"186.53";"RÃ¸dvin";"Glass";"13";"1.4348717"
"Vinmonopolet";"5521401";"Nino Negri Sfursat Valtellina 2016";"Nino Negri Sfursat Valtellina";"2016";"349.5";"0.75";"466";"RÃ¸dvin";"Glass";"16";"2.9125"
"Vinmonopolet";"5522401";"Erling Skakke V.S.O.P";"Erling Skakke V.S.O.P";"0";"515";"0.7";"735.71";"Grape spirit";"Glass";"40";"1.8392857"
"Vinmonopolet";"5522601";"Russian Standard Original";"Russian Standard Original";"0";"379.9";"0.7";"542.71";"Vodka";"Glass";"40";"1.3567858"
"Vinmonopolet";"5522701";"Russian Standard Platinum";"Russian Standard Platinum";"0";"499.9";"0.7";"714.14";"Vodka";"Glass";"40";"1.7853571"
"Vinmonopolet";"5522902";"Midtfyns Imperial Stout";"Midtfyns Imperial Stout";"0";"67.9";"0.33";"205.76";"Porter and stout";"Glass";"9.5";"2.1658692"
"Vinmonopolet";"5523501";"Camp";"Camp";"0";"119.9";"0.75";"159.87";"RÃ¸dvin";"Glass";"12";"1.3322222"
"Vinmonopolet";"5523506";"Camp";"Camp";"0";"405.9";"3";"135.3";"RÃ¸dvin";"Bag-in-box";"12";"1.1274999"
"Vinmonopolet";"5524301";"The Goatfather 2016";"The Goatfather";"2016";"199.9";"0.75";"266.53";"RÃ¸dvin";"Glass";"14";"1.9038094"
"Vinmonopolet";"5525401";"Tall Horse Shiraz 2019";"Tall Horse Shiraz";"2019";"129.9";"0.75";"173.2";"RÃ¸dvin";"Glass";"13.5";"1.2829629"
"Vinmonopolet";"5526401";"Monastier Cabernet Sauvignon 2018";"Monastier Cabernet Sauvignon";"2018";"124.9";"0.75";"166.53";"RÃ¸dvin";"Glass";"13.5";"1.2335802"
"Vinmonopolet";"5527301";"Gobelsburg GrÃ¼ner Veltliner LÃ¶ss 2018";"Gobelsburg GrÃ¼ner Veltliner LÃ¶ss";"2018";"219.9";"0.75";"293.2";"White wine";"Glass";"12";"2.4433331"
"Vinmonopolet";"5528701";"Monte del FrÃ¡ Valpolicella Classico Superiore Ripasso 2017";"Monte del FrÃ¡ Valpolicella Classico Superiore Ripasso";"2017";"199.9";"0.75";"266.53";"RÃ¸dvin";"Glass";"14";"1.9038094"
"Vinmonopolet";"5528705";"Monte del FrÃ¡ Valpolicella Classico Superiore Ripasso";"Monte del FrÃ¡ Valpolicella Classico Superiore Ripasso";"2015";"459.9";"1.5";"306.6";"RÃ¸dvin";"Glass";"14";"2.19"
"Vinmonopolet";"5532501";"RenÃ© Geoffroy Expression";"RenÃ© Geoffroy Expression";"0";"449.1";"0.75";"598.8";"Champagne, brut";"Glass";"12.5";"4.7904"
"Vinmonopolet";"5533801";"MjÃ¸sa X.O.";"MjÃ¸sa X.O.";"0";"625";"0.7";"892.86";"Grape spirit";"Glass";"40";"2.232143"
"Vinmonopolet";"5533901";"SnÃ¸hetta X.O.";"SnÃ¸hetta X.O.";"0";"625";"0.7";"892.86";"Grape spirit";"Glass";"40";"2.232143"
"Vinmonopolet";"5534701";"Amrut Indian Single Malt Whisky";"Amrut Indian Single Malt Whisky";"0";"785";"0.7";"1121.43";"Whisky";"Glass";"46";"2.4378881"
"Vinmonopolet";"5536001";"Protos Crianza 2016";"Protos Crianza";"2016";"249.9";"0.75";"333.2";"RÃ¸dvin";"Glass";"14.5";"2.297931"
"Vinmonopolet";"5536201";"Protos Reserva 2012";"Protos Reserva";"2012";"329.9";"0.75";"439.87";"RÃ¸dvin";"Glass";"14";"3.1419046"
"Vinmonopolet";"5536601";"Rolling Shiraz 2017";"Rolling Shiraz";"2017";"149.9";"0.75";"199.87";"RÃ¸dvin";"Glass";"13.5";"1.4804938"
"Vinmonopolet";"5537201";"Taittinger Les Folies de la Marquetterie";"Taittinger Les Folies de la Marquetterie";"0";"659.9";"0.75";"879.87";"Champagne, brut";"Glass";"12.5";"7.0389338"
"Vinmonopolet";"5537301";"Albret Reserva 2013";"Albret Reserva";"2013";"99.9";"0.75";"133.2";"RÃ¸dvin";"Glass";"14";"0.9514286"
"Vinmonopolet";"5537401";"Piccini Chianti 2018";"Piccini Chianti";"2018";"139.9";"0.75";"186.53";"RÃ¸dvin";"Glass";"12.5";"1.4922667"
"Vinmonopolet";"5537506";"Goats do Roam 2019";"Goats do Roam";"2019";"429.9";"3";"143.3";"RÃ¸dvin";"Bag-in-box";"13.5";"1.0614815"
"Vinmonopolet";"5537901";"Ten. di Biserno Il Pino";"Ten. di Biserno Il Pino";"2016";"548.5";"0.75";"731.33";"RÃ¸dvin";"Glass";"14.5";"5.0436783"
"Vinmonopolet";"5539001";"Fenocchio Dolcetto d'Alba";"Fenocchio Dolcetto d'Alba";"2018";"174.9";"0.75";"233.2";"RÃ¸dvin";"Glass";"13";"1.7938461"
"Vinmonopolet";"5539301";"Capitel della Crosara Amarone della Valpolicella Classico 2013";"Capitel della Crosara Amarone della Valpolicella Classico";"2013";"449";"0.75";"598.67";"RÃ¸dvin";"Glass";"15.5";"3.8623655"
"Vinmonopolet";"5539405";"Il Fondatore Amarone della Valpolicella 2014";"Il Fondatore Amarone della Valpolicella";"2014";"819";"1.5";"546";"RÃ¸dvin";"Glass";"15.5";"3.5225806"
"Vinmonopolet";"5539501";"Castelliere delle Guaite Valpolicella Primo Ripasso 2014";"Castelliere delle Guaite Valpolicella Primo Ripasso";"2014";"269";"0.75";"358.67";"RÃ¸dvin";"Glass";"14.5";"2.4735632"
"Vinmonopolet";"5540102";"Karl May Riesling Auslese 2018";"Karl May Riesling Auslese";"2018";"179.9";"0.38";"479.73";"White wine";"Glass";"8";"5.917763"
"Vinmonopolet";"5540901";"Gustave Lorentz CrÃ©mant d'Alsace Brut";"Gustave Lorentz CrÃ©mant d'Alsace Brut";"0";"199.9";"0.75";"266.53";"Sparkling wine";"Glass";"12.5";"2.1322665"
"Vinmonopolet";"5541001";"Laurent-Perrier Grand SiÃ¨cle Brut";"Laurent-Perrier Grand SiÃ¨cle Brut";"0";"1390";"0.75";"1853.33";"Champagne, brut";"Glass";"12";"15.444445"
"Vinmonopolet";"5543701";"Highland Park 25 Years Old";"Highland Park 25 Years Old";"0";"3999";"0.7";"5712.86";"Whisky";"Glass";"45.7";"12.500781"
"Vinmonopolet";"5544401";"Laurent-Perrier Brut 2008";"Laurent-Perrier Brut";"2008";"529.9";"0.75";"706.53";"Champagne, brut";"Glass";"12";"5.8877783"
"Vinmonopolet";"5545401";"Serego Alighieri Poderi BellOvile 2016";"Serego Alighieri Poderi BellOvile";"2016";"189.9";"0.75";"253.2";"RÃ¸dvin";"Glass";"13";"1.9476923"
"Vinmonopolet";"5549401";"Ch. de Puligny-Montrachet 1er Cru La Garenne 2016";"Ch. de Puligny-Montrachet 1er Cru La Garenne";"2016";"719.9";"0.75";"959.87";"White wine";"Glass";"12.5";"7.6789336"
"Vinmonopolet";"5550001";"Dom. Graveirette Lou Tardon 2016";"Dom. Graveirette Lou Tardon";"2016";"199.6";"0.75";"266.13";"RÃ¸dvin";"Glass";"14.5";"1.8354024"
"Vinmonopolet";"5550201";"NordsÃ¸ Bitter";"NordsÃ¸ Bitter";"0";"339.9";"0.7";"485.57";"Bitter	";"Glass";"30";"1.6185714"
"Vinmonopolet";"5551101";"Bouchard Gevrey-Chambertin 2016";"Bouchard Gevrey-Chambertin";"2016";"534.9";"0.75";"713.2";"RÃ¸dvin";"Glass";"13.5";"5.2829633"
"Vinmonopolet";"5551501";"Ch. du Beaune Premier Cru 2016";"Ch. du Beaune Premier Cru";"2016";"445.9";"0.75";"594.53";"White wine";"Glass";"14.5";"4.1002297"
"Vinmonopolet";"5555801";"Neumer Weinmann Riesling Brut 2014";"Neumer Weinmann Riesling Brut";"2014";"199.9";"0.75";"266.53";"Sparkling wine";"Glass";"13";"2.0502563"
"Vinmonopolet";"5556001";"Vidal-Fleury ChÃ¢teauneuf-du-Pape 2015";"Vidal-Fleury ChÃ¢teauneuf-du-Pape";"2015";"509.9";"0.75";"679.87";"RÃ¸dvin";"Glass";"15";"4.5324445"
"Vinmonopolet";"5556801";"Bruno Paillard RosÃ© PremiÃ¨re CuvÃ©e Brut";"Bruno Paillard RosÃ© PremiÃ¨re CuvÃ©e Brut";"0";"673.4";"0.75";"897.87";"Champagne, rosÃ©";"Glass";"12";"7.4822226"
"Vinmonopolet";"5557701";"AntaÃ±o 2013";"AntaÃ±o";"2013";"169.9";"0.75";"226.53";"RÃ¸dvin";"Glass";"13";"1.7425641"
"Vinmonopolet";"5563801";"Poggio al Tesoro Sondraia 2016";"Poggio al Tesoro Sondraia";"2016";"629.9";"0.75";"839.87";"RÃ¸dvin";"Glass";"15";"5.5991116"
"Vinmonopolet";"5567201";"Meukow XO Grande Champagne";"Meukow XO Grande Champagne";"0";"1228.3";"0.7";"1754.71";"Grape spirit";"Glass";"40";"4.386786"
"Vinmonopolet";"5567501";"Enate Cabernet Sauvignon Reserva 2012";"Enate Cabernet Sauvignon Reserva";"2012";"259.9";"0.75";"346.53";"RÃ¸dvin";"Glass";"15";"2.3102221"
"Vinmonopolet";"5567601";"Enate Tempranillo Cabernet Sauvignon Crianza 2015";"Enate Tempranillo Cabernet Sauvignon Crianza";"2015";"219.9";"0.75";"293.2";"RÃ¸dvin";"Glass";"15";"1.9546666"
"Vinmonopolet";"5568806";"Quinta da Espiga 2018";"Quinta da Espiga";"2018";"1400";"10";"140";"RÃ¸dvin";"Bag-in-box";"12";"1.1666666"
"Vinmonopolet";"5569401";"Il Bugiardo Valpolicella Classico Superiore Ripasso 2011";"Il Bugiardo Valpolicella Classico Superiore Ripasso";"2011";"199.9";"0.75";"266.53";"RÃ¸dvin";"Glass";"14";"1.9038094"
"Vinmonopolet";"5569501";"Il Ruffiano Valpolicella Classico Superiore 2009";"Il Ruffiano Valpolicella Classico Superiore";"2009";"202.7";"0.75";"270.27";"RÃ¸dvin";"Glass";"14";"1.9304762"
"Vinmonopolet";"5574601";"San Biagio Barbera d'Alba 2017";"San Biagio Barbera d'Alba";"2017";"190.5";"0.75";"254";"RÃ¸dvin";"Glass";"12.5";"2.032"
"Vinmonopolet";"5574701";"San Biagio Barolo Bricco San Biagio 2013";"San Biagio Barolo Bricco San Biagio";"2013";"347.7";"0.75";"463.6";"RÃ¸dvin";"Glass";"14.5";"3.1972415"
"Vinmonopolet";"5577101";"Dom. Graveirette Ju de Vie 2017";"Dom. Graveirette Ju de Vie";"2017";"179.9";"0.75";"239.87";"RÃ¸dvin";"Glass";"14";"1.7133332"
"Vinmonopolet";"5577401";"Ga-Jol Gul";"Ga-Jol Gul";"0";"359.9";"0.7";"514.14";"LikÃ¸r";"Glass";"30";"1.7138095"
"Vinmonopolet";"5578501";"Fairview Cape Granite Blend 2014";"Fairview Cape Granite Blend";"2014";"199.9";"0.75";"266.53";"RÃ¸dvin";"Glass";"13.5";"1.9743209"
"Vinmonopolet";"5578701";"Periquita Reserva 2017";"Periquita Reserva";"2017";"139.9";"0.75";"186.53";"RÃ¸dvin";"Glass";"13";"1.4348717"
"Vinmonopolet";"5578705";"Periquita Reserva 2016";"Periquita Reserva";"2016";"344.9";"1.5";"229.93";"RÃ¸dvin";"Glass";"13";"1.7687179"
"Vinmonopolet";"5578706";"Periquita Reserva 2016";"Periquita Reserva";"2016";"439.9";"3";"146.63";"RÃ¸dvin";"Bag-in-box";"13";"1.1279488"
"Vinmonopolet";"5578707";"Periquita Reserva 2014";"Periquita Reserva";"2014";"1044.9";"3";"348.3";"RÃ¸dvin";"Glass";"13";"2.679231"
"Vinmonopolet";"5579001";"Banfi Centine RosÃ© 2018";"Banfi Centine RosÃ©";"2018";"179.9";"0.75";"239.87";"RosÃ©vin";"Glass";"13";"1.8451282"
"Vinmonopolet";"5581701";"Egge GÃ¥rd Liersider";"Egge GÃ¥rd Liersider";"2016";"159.9";"0.75";"213.2";"Cider";"Glass";"11";"1.9381818"
"Vinmonopolet";"5583806";"Monastier Cabernet Sauvignon 2018";"Monastier Cabernet Sauvignon";"2018";"449.9";"3";"149.97";"RÃ¸dvin";"Bag-in-box";"13.5";"1.1108642"
"Vinmonopolet";"5585301";"Fairview Cape Granite Blend 2015";"Fairview Cape Granite Blend";"2015";"189.6";"0.75";"252.8";"White wine";"Glass";"13.5";"1.8725927"
"Vinmonopolet";"5585701";"MarquÃ©s de dos Aguas 2017";"MarquÃ©s de dos Aguas";"2017";"119.9";"0.75";"159.87";"RÃ¸dvin";"Glass";"12.5";"1.2789334"
"Vinmonopolet";"5586201";"Altos Las Hormigas Malbec Reserva 2014";"Altos Las Hormigas Malbec Reserva";"2014";"260.9";"0.75";"347.87";"RÃ¸dvin";"Glass";"14";"2.484762"
"Vinmonopolet";"5586401";"Altos Las Hormigas Malbec 2014";"Altos Las Hormigas Malbec";"2014";"190";"0.75";"253.33";"RÃ¸dvin";"Glass";"13";"1.948718"
"Vinmonopolet";"5588001";"Dupont Cidre BouchÃ© 2017";"Dupont Cidre BouchÃ©";"2017";"155";"0.75";"206.67";"Cider";"Glass";"5.5";"3.7575758"
"Vinmonopolet";"5588002";"Dupont Cidre BouchÃ© 2016";"Dupont Cidre BouchÃ©";"2016";"93";"0.38";"248";"Cider";"Glass";"5.5";"4.449761"
"Vinmonopolet";"5588101";"Dupont Cidre Reserve 2016";"Dupont Cidre Reserve";"2016";"229.9";"0.75";"306.53";"Cider";"Glass";"7.5";"4.087111"
"Vinmonopolet";"5588601";"Clos Henri Sauvignon Blanc 2017";"Clos Henri Sauvignon Blanc";"2017";"259.9";"0.75";"346.53";"White wine";"Glass";"13.5";"2.5669136"
"Vinmonopolet";"5589201";"De Casta Rosado 2019";"De Casta Rosado";"2019";"129.9";"0.75";"173.2";"RosÃ©vin";"Glass";"12.5";"1.3856"
"Vinmonopolet";"5589301";"Fransola Sauvignon Blanc 2017";"Fransola Sauvignon Blanc";"2017";"249.9";"0.75";"333.2";"White wine";"Glass";"13.5";"2.468148"
"Vinmonopolet";"5589401";"Marimar Estate La Masia Chardonnay 2017";"Marimar Estate La Masia Chardonnay";"2017";"389.9";"0.75";"519.87";"White wine";"Glass";"13.5";"3.8508642"
"Vinmonopolet";"5589501";"Milmanda Chardonnay 2015";"Milmanda Chardonnay";"2015";"359.9";"0.75";"479.87";"White wine";"Glass";"14";"3.427619"
"Vinmonopolet";"5590202";"Kirin Ichiban";"Kirin Ichiban";"0";"34.5";"0.33";"104.55";"Light lager";"Glass";"5";"2.090909"
"Vinmonopolet";"5590601";"Casa Silva Syrah Reserva 2018";"Casa Silva Syrah Reserva";"2018";"164.9";"0.75";"219.87";"RÃ¸dvin";"Glass";"14";"1.5704762"
"Vinmonopolet";"5591501";"Vivanco Reserva 2014";"Vivanco Reserva";"2014";"182.3";"0.75";"243.07";"RÃ¸dvin";"Glass";"14";"1.7361906"
"Vinmonopolet";"5591601";"Vivanco Crianza 2016";"Vivanco Crianza";"2016";"168.7";"0.75";"224.93";"RÃ¸dvin";"Glass";"13.5";"1.6661729"
"Vinmonopolet";"5592001";"Carlos Serres Crianza 2016";"Carlos Serres Crianza";"2016";"173.4";"0.75";"231.2";"RÃ¸dvin";"Glass";"13";"1.7784615"
"Vinmonopolet";"5592106";"Crocodile Rock Shiraz Cabernet";"Crocodile Rock Shiraz Cabernet";"0";"429.9";"3";"143.3";"RÃ¸dvin";"Bag-in-box";"12";"1.1941667"
"Vinmonopolet";"5593101";"Boschendal Chardonnay Pinot Noir 2017";"Boschendal Chardonnay Pinot Noir";"2017";"209.9";"0.75";"279.87";"White wine";"Glass";"13";"2.1528203"
"Vinmonopolet";"5594601";"Antoniolo Bricco Lorella Rosato 2019";"Antoniolo Bricco Lorella Rosato";"2019";"198";"0.75";"264";"RosÃ©vin";"Glass";"13";"2.0307693"
"Vinmonopolet";"5595105";"Vignabaldo Orvieto Classico 2017";"Vignabaldo Orvieto Classico";"2017";"248.5";"1.5";"165.67";"White wine";"Glass";"12.5";"1.3253334"
"Vinmonopolet";"5595701";"Cascina Cucco Barbera d'Alba 2015";"Cascina Cucco Barbera d'Alba";"2015";"219.9";"0.75";"293.2";"RÃ¸dvin";"Glass";"13.5";"2.1718519"
"Vinmonopolet";"5596201";"Nervi Gattinara Vigna Molsino 2014";"Nervi Gattinara Vigna Molsino";"2014";"1049.9";"0.75";"1399.87";"RÃ¸dvin";"Glass";"13.5";"10.369383"
"Vinmonopolet";"5598101";"Delas CÃ´tes du RhÃ´ne Saint-Esprit 2018";"Delas CÃ´tes du RhÃ´ne Saint-Esprit";"2018";"179.9";"0.75";"239.87";"RÃ¸dvin";"Glass";"14";"1.7133332"
"Vinmonopolet";"5598501";"Philip Shaw No. 89 Shiraz 2017";"Philip Shaw No. 89 Shiraz";"2017";"399.9";"0.75";"533.2";"RÃ¸dvin";"Glass";"13.5";"3.9496295"
"Vinmonopolet";"5598601";"Rolling Cabernet Merlot 2016";"Rolling Cabernet Merlot";"2016";"149.9";"0.75";"199.87";"RÃ¸dvin";"Glass";"14";"1.427619"
"Vinmonopolet";"5598801";"Climbing Cabernet Sauvignon 2015";"Climbing Cabernet Sauvignon";"2015";"149.9";"0.75";"199.87";"RÃ¸dvin";"Glass";"13.5";"1.4804938"
"Vinmonopolet";"5599601";"Henri Bourgeois Sancerre Les Baronnes RosÃ© 2019";"Henri Bourgeois Sancerre Les Baronnes RosÃ©";"2019";"209.9";"0.75";"279.87";"RosÃ©vin";"Glass";"13";"2.1528203"
"Vinmonopolet";"5600201";"Russian Standard Imperia";"Russian Standard Imperia";"0";"599.9";"0.7";"857";"Vodka";"Glass";"40";"2.1425002"
"Vinmonopolet";"5601601";"Enate Chardonnay Fermentado en Barrica 2017";"Enate Chardonnay Fermentado en Barrica";"2017";"339.9";"0.75";"453.2";"White wine";"Glass";"14.5";"3.1255171"
"Vinmonopolet";"5602901";"Andean Malbec 2018";"Andean Malbec";"2018";"145";"0.75";"193.33";"RÃ¸dvin";"Glass";"13";"1.4871795"
"Vinmonopolet";"5603206";"Allram GrÃ¼ner Veltliner 2018";"Allram GrÃ¼ner Veltliner";"2018";"435";"3";"145";"White wine";"Bag-in-box";"12";"1.2083334"
"Vinmonopolet";"5603301";"Allram Weissburgunder Papageno 2018";"Allram Weissburgunder Papageno";"2018";"169.9";"0.75";"226.53";"White wine";"Glass";"12.5";"1.8122666"
"Vinmonopolet";"5603701";"Cavalchina Bardolino Chiaretto 2019";"Cavalchina Bardolino Chiaretto";"2019";"149.9";"0.75";"199.87";"RosÃ©vin";"Glass";"12";"1.6655555"
"Vinmonopolet";"5604401";"Fairview Goats do Roam White 2019";"Fairview Goats do Roam White";"2019";"149.9";"0.75";"199.87";"White wine";"Glass";"13.5";"1.4804938"
"Vinmonopolet";"5606001";"Quinta do PÃ©go Douro 2015";"Quinta do PÃ©go Douro";"2015";"299.9";"0.75";"399.87";"RÃ¸dvin";"Glass";"14";"2.8561904"
"Vinmonopolet";"5606201";"Ayala Brut Majeur";"Ayala Brut Majeur";"0";"364.9";"0.75";"486.53";"Champagne, brut";"Glass";"12";"4.0544443"
"Vinmonopolet";"5606502";"Satan Gold";"Satan Gold";"0";"67.9";"0.33";"205.76";"Light ale";"Glass";"8";"2.5719697"
"Vinmonopolet";"5607201";"De Stefani RosÃ© 0.15 Millesimato";"De Stefani RosÃ© 0.15 Millesimato";"2019";"195";"0.75";"260";"Musserende vin, rosÃ©";"Glass";"11.5";"2.2608695"
"Vinmonopolet";"5608702";"BrÃ¤nnland Iscider";"BrÃ¤nnland Iscider";"2016";"310";"0.38";"826.67";"Fruit wine";"Glass";"10";"8.157895"
"Vinmonopolet";"5610201";"Roda 1 Reserva 2015";"Roda 1 Reserva";"2015";"499";"0.75";"665.33";"RÃ¸dvin";"Glass";"14.5";"4.5885057"
"Vinmonopolet";"5613901";"Ten. Sette Ponti Crognolo 2016";"Ten. Sette Ponti Crognolo";"2016";"309";"0.75";"412";"RÃ¸dvin";"Glass";"14.5";"2.8413794"
"Vinmonopolet";"5615101";"Silvia Rivella Barbaresco 2013";"Silvia Rivella Barbaresco";"2013";"659.9";"0.75";"879.87";"RÃ¸dvin";"Glass";"14.5";"6.068046"
"Vinmonopolet";"5615301";"Silvia Rivella Langhe Nebbiolo 2015";"Silvia Rivella Langhe Nebbiolo";"2015";"379.9";"0.75";"506.53";"RÃ¸dvin";"Glass";"13.5";"3.7520988"
"Vinmonopolet";"5615501";"Vigna Colonello Barolo 2000";"Vigna Colonello Barolo";"2000";"579";"0.75";"772";"RÃ¸dvin";"Glass";"14.5";"5.324138"
"Vinmonopolet";"5615701";"Mosconi Barolo 2000";"Mosconi Barolo";"2000";"579";"0.75";"772";"RÃ¸dvin";"Glass";"14";"5.5142856"
"Vinmonopolet";"5615901";"Bussia Soprana Barolo 2012";"Bussia Soprana Barolo";"2012";"339";"0.75";"452";"RÃ¸dvin";"Glass";"14";"3.2285714"
"Vinmonopolet";"5616401";"Nicolas Feuillatte CuvÃ©e 225 Brut";"Nicolas Feuillatte CuvÃ©e 225 Brut";"2005";"421.9";"0.75";"562.53";"Champagne, brut";"Glass";"12";"4.6877775"
"Vinmonopolet";"5616701";"Silvia Rivella Barbera d'Alba 2015";"Silvia Rivella Barbera d'Alba";"2015";"339.9";"0.75";"453.2";"RÃ¸dvin";"Glass";"14";"3.2371428"
"Vinmonopolet";"5618001";"Il Mosnel Franciacorta, Brut";"Il Mosnel Franciacorta, Brut";"0";"325";"0.75";"433.33";"Sparkling wine";"Glass";"12";"3.6111112"
"Vinmonopolet";"5618402";"Riga Black Balsam";"Riga Black Balsam";"0";"339.9";"0.5";"679.8";"Bitter	";"Glass";"45";"1.5106666"
"Vinmonopolet";"5619101";"Lauder's Queen Mary";"Lauder's Queen Mary";"0";"369.9";"0.7";"528.43";"Whisky";"Glass";"40";"1.3210714"
"Vinmonopolet";"5619202";"Nectar Pedro XimÃ©nez";"Nectar Pedro XimÃ©nez";"0";"179.9";"0.38";"479.73";"Sherry";"Glass";"15";"3.1561403"
"Vinmonopolet";"5619601";"Odfjell Orzada CarmenÃ¨re 2018";"Odfjell Orzada CarmenÃ¨re";"2018";"214.9";"0.75";"286.53";"RÃ¸dvin";"Glass";"14";"2.0466666"
"Vinmonopolet";"5619901";"Lysholm Throndhjemsaquavit";"Lysholm Throndhjemsaquavit";"0";"639.9";"1";"639.9";"Aquavit";"Glass";"41.5";"1.5419278"
"Vinmonopolet";"5621801";"Beyer Riesling Comtes d'Eguisheim 2011";"Beyer Riesling Comtes d'Eguisheim";"2011";"429";"0.75";"572";"White wine";"Glass";"13";"4.4"
"Vinmonopolet";"5623701";"Saint Cosme CÃ´tes du RhÃ´ne 2019";"Saint Cosme CÃ´tes du RhÃ´ne";"2019";"189.9";"0.75";"253.2";"RÃ¸dvin";"Glass";"14.5";"1.7462069"
"Vinmonopolet";"5624602";"Hugel Gewurztraminer Vendange Tardive 2010";"Hugel Gewurztraminer Vendange Tardive";"2010";"329.9";"0.38";"879.73";"White wine";"Glass";"12";"7.234649"
"Vinmonopolet";"5624806";"Santa Ana Malbec 2019";"Santa Ana Malbec";"2019";"429.9";"3";"143.3";"RÃ¸dvin";"Bag-in-box";"13";"1.1023077"
"Vinmonopolet";"5625106";"Hardys Varietal Range Chardonnay 2018";"Hardys Varietal Range Chardonnay";"2018";"399.9";"3";"133.3";"White wine";"Bag-in-box";"13";"1.0253845"
"Vinmonopolet";"5625401";"Rocca Sveva Soave Classico 2017";"Rocca Sveva Soave Classico";"2017";"179.9";"0.75";"239.87";"White wine";"Glass";"12.5";"1.9189333"
"Vinmonopolet";"5625705";"Eric Rodez Blanc de Noirs Brut";"Eric Rodez Blanc de Noirs Brut";"0";"1189.9";"1.5";"793.27";"Champagne, brut";"Glass";"12";"6.6105556"
"Vinmonopolet";"5625805";"Tarlant Brut Zero";"Tarlant Brut Zero";"0";"785";"1.5";"523.33";"Champagne extra brut";"Glass";"12";"4.361111"
"Vinmonopolet";"5626801";"Sattlerhof Sauvignon Blanc 2017";"Sattlerhof Sauvignon Blanc";"2017";"249";"0.75";"332";"White wine";"Glass";"12.5";"2.656"
"Vinmonopolet";"5626901";"Jaeger-Defaix Rully 1er Cru Mont Palais 2018";"Jaeger-Defaix Rully 1er Cru Mont Palais";"2018";"299";"0.75";"398.67";"White wine";"Glass";"13.5";"2.9530864"
"Vinmonopolet";"5629201";"Eikendal CuvÃ©e Rouge 2017";"Eikendal CuvÃ©e Rouge";"2017";"213.3";"0.75";"284.4";"RÃ¸dvin";"Glass";"14.5";"1.9613793"
"Vinmonopolet";"5629701";"Cascina Collina Barbera dÂ´Asti Passio 2018";"Cascina Collina Barbera dÂ´Asti Passio";"2018";"199.9";"0.75";"266.53";"RÃ¸dvin";"Glass";"14.5";"1.8381609"
"Vinmonopolet";"5631301";"Ayala Brut Nature";"Ayala Brut Nature";"0";"504.9";"0.75";"673.2";"Champagne extra brut";"Glass";"12";"5.61"
"Vinmonopolet";"5631401";"Ayala Blanc de Blancs 2013";"Ayala Blanc de Blancs";"2013";"659.5";"0.75";"879.33";"Champagne, brut";"Glass";"12";"7.327778"
"Vinmonopolet";"5631501";"Eileen Hardy Shiraz 2010";"Eileen Hardy Shiraz";"2010";"690";"0.75";"920";"RÃ¸dvin";"Glass";"13.5";"6.814815"
"Vinmonopolet";"5631601";"Eileen Hardy Chardonnay 2014";"Eileen Hardy Chardonnay";"2014";"480";"0.75";"640";"White wine";"Glass";"13.5";"4.740741"
"Vinmonopolet";"5632301";"Salmos 2016";"Salmos";"2016";"299.9";"0.75";"399.87";"RÃ¸dvin";"Glass";"14";"2.8561904"
"Vinmonopolet";"5634002";"Stroh 40";"Stroh 40";"0";"309.9";"0.5";"619.8";"Rum";"Glass";"40";"1.5495"
"Vinmonopolet";"5634102";"Stroh 60";"Stroh 60";"0";"409.9";"0.5";"819.8";"Rum";"Glass";"60";"1.3663334"
"Vinmonopolet";"5634501";"The Black Grouse";"The Black Grouse";"0";"455.9";"0.7";"651.29";"Whisky";"Glass";"40";"1.6282142"
"Vinmonopolet";"5635101";"Dom. du Coulet Cornas Brise Cailloux 2017";"Dom. du Coulet Cornas Brise Cailloux";"2017";"379.8";"0.75";"506.4";"RÃ¸dvin";"Glass";"13";"3.8953846"
"Vinmonopolet";"5635301";"Dom. du Coulet Les Billes Noires Cornas 2014";"Dom. du Coulet Les Billes Noires Cornas";"2014";"689.9";"0.75";"919.87";"RÃ¸dvin";"Glass";"12.5";"7.3589334"
"Vinmonopolet";"5636801";"San Polo Brunello di Montalcino 2014";"San Polo Brunello di Montalcino";"2014";"629.9";"0.75";"839.87";"RÃ¸dvin";"Glass";"14";"5.9990478"
"Vinmonopolet";"5636901";"San Polo Rosso di Montalcino 2016";"San Polo Rosso di Montalcino";"2016";"319.9";"0.75";"426.53";"RÃ¸dvin";"Glass";"14";"3.0466666"
"Vinmonopolet";"5640901";"Murgo Etna Rosato 2018";"Murgo Etna Rosato";"2018";"199.8";"0.75";"266.4";"RosÃ©vin";"Glass";"12.5";"2.1312"
"Vinmonopolet";"5641101";"Keller Riesling Trocken 2019";"Keller Riesling Trocken";"2019";"195.1";"0.75";"260.13";"White wine";"Glass";"11";"2.3648486"
"Vinmonopolet";"5641401";"Battenfeld-Spanier Estate Riesling 2019";"Battenfeld-Spanier Estate Riesling";"2019";"155.9";"0.75";"207.87";"White wine";"Glass";"12";"1.7322222"
"Vinmonopolet";"5642101";"Gobelsburg Ried Heiligenstein Kamptal Riesling Reserve 2015";"Gobelsburg Ried Heiligenstein Kamptal Riesling Reserve";"2015";"419.9";"0.75";"559.87";"White wine";"Glass";"13";"4.3066664"
"Vinmonopolet";"5642501";"Gobelsburger GrÃ¼ner Veltliner 2019";"Gobelsburger GrÃ¼ner Veltliner";"2019";"189.9";"0.75";"253.2";"White wine";"Glass";"12.5";"2.0256"
"Vinmonopolet";"5646301";"Giacomo Conterno Barolo Cascina Francia 2015";"Giacomo Conterno Barolo Cascina Francia";"2015";"2119.2";"0.75";"2825.6";"RÃ¸dvin";"Glass";"14.5";"19.486897"
"Vinmonopolet";"5647301";"Philipponnat Royale RÃ©serve Brut";"Philipponnat Royale RÃ©serve Brut";"2014";"559.9";"0.75";"746.53";"Champagne, brut";"Glass";"12";"6.2211113"
"Vinmonopolet";"5647305";"Philipponnat Royale RÃ©serve Brut";"Philipponnat Royale RÃ©serve Brut";"2009";"1300";"1.5";"866.67";"Champagne, brut";"Glass";"12";"7.2222223"
"Vinmonopolet";"5647307";"Philipponnat Royale RÃ©serve Brut";"Philipponnat Royale RÃ©serve Brut";"0";"3600";"3";"1200";"Champagne, brut";"Glass";"12";"10"
"Vinmonopolet";"5653201";"Lequin-Colin Corton Charlemagne Grand Cru 2018";"Lequin-Colin Corton Charlemagne Grand Cru";"2018";"849.9";"0.75";"1133.2";"White wine";"Glass";"13.5";"8.394074"
"Vinmonopolet";"5653301";"Lequin-Colin Chassagne Montrachet Clos Devant 2017";"Lequin-Colin Chassagne Montrachet Clos Devant";"2017";"499.9";"0.75";"666.53";"White wine";"Glass";"13";"5.1271796"
"Vinmonopolet";"5653401";"Ratti Nebbiolo d'Alba Ochetti 2017";"Ratti Nebbiolo d'Alba Ochetti";"2017";"269.9";"0.75";"359.87";"RÃ¸dvin";"Glass";"14";"2.570476"
"Vinmonopolet";"5653501";"Grangeneuve Tradition 2011";"Grangeneuve Tradition";"2011";"199.9";"0.75";"266.53";"RÃ¸dvin";"Glass";"13.5";"1.9743209"
"Vinmonopolet";"5654101";"Faury Saint-Joseph La Gloriette 2016";"Faury Saint-Joseph La Gloriette";"2016";"369.9";"0.75";"493.2";"RÃ¸dvin";"Glass";"13";"3.7938461"
"Vinmonopolet";"5654306";"Calles Riesling 2017";"Calles Riesling";"2017";"459.9";"3";"153.3";"White wine";"Bag-in-box";"11";"1.3936363"
"Vinmonopolet";"5655901";"Odfjell Armador Sauvignon Blanc 2018";"Odfjell Armador Sauvignon Blanc";"2018";"149.9";"0.75";"199.87";"White wine";"Glass";"13.5";"1.4804938"
"Vinmonopolet";"5656201";"Passolo 2017";"Passolo";"2017";"116.9";"0.75";"155.87";"RÃ¸dvin";"Glass";"13";"1.1989744"
"Vinmonopolet";"5657001";"Weiser-KÃ¼nstler Wolfer Sonnenlay Riesling Kabinett 2017";"Weiser-KÃ¼nstler Wolfer Sonnenlay Riesling Kabinett";"2017";"259.9";"0.75";"346.53";"White wine";"Glass";"8.5";"4.076863"
"Vinmonopolet";"5657401";"Deiss Alsace 2015";"Deiss Alsace";"2015";"249.8";"0.75";"333.07";"White wine";"Glass";"13";"2.5620513"
"Vinmonopolet";"5657901";"Chatellier Pouilly FumÃ© Argile 2018";"Chatellier Pouilly FumÃ© Argile";"2018";"269.9";"0.75";"359.87";"White wine";"Glass";"13";"2.7682052"
"Vinmonopolet";"5658001";"Chatellier Pouilly FumÃ© Premier Millesime 2017";"Chatellier Pouilly FumÃ© Premier Millesime";"2017";"289.9";"0.75";"386.53";"White wine";"Glass";"13.5";"2.8632097"
"Vinmonopolet";"5658101";"Clos de Trias Ventoux 2013";"Clos de Trias Ventoux";"2013";"225";"0.75";"300";"RÃ¸dvin";"Glass";"14";"2.142857"
"Vinmonopolet";"5658201";"Dreissigacker Bechtheimer Riesling 2017";"Dreissigacker Bechtheimer Riesling";"2017";"279.9";"0.75";"373.2";"White wine";"Glass";"13";"2.8707693"
"Vinmonopolet";"5659401";"Trapiche Terroir Series Finca Coletto 2014";"Trapiche Terroir Series Finca Coletto";"2014";"379.9";"0.75";"506.53";"RÃ¸dvin";"Glass";"14.5";"3.4933333"
"Vinmonopolet";"5660101";"LÃ¸itens Sommer Aquavit";"LÃ¸itens Sommer Aquavit";"0";"574.9";"1";"574.9";"Aquavit";"Glass";"38";"1.5128947"
"Vinmonopolet";"5660501";"Falling Feather Ruby Cabernet 2019";"Falling Feather Ruby Cabernet";"2019";"129.9";"0.75";"173.2";"RÃ¸dvin";"Glass";"12";"1.4433333"
"Vinmonopolet";"5660506";"Falling Feather Ruby Cabernet 2019";"Falling Feather Ruby Cabernet";"2019";"429.9";"3";"143.3";"RÃ¸dvin";"Bag-in-box";"12";"1.1941667"
"Vinmonopolet";"5662901";"Leitz Magic Mountain Riesling Trocken 2015";"Leitz Magic Mountain Riesling Trocken";"2015";"179.6";"0.75";"239.47";"White wine";"Glass";"12.5";"1.9157335"
"Vinmonopolet";"5664201";"Ciao Chardonnay";"Ciao Chardonnay";"0";"139.6";"1";"139.6";"White wine";"Ãvrig";"12";"1.1633334"
"Vinmonopolet";"5664301";"Ciao Sangiovese";"Ciao Sangiovese";"0";"158.6";"1";"158.6";"RÃ¸dvin";"Ãvrig";"13";"1.22"
"Vinmonopolet";"5664501";"Ciao Primitivo Merlot";"Ciao Primitivo Merlot";"0";"153.6";"1";"153.6";"RÃ¸dvin";"Ãvrig";"13.5";"1.1377778"
"Vinmonopolet";"5664601";"Fenocchio Barolo Cannubi 2014";"Fenocchio Barolo Cannubi";"2014";"349.9";"0.75";"466.53";"RÃ¸dvin";"Glass";"14";"3.332381"
"Vinmonopolet";"5665201";"Graham Beck Pinot Noir Chardonnay Brut";"Graham Beck Pinot Noir Chardonnay Brut";"0";"199";"0.75";"265.33";"Sparkling wine";"Glass";"12";"2.211111"
"Vinmonopolet";"5665701";"Filicheto Vino Nobile di Montepulciano 2015";"Filicheto Vino Nobile di Montepulciano";"2015";"150";"0.75";"200";"RÃ¸dvin";"Glass";"13.5";"1.4814814"
"Vinmonopolet";"5666101";"Graham's 20 Years Old Tawny";"Graham's 20 Years Old Tawny";"0";"599.9";"0.75";"799.87";"Port wine";"Glass";"20";"3.9993334"
"Vinmonopolet";"5666201";"Altano 2016";"Altano";"2016";"159.9";"0.75";"213.2";"RÃ¸dvin";"Glass";"13.5";"1.5792592"
"Vinmonopolet";"5666501";"Masi Passo Blanco 2019";"Masi Passo Blanco";"2019";"139.9";"0.75";"186.53";"White wine";"Glass";"12.5";"1.4922667"
"Vinmonopolet";"5667001";"Villa Puccini 2015";"Villa Puccini";"2015";"129.9";"0.75";"173.2";"RÃ¸dvin";"Glass";"12.5";"1.3856"
"Vinmonopolet";"5667101";"N'Ice Chouffe";"N'Ice Chouffe";"0";"134.1";"0.75";"178.8";"Trappist";"Glass";"10";"1.7880001"
"Vinmonopolet";"5667402";"Samuel Smith's Nut Brown Ale";"Samuel Smith's Nut Brown Ale";"0";"45.9";"0.35";"129.3";"Brown ale";"Glass";"5";"2.6228573"
"Vinmonopolet";"5668801";"Drop Shot Black Magic";"Drop Shot Black Magic";"0";"299.9";"0.7";"428.43";"LikÃ¸r";"Glass";"20";"2.1421428"
"Vinmonopolet";"5669701";"Principiano Langhe Rosso 2017";"Principiano Langhe Rosso";"2017";"189.9";"0.75";"253.2";"RÃ¸dvin";"Glass";"13.5";"1.8755555"
"Vinmonopolet";"5669801";"Halvor Heuchs Hedersaquavit 2016";"Halvor Heuchs Hedersaquavit";"2016";"599.9";"0.7";"857";"Aquavit";"Glass";"41.5";"2.0650604"
"Vinmonopolet";"5670101";"Pecchenino San Luigi Dogliani 2018";"Pecchenino San Luigi Dogliani";"2018";"199.9";"0.75";"266.53";"RÃ¸dvin";"Glass";"13.5";"1.9743209"
"Vinmonopolet";"5670201";"Quass Barbera d'Alba 2016";"Quass Barbera d'Alba";"2016";"309.9";"0.75";"413.2";"RÃ¸dvin";"Glass";"14.5";"2.8496552"
"Vinmonopolet";"5670501";"Tullamore Dew";"Tullamore Dew";"0";"589.9";"1";"589.9";"Whisky";"Glass";"40";"1.47475"
"Vinmonopolet";"5670502";"Tullamore Dew";"Tullamore Dew";"0";"309.9";"0.5";"619.8";"Whisky";"Plast";"40";"1.5495"
"Vinmonopolet";"5670601";"Cono Sur Bicicleta GewÃ¼rztraminer 2018";"Cono Sur Bicicleta GewÃ¼rztraminer";"2018";"119.9";"0.75";"159.87";"White wine";"Glass";"12.5";"1.2789334"
"Vinmonopolet";"5670701";"Corte Giara Amarone della Valpolicella La Groletta 2016";"Corte Giara Amarone della Valpolicella La Groletta";"2016";"399.9";"0.75";"533.2";"RÃ¸dvin";"Glass";"15";"3.5546665"
"Vinmonopolet";"5670801";"Aventino 200 Barrels 2011";"Aventino 200 Barrels";"2011";"290";"0.75";"386.67";"RÃ¸dvin";"Glass";"14.5";"2.6666667"
"Vinmonopolet";"5670901";"Bertani Amarone della Valpolicella Valpantena 2016";"Bertani Amarone della Valpolicella Valpantena";"2016";"479.9";"0.75";"639.87";"RÃ¸dvin";"Glass";"15.5";"4.128172"
"Vinmonopolet";"5671001";"Ch. Pique Caillou 2014";"Ch. Pique Caillou";"2014";"279.9";"0.75";"373.2";"RÃ¸dvin";"Glass";"14";"2.6657143"
"Vinmonopolet";"5671801";"Guillot-Broux MÃ¢con-Villages 2016";"Guillot-Broux MÃ¢con-Villages";"2016";"199.9";"0.75";"266.53";"White wine";"Glass";"13";"2.0502563"
"Vinmonopolet";"5672001";"Guillot-Broux MÃ¢con Cruzilles Les GeniÃ¨vriÃ¨res 2016";"Guillot-Broux MÃ¢con Cruzilles Les GeniÃ¨vriÃ¨res";"2016";"249.9";"0.75";"333.2";"White wine";"Glass";"13";"2.563077"
"Vinmonopolet";"5673701";"Finca Antigua Crianza 2013";"Finca Antigua Crianza";"2013";"214.9";"0.75";"286.53";"RÃ¸dvin";"Glass";"13.5";"2.1224692"
"Vinmonopolet";"5673901";"Quinta do PerdigÃ£o RosÃ© 2015";"Quinta do PerdigÃ£o RosÃ©";"2015";"199.9";"0.75";"266.53";"RosÃ©vin";"Glass";"13.5";"1.9743209"
"Vinmonopolet";"5674501";"Mauro Molino Barbera d'Alba 2018";"Mauro Molino Barbera d'Alba";"2018";"199.9";"0.75";"266.53";"RÃ¸dvin";"Glass";"14.5";"1.8381609"
"Vinmonopolet";"5674601";"Mauro Molino Barolo 2015";"Mauro Molino Barolo";"2015";"339.9";"0.75";"453.2";"RÃ¸dvin";"Glass";"14";"3.2371428"
"Vinmonopolet";"5678801";"Kanonkop Kadette 2018";"Kanonkop Kadette";"2018";"209.9";"0.75";"279.87";"RÃ¸dvin";"Glass";"14";"1.9990475"
"Vinmonopolet";"5679801";"Terres de Truffes 2014";"Terres de Truffes";"2014";"189.9";"0.75";"253.2";"RÃ¸dvin";"Glass";"14";"1.8085713"
"Vinmonopolet";"5679901";"Jean-Luc Colombo Les Bartavelles ChÃ¢teauneuf-du-Pape 2016";"Jean-Luc Colombo Les Bartavelles ChÃ¢teauneuf-du-Pape";"2016";"475";"0.75";"633.33";"RÃ¸dvin";"Glass";"14";"4.5238094"
"Vinmonopolet";"5683101";"Piccini Chianti Classico Valiano 2016";"Piccini Chianti Classico Valiano";"2016";"229.9";"0.75";"306.53";"RÃ¸dvin";"Glass";"13.5";"2.2706172"
"Vinmonopolet";"5683901";"Rioja Vega Gran Reserva 2012";"Rioja Vega Gran Reserva";"2012";"269.9";"0.75";"359.87";"RÃ¸dvin";"Glass";"14";"2.570476"
"Vinmonopolet";"5684602";"Righetti Recioto della Valpolicella Classico 2018";"Righetti Recioto della Valpolicella Classico";"2018";"149.9";"0.38";"399.73";"RÃ¸dvin";"Glass";"12.5";"3.1557894"
"Vinmonopolet";"5685001";"Meteor BiÃ¨re de NoÃ«l";"Meteor BiÃ¨re de NoÃ«l";"0";"79.9";"0.65";"122.92";"MÃ¸rk lager";"Glass";"5.8";"2.1193635"
"Vinmonopolet";"5685401";"Old Pulteney 12 YO Single Malt";"Old Pulteney 12 YO Single Malt";"0";"639.9";"0.7";"914.14";"Whisky";"Glass";"40";"2.2853572"
"Vinmonopolet";"5688701";"G'Vine Florasion";"G'Vine Florasion";"0";"535.9";"0.7";"765.57";"Gin";"Glass";"40";"1.9139287"
"Vinmonopolet";"5689501";"Monastier Shiraz 2017";"Monastier Shiraz";"2017";"139.9";"0.75";"186.53";"RÃ¸dvin";"Glass";"13";"1.4348717"
"Vinmonopolet";"5689601";"Gobelsburger GrÃ¼ner Veltliner Renner 2018";"Gobelsburger GrÃ¼ner Veltliner Renner";"2018";"349.9";"0.75";"466.53";"White wine";"Glass";"13.5";"3.4558024"
"Vinmonopolet";"5690301";"Giol Prosecco Frizzante Spago 2018";"Giol Prosecco Frizzante Spago";"2018";"139.9";"0.75";"186.53";"Sparkling white wine";"Glass";"11";"1.6957575"
"Vinmonopolet";"5691301";"Goats do Roam RosÃ© 2017";"Goats do Roam RosÃ©";"2017";"159.9";"0.75";"213.2";"RosÃ©vin";"Glass";"12.5";"1.7055999"
"Vinmonopolet";"5691501";"Jaume Serra Brut";"Jaume Serra Brut";"2018";"114.9";"0.75";"153.2";"Sparkling wine";"Glass";"11.5";"1.332174"
"Vinmonopolet";"5692101";"Marimar Estate Acero Chardonnay 2018";"Marimar Estate Acero Chardonnay";"2018";"369.9";"0.75";"493.2";"White wine";"Glass";"13.5";"3.6533332"
"Vinmonopolet";"5693101";"Le Tournebride Sancerre 2017";"Le Tournebride Sancerre";"2017";"210";"0.75";"280";"White wine";"Glass";"12.5";"2.24"
"Vinmonopolet";"5693301";"Briccolero Dolcetto di Dogliani 2016";"Briccolero Dolcetto di Dogliani";"2016";"259.9";"0.75";"346.53";"RÃ¸dvin";"Glass";"13";"2.665641"
"Vinmonopolet";"5693401";"San Luigi Dolcetto di Dogliani 2017";"San Luigi Dolcetto di Dogliani";"2017";"249.9";"0.75";"333.2";"RÃ¸dvin";"Glass";"13.5";"2.468148"
"Vinmonopolet";"5693501";"Robert Mondavi Private Selection Cabernet Sauvignon 2016";"Robert Mondavi Private Selection Cabernet Sauvignon";"2016";"189.9";"0.75";"253.2";"RÃ¸dvin";"Glass";"13.5";"1.8755555"
"Vinmonopolet";"5694101";"Santa Ana Eco Malbec 2019";"Santa Ana Eco Malbec";"2019";"169.9";"0.75";"226.53";"RÃ¸dvin";"Glass";"13";"1.7425641"
"Vinmonopolet";"5694501";"Legras Presidence Grand Cru Vieilles Vignes Brut 2012";"Legras Presidence Grand Cru Vieilles Vignes Brut";"2012";"819.9";"0.75";"1093.2";"Champagne, brut";"Glass";"12";"9.110001"
"Vinmonopolet";"5695101";"Jacquesson Dizy Terres Rouges RosÃ© 2011";"Jacquesson Dizy Terres Rouges RosÃ©";"2011";"919.9";"0.75";"1226.53";"Champagne, rosÃ©";"Glass";"12.5";"9.812267"
"Vinmonopolet";"5695301";"Louis Jadot Chablis 2018";"Louis Jadot Chablis";"2018";"229.9";"0.75";"306.53";"White wine";"Glass";"13";"2.3579485"
"Vinmonopolet";"5695305";"Louis Jadot Chablis 2018";"Louis Jadot Chablis";"2018";"495";"1.5";"330";"White wine";"Glass";"13";"2.5384614"
"Vinmonopolet";"5695401";"Louis Jadot Petit Chablis 2018";"Louis Jadot Petit Chablis";"2018";"209.9";"0.75";"279.87";"White wine";"Glass";"12.5";"2.2389333"
"Vinmonopolet";"5695601";"Louis Jadot Chablis 1er Cru Fourchaume 2015";"Louis Jadot Chablis 1er Cru Fourchaume";"2015";"425";"0.75";"566.67";"White wine";"Glass";"13";"4.3589745"
"Vinmonopolet";"5696401";"Beyer Pinot Gris 2017";"Beyer Pinot Gris";"2017";"245";"0.75";"326.67";"White wine";"Glass";"13.5";"2.419753"
"Vinmonopolet";"5699601";"Schaefer Graacher Himmelreich Riesling Kabinett 2017";"Schaefer Graacher Himmelreich Riesling Kabinett";"2017";"279.9";"0.75";"373.2";"White wine";"Glass";"8";"4.665"
"Vinmonopolet";"5700001";"Porca de Murca Tinto 2015";"Porca de Murca Tinto";"2015";"134.7";"0.75";"179.6";"RÃ¸dvin";"Glass";"13";"1.3815384"
"Vinmonopolet";"5700201";"Weinert Merlot 2007";"Weinert Merlot";"2007";"239.9";"0.75";"319.87";"RÃ¸dvin";"Glass";"13.7";"2.334793"
"Vinmonopolet";"5700501";"Santa Sofia Valpolicella Ripasso Superiore 2016";"Santa Sofia Valpolicella Ripasso Superiore";"2016";"169.9";"0.75";"226.53";"RÃ¸dvin";"Glass";"14";"1.6180952"
"Vinmonopolet";"5701001";"Henriot Brut Souverain";"Henriot Brut Souverain";"0";"419.9";"0.75";"559.87";"Champagne, brut";"Glass";"12";"4.6655555"
"Vinmonopolet";"5701005";"Henriot Brut Souverain";"Henriot Brut Souverain";"0";"899.9";"1.5";"599.93";"Champagne, brut";"Glass";"12";"4.9994445"
"Vinmonopolet";"5701007";"Henriot Brut Souverain";"Henriot Brut Souverain";"0";"1949";"3";"649.67";"Champagne, brut";"Glass";"12";"5.413889"
"Vinmonopolet";"5701101";"Henriot Blanc de Blancs";"Henriot Blanc de Blancs";"0";"439.9";"0.75";"586.53";"Champagne, brut";"Glass";"12";"4.887778"
"Vinmonopolet";"5701405";"ViÃ±a Ardanza Reserva 2010";"ViÃ±a Ardanza Reserva";"2010";"619.9";"1.5";"413.27";"RÃ¸dvin";"Glass";"13.5";"3.0612347"
"Vinmonopolet";"5701701";"Always on Friday Pinot Noir 2018";"Always on Friday Pinot Noir";"2018";"125";"0.75";"166.67";"RÃ¸dvin";"Glass";"13";"1.2820513"
"Vinmonopolet";"5702001";"Heisser Hirsch GlÃ¼hwein";"Heisser Hirsch GlÃ¼hwein";"0";"139.9";"0.75";"186.53";"Flavoured wine	";"Glass";"11";"1.6957575"
"Vinmonopolet";"5702301";"Barefoot Pinot Grigio";"Barefoot Pinot Grigio";"0";"139.9";"0.75";"186.53";"White wine";"Glass";"12";"1.5544444"
"Vinmonopolet";"5702401";"Barefoot Cabernet Sauvignon";"Barefoot Cabernet Sauvignon";"0";"139.9";"0.75";"186.53";"RÃ¸dvin";"Glass";"13.5";"1.3817283"
"Vinmonopolet";"5702601";"Barefoot Pinot Noir";"Barefoot Pinot Noir";"0";"139.9";"0.75";"186.53";"RÃ¸dvin";"Glass";"13.5";"1.3817283"
"Vinmonopolet";"5703101";"Bareksten Botanical Gin";"Bareksten Botanical Gin";"0";"569";"0.7";"812.86";"Gin";"Glass";"46";"1.7670808"
"Vinmonopolet";"5703102";"Bareksten Botanical Gin";"Bareksten Botanical Gin";"0";"459";"0.5";"918";"Gin";"Glass";"46";"1.9956522"
"Vinmonopolet";"5703103";"Bareksten Botanical Gin";"Bareksten Botanical Gin";"0";"70";"0.05";"1400";"Gin";"Glass";"46";"3.0434783"
"Vinmonopolet";"5703201";"Dopff au Moulin Gewurztraminer 2017";"Dopff au Moulin Gewurztraminer";"2017";"219";"0.75";"292";"White wine";"Glass";"13.5";"2.162963"
"Vinmonopolet";"5703601";"Anthill Farms Tina Marie Pinot Noir 2016";"Anthill Farms Tina Marie Pinot Noir";"2016";"528";"0.75";"704";"RÃ¸dvin";"Glass";"13.2";"5.3333335"
"Vinmonopolet";"5703701";"Riveyrac Rivesaltes 1960";"Riveyrac Rivesaltes";"1960";"980";"0.75";"1306.67";"Fortified wine";"Glass";"16";"8.166667"
"Vinmonopolet";"5704001";"Black Tower Sparkling Ice";"Black Tower Sparkling Ice";"0";"119.9";"0.75";"159.87";"Sparkling wine";"Glass";"11";"1.4533334"
"Vinmonopolet";"5704901";"Kendermann Riesling Schiefer Steillage Feinherb 2018";"Kendermann Riesling Schiefer Steillage Feinherb";"2018";"149.9";"0.75";"199.87";"White wine";"Glass";"11";"1.8169696"
"Vinmonopolet";"5705401";"Valduero Una Cepa 2014";"Valduero Una Cepa";"2014";"339.9";"0.75";"453.2";"RÃ¸dvin";"Glass";"14";"3.2371428"
"Vinmonopolet";"5705601";"Fonseca Terra Prima Reserve Port";"Fonseca Terra Prima Reserve Port";"0";"489.9";"0.75";"653.2";"Port wine";"Glass";"20";"3.266"
"Vinmonopolet";"5705701";"Cune Crianza 2016";"Cune Crianza";"2016";"149.9";"0.75";"199.87";"RÃ¸dvin";"Glass";"13.5";"1.4804938"
"Vinmonopolet";"5705801";"Cune Reserva 2015";"Cune Reserva";"2015";"200";"0.75";"266.67";"RÃ¸dvin";"Glass";"14";"1.9047619"
"Vinmonopolet";"5706208";"Tesseron X.O. Collection (4x5cl)";"Tesseron X.O. Collection (4x5cl)";"0";"789.3";"0.2";"3946.5";"Grape spirit";"Ãvrig";"40";"9.86625"
"Vinmonopolet";"5707001";"San Biagio Barolo 2013";"San Biagio Barolo";"2013";"331.4";"0.75";"441.87";"RÃ¸dvin";"Glass";"14.5";"3.0473564"
"Vinmonopolet";"5709701";"Dopff au Moulin CrÃ©mant dÂ´Alsace CuvÃ©e Julien Brut";"Dopff au Moulin CrÃ©mant dÂ´Alsace CuvÃ©e Julien Brut";"0";"219";"0.75";"292";"Sparkling wine";"Glass";"12";"2.4333334"
"Vinmonopolet";"5710101";"Da Luca Pinot Grigio Chardonnay 2019";"Da Luca Pinot Grigio Chardonnay";"2019";"109.9";"0.75";"146.53";"White wine";"Glass";"12";"1.2211112"
"Vinmonopolet";"5710301";"Paul Jaboulet Hermitage La Petite Chapelle 2013";"Paul Jaboulet Hermitage La Petite Chapelle";"2013";"499.9";"0.75";"666.53";"RÃ¸dvin";"Glass";"13.5";"4.937284"
"Vinmonopolet";"5710801";"Ga-Jol BlÃ¥";"Ga-Jol BlÃ¥";"0";"359.9";"0.7";"514.14";"LikÃ¸r";"Glass";"30";"1.7138095"
"Vinmonopolet";"5710803";"Ga-Jol Original BlÃ¥";"Ga-Jol Original BlÃ¥";"0";"79.9";"0.1";"799";"LikÃ¸r";"Glass";"30";"2.6633334"
"Vinmonopolet";"5711301";"Clerget Bourgogne Chardonnay 2018";"Clerget Bourgogne Chardonnay";"2018";"174.9";"0.75";"233.2";"White wine";"Glass";"13";"1.7938461"
"Vinmonopolet";"5711701";"Gustave Lorentz Pinot Noir RosÃ© 2019";"Gustave Lorentz Pinot Noir RosÃ©";"2019";"169.9";"0.75";"226.53";"RosÃ©vin";"Glass";"12.5";"1.8122666"
"Vinmonopolet";"5712001";"Seghesio Old Vine Zinfandel Reserve 2014";"Seghesio Old Vine Zinfandel Reserve";"2014";"449.9";"0.75";"599.87";"RÃ¸dvin";"Glass";"15";"3.9991112"
"Vinmonopolet";"5712601";"Pascal Bouchard Chablis Le Classique 2018";"Pascal Bouchard Chablis Le Classique";"2018";"239.9";"0.75";"319.87";"White wine";"Glass";"13";"2.4605129"
"Vinmonopolet";"5713201";"De Luze V.S.";"De Luze V.S.";"0";"604.9";"1";"604.9";"Grape spirit";"Glass";"40";"1.5122501"
"Vinmonopolet";"5713401";"De Luze V.S.O.P. Fine Champagne";"De Luze V.S.O.P. Fine Champagne";"0";"649.9";"1";"649.9";"Grape spirit";"Glass";"40";"1.62475"
"Vinmonopolet";"5713501";"RÃ¸ros Akevitt";"RÃ¸ros Akevitt";"0";"439";"0.7";"627.14";"Aquavit";"Glass";"40";"1.5678571"
"Vinmonopolet";"5713601";"Klein Constantia Sauvignon Blanc 2017";"Klein Constantia Sauvignon Blanc";"2017";"209.9";"0.75";"279.87";"White wine";"Glass";"13.5";"2.0730863"
"Vinmonopolet";"5714701";"Fiorenzo Nada Barbaresco Rombone 2015";"Fiorenzo Nada Barbaresco Rombone";"2015";"600";"0.75";"800";"RÃ¸dvin";"Glass";"14.5";"5.5172415"
"Vinmonopolet";"5715101";"Casanova di Neri Brunello di Montalcino Tenuta Nuova 2011";"Casanova di Neri Brunello di Montalcino Tenuta Nuova";"2011";"995";"0.75";"1326.67";"RÃ¸dvin";"Glass";"14.5";"9.1494255"
"Vinmonopolet";"5715701";"Dei Vino Nobile di Montepulciano 2016";"Dei Vino Nobile di Montepulciano";"2016";"239";"0.75";"318.67";"RÃ¸dvin";"Glass";"14";"2.2761905"
"Vinmonopolet";"5715805";"Innocenti Vino Nobile di Montepulciano Riserva 2011";"Innocenti Vino Nobile di Montepulciano Riserva";"2011";"645";"1.5";"430";"RÃ¸dvin";"Glass";"14";"3.0714285"
"Vinmonopolet";"5717301";"Dom. St. Siffrein ChÃ¢teauneuf-du-Pape 2014";"Dom. St. Siffrein ChÃ¢teauneuf-du-Pape";"2014";"249.9";"0.75";"333.2";"RÃ¸dvin";"Glass";"13";"2.563077"
"Vinmonopolet";"5717803";"ArvesÃ¸lvet Helt Klar";"ArvesÃ¸lvet Helt Klar";"0";"63.9";"0.05";"1278";"Aquavit";"Glass";"38";"3.363158"
"Vinmonopolet";"5717903";"ArvesÃ¸lvet";"ArvesÃ¸lvet";"0";"64.9";"0.05";"1298";"Aquavit";"Glass";"40";"3.2450001"
"Vinmonopolet";"5718101";"Tequila Corralejo Blanco";"Tequila Corralejo Blanco";"0";"545";"0.7";"778.57";"Fruit spirit";"Glass";"38";"2.0488722"
"Vinmonopolet";"5719001";"Drappier Quattuor Blanc de Quatre Blancs Extra Brut";"Drappier Quattuor Blanc de Quatre Blancs Extra Brut";"0";"499.8";"0.75";"666.4";"Champagne, brut";"Glass";"12";"5.5533333"
"Vinmonopolet";"5720101";"Dalmore Single Malt 15 YO";"Dalmore Single Malt 15 YO";"0";"1150";"0.7";"1642.86";"Whisky";"Glass";"40";"4.107143"
"Vinmonopolet";"5720906";"SeÃ±orita";"SeÃ±orita";"0";"284.9";"2";"142.45";"White wine";"Bag-in-box";"10.5";"1.3566667"
"Vinmonopolet";"5721401";"Coltibuono Cetamura Chianti 2018";"Coltibuono Cetamura Chianti";"2018";"184.9";"0.75";"246.53";"RÃ¸dvin";"Glass";"12.5";"1.9722666"
"Vinmonopolet";"5721901";"Ch. Les Ormes Sorbet 2008";"Ch. Les Ormes Sorbet";"2008";"309.9";"0.75";"413.2";"RÃ¸dvin";"Glass";"13";"3.1784616"
"Vinmonopolet";"5722901";"Boschendal 1685 Sauvignon Blanc Grande CuvÃ©e 2017";"Boschendal  Sauvignon Blanc Grande CuvÃ©e";"2017";"209.9";"0.75";"279.87";"White wine";"Glass";"13.5";"2.0730863"
"Vinmonopolet";"5724301";"Punto Final Malbec ClÃ¡sico 2017";"Punto Final Malbec ClÃ¡sico";"2017";"169.9";"0.75";"226.53";"RÃ¸dvin";"Glass";"13";"1.7425641"
"Vinmonopolet";"5724701";"Nik Weis St. Urbans-Hof Riesling Old Vines 2018";"Nik Weis St. Urbans-Hof Riesling Old Vines";"2018";"219";"0.75";"292";"White wine";"Glass";"10.5";"2.7809525"
"Vinmonopolet";"5724801";"Nik Weis St. Urbans-Hof Bockstein Rsl Kab 2018";"Nik Weis St. Urbans-Hof Bockstein Rsl Kab";"2018";"279";"0.75";"372";"White wine";"Glass";"9";"4.133333"
"Vinmonopolet";"5726501";"Philippe Goulley Chablis Premier Cru Montmains 2014";"Philippe Goulley Chablis Premier Cru Montmains";"2014";"348.9";"0.75";"465.2";"White wine";"Glass";"12.5";"3.7215998"
"Vinmonopolet";"5727401";"Mercedes Eguren Shiraz Tempranillo 2014";"Mercedes Eguren Shiraz Tempranillo";"2014";"183.8";"0.75";"245.07";"RÃ¸dvin";"Glass";"14";"1.7504762"
"Vinmonopolet";"5728301";"Capezzana Monna Nera 2015";"Capezzana Monna Nera";"2015";"164";"0.75";"218.67";"RÃ¸dvin";"Glass";"13.5";"1.6197531"
"Vinmonopolet";"5729001";"Rhum Rhum PMG Blanc Agricole";"Rhum Rhum PMG Blanc Agricole";"0";"860";"0.7";"1228.57";"Rum";"Glass";"56";"2.1938777"
"Vinmonopolet";"5729101";"Santa Caterina Vignalina Barbera d Asti Superiore 2016";"Santa Caterina Vignalina Barbera d Asti Superiore";"2016";"248.9";"0.75";"331.87";"RÃ¸dvin";"Glass";"15";"2.2124443"
"Vinmonopolet";"5729201";"Scriani Ripasso Classico Superiore 2017";"Scriani Ripasso Classico Superiore";"2017";"229";"0.75";"305.33";"RÃ¸dvin";"Glass";"14";"2.1809523"
"Vinmonopolet";"5729301";"Santa Caterina Salidoro Monferrato Bianco 2017";"Santa Caterina Salidoro Monferrato Bianco";"2017";"259";"0.75";"345.33";"White wine";"Glass";"13";"2.6564102"
"Vinmonopolet";"5729401";"Piovene Porto Godi Polveriera Rosso 2015";"Piovene Porto Godi Polveriera Rosso";"2015";"282";"0.75";"376";"RÃ¸dvin";"Glass";"13";"2.8923078"
"Vinmonopolet";"5729601";"Agwa de Bolivia";"Agwa de Bolivia";"0";"479.9";"0.7";"685.57";"LikÃ¸r";"Glass";"30";"2.285238"
"Vinmonopolet";"5730201";"Banfi Rosa Regale Brachetto d'Acqui 2017";"Banfi Rosa Regale Brachetto d'Acqui";"2017";"199.9";"0.75";"266.53";"Musserende vin, rosÃ©";"Glass";"7";"3.8076189"
"Vinmonopolet";"5732801";"Launois Quartz Blanc de Blanc Grand Cru Brut";"Launois Quartz Blanc de Blanc Grand Cru Brut";"0";"355";"0.75";"473.33";"Champagne, brut";"Glass";"12";"3.9444444"
"Vinmonopolet";"5733002";"JÃ¦rakevitt Original";"JÃ¦rakevitt Original";"0";"365";"0.5";"730";"Aquavit";"Glass";"40";"1.825"
"Vinmonopolet";"5733901";"Enkefruens RÃ¸de Bergenser 2017";"Enkefruens RÃ¸de Bergenser";"2017";"165";"0.75";"220";"RÃ¸dvin";"Glass";"12.5";"1.76"
"Vinmonopolet";"5734301";"Heras CordÃ³n Vendimia Seleccionada 2013";"Heras CordÃ³n Vendimia Seleccionada";"2013";"320";"0.75";"426.67";"RÃ¸dvin";"Glass";"14";"3.047619"
"Vinmonopolet";"5736401";"Clearly Tempranillo 2011";"Clearly Tempranillo";"2011";"141.3";"0.75";"188.4";"RÃ¸dvin";"Glass";"13";"1.4492308"
"Vinmonopolet";"5736701";"Palacio de Monsalud 2007";"Palacio de Monsalud";"2007";"132.5";"0.75";"176.67";"RÃ¸dvin";"Glass";"13.5";"1.308642"
"Vinmonopolet";"5736901";"Olivier Leflaive Volnay 2017";"Olivier Leflaive Volnay";"2017";"499.9";"0.75";"666.53";"RÃ¸dvin";"Glass";"13";"5.1271796"
"Vinmonopolet";"5737301";"Mailly Champagne Grand Cru Brut RÃ©serve";"Mailly Champagne Grand Cru Brut RÃ©serve";"0";"389.9";"0.75";"519.87";"Champagne, brut";"Glass";"12";"4.332222"
"Vinmonopolet";"5737401";"Mailly Champagne Grand Cru RosÃ© de Mailly Brut";"Mailly Champagne Grand Cru RosÃ© de Mailly Brut";"0";"459.9";"0.75";"613.2";"Champagne, rosÃ©";"Glass";"12";"5.11"
"Vinmonopolet";"5737501";"Mailly Champagne Grand Cru Blanc de Pinot Noir Brut";"Mailly Champagne Grand Cru Blanc de Pinot Noir Brut";"2016";"439.9";"0.75";"586.53";"Champagne, brut";"Glass";"12";"4.887778"
"Vinmonopolet";"5737801";"Marimar Estate Cristina Pinot Noir 2016";"Marimar Estate Cristina Pinot Noir";"2016";"549.9";"0.75";"733.2";"RÃ¸dvin";"Glass";"14.5";"5.056552"
"Vinmonopolet";"5737901";"Marimar Estate Mas Cavalls Pinot Noir 2016";"Marimar Estate Mas Cavalls Pinot Noir";"2016";"429.9";"0.75";"573.2";"RÃ¸dvin";"Glass";"14.5";"3.9531033"
"Vinmonopolet";"5738402";"Klein Constantia Vin de Constance 2013";"Klein Constantia Vin de Constance";"2013";"695";"0.5";"1390";"White wine";"Glass";"14";"9.928572"
"Vinmonopolet";"5739701";"Quintarelli Bianco Secco 2018";"Quintarelli Bianco Secco";"2018";"454.9";"0.75";"606.53";"White wine";"Glass";"12.5";"4.852267"
"Vinmonopolet";"5739801";"Primofiore 2016";"Primofiore";"2016";"569.9";"0.75";"759.87";"RÃ¸dvin";"Glass";"14";"5.4276195"
"Vinmonopolet";"5739901";"Quintarelli Alzero Cabernet 2009";"Quintarelli Alzero Cabernet";"2009";"3419.9";"0.75";"4559.87";"RÃ¸dvin";"Glass";"16.5";"27.635555"
"Vinmonopolet";"5740201";"Montalto Nero d'Avola 2018";"Montalto Nero d'Avola";"2018";"154.9";"0.75";"206.53";"RÃ¸dvin";"Glass";"13.5";"1.5298765"
"Vinmonopolet";"5740802";"Allram GrÃ¼ner Veltliner Eiswein 2018";"Allram GrÃ¼ner Veltliner Eiswein";"2018";"255";"0.38";"680";"White wine";"Glass";"9";"7.4561405"
"Vinmonopolet";"5741101";"Nathalie & Gilles FÃ¨vre Chablis 2015";"Nathalie & Gilles FÃ¨vre Chablis";"2015";"239.9";"0.75";"319.87";"White wine";"Glass";"12.5";"2.5589333"
"Vinmonopolet";"5741501";"Dom. Cheze Syrah 2015";"Dom. Cheze Syrah";"2015";"219.9";"0.75";"293.2";"RÃ¸dvin";"Glass";"13.5";"2.1718519"
"Vinmonopolet";"5742801";"George Chablis 1er Cru Beauregards 2014";"George Chablis 1er Cru Beauregards";"2014";"319.9";"0.75";"426.53";"White wine";"Glass";"12.5";"3.4122665"
"Vinmonopolet";"5742901";"Dom. des Caves Prieure Sancerre 2018";"Dom. des Caves Prieure Sancerre";"2018";"269.9";"0.75";"359.87";"White wine";"Glass";"13";"2.7682052"
"Vinmonopolet";"5743201";"George Chablis Vielles Vignes 2015";"George Chablis Vielles Vignes";"2015";"259.9";"0.75";"346.53";"White wine";"Glass";"13.5";"2.5669136"
"Vinmonopolet";"5743301";"Prieur Sancerre RosÃ© 2019";"Prieur Sancerre RosÃ©";"2019";"249.9";"0.75";"333.2";"RosÃ©vin";"Glass";"13";"2.563077"
"Vinmonopolet";"5743401";"Prieur Sancerre Rouge 2015";"Prieur Sancerre Rouge";"2015";"279.9";"0.75";"373.2";"RÃ¸dvin";"Glass";"13";"2.8707693"
"Vinmonopolet";"5743501";"Chantemerle Chablis 1er Cru Fourchaume 2016";"Chantemerle Chablis 1er Cru Fourchaume";"2016";"349.9";"0.75";"466.53";"White wine";"Glass";"12.5";"3.7322667"
"Vinmonopolet";"5743801";"Viberti Barolo 2015";"Viberti Barolo";"2015";"399.9";"0.75";"533.2";"RÃ¸dvin";"Glass";"14.5";"3.6772413"
"Vinmonopolet";"5743901";"Serra dei Turchi Barolo 2012";"Serra dei Turchi Barolo";"2012";"499.9";"0.75";"666.53";"RÃ¸dvin";"Glass";"14.5";"4.5967817"
"Vinmonopolet";"5744101";"Viberti Langhe Nebbiolo 2018";"Viberti Langhe Nebbiolo";"2018";"269.9";"0.75";"359.87";"RÃ¸dvin";"Glass";"14.5";"2.481839"
"Vinmonopolet";"5744201";"O. Viberti Dolcetto d'Alba GalÃ t 2017";"O. Viberti Dolcetto d'Alba GalÃ t";"2017";"219.9";"0.75";"293.2";"RÃ¸dvin";"Glass";"13";"2.2553844"
"Vinmonopolet";"5744501";"Gagliasso Barbera d'Alba 2018";"Gagliasso Barbera d'Alba";"2018";"189.9";"0.75";"253.2";"RÃ¸dvin";"Glass";"13.5";"1.8755555"
"Vinmonopolet";"5744801";"Nathalie & Gilles FÃ¨vre Chablis 1er Cru Fourchaume 2017";"Nathalie & Gilles FÃ¨vre Chablis 1er Cru Fourchaume";"2017";"349.9";"0.75";"466.53";"White wine";"Glass";"13";"3.588718"
"Vinmonopolet";"5744901";"Nathalie & Gilles FÃ¨vre Chablis Grand Cru les Preuses 2018";"Nathalie & Gilles FÃ¨vre Chablis Grand Cru les Preuses";"2018";"609.9";"0.75";"813.2";"White wine";"Glass";"13";"6.255385"
"Vinmonopolet";"5745001";"Gagliasso Langhe Nebbiolo Ciabot Rus 2013";"Gagliasso Langhe Nebbiolo Ciabot Rus";"2013";"259.9";"0.75";"346.53";"RÃ¸dvin";"Glass";"14.5";"2.389885"
"Vinmonopolet";"5745101";"Gagliasso Barolo Rocche dell'Annunziata 2011";"Gagliasso Barolo Rocche dell'Annunziata";"2011";"499.9";"0.75";"666.53";"RÃ¸dvin";"Glass";"15";"4.4435554"
"Vinmonopolet";"5745901";"Heras CordÃ³n Reserva 2011";"Heras CordÃ³n Reserva";"2011";"378.1";"0.75";"504.13";"RÃ¸dvin";"Glass";"14";"3.6009524"
"Vinmonopolet";"5746301";"Speri Sant' Urbano Valpolicella Classico Superiore Appassimento 2016";"Speri Sant' Urbano Valpolicella Classico Superiore Appassimento";"2016";"259.9";"0.75";"346.53";"RÃ¸dvin";"Glass";"13.5";"2.5669136"
"Vinmonopolet";"5746402";"Speri La Roggia Recioto della Valpolicella Classico 2016";"Speri La Roggia Recioto della Valpolicella Classico";"2016";"349.9";"0.5";"699.8";"RÃ¸dvin";"Glass";"13.5";"5.1837034"
"Vinmonopolet";"5746501";"Speri Sant'Urbano Amarone della Valpolicella Classico 2015";"Speri Sant'Urbano Amarone della Valpolicella Classico";"2015";"469.9";"0.75";"626.53";"RÃ¸dvin";"Glass";"15";"4.176889"
"Vinmonopolet";"5746801";"Scavino Rosso 2016";"Scavino Rosso";"2016";"249.9";"0.75";"333.2";"RÃ¸dvin";"Glass";"14";"2.3799999"
"Vinmonopolet";"5747201";"Connemara Single Malt Whiskey";"Connemara Single Malt Whiskey";"0";"522.9";"0.7";"747";"Whisky";"Glass";"40";"1.8675001"
"Vinmonopolet";"5747301";"Bollinger RosÃ©";"Bollinger RosÃ©";"0";"699.5";"0.75";"932.67";"Champagne, rosÃ©";"Glass";"12";"7.772222"
"Vinmonopolet";"5747601";"Thomas Schmitt Private Collection Riesling 2017";"Thomas Schmitt Private Collection Riesling";"2017";"184.9";"0.75";"246.53";"White wine";"Glass";"8.5";"2.900392"
"Vinmonopolet";"5747701";"Thomas Schmitt Private Collection Riesling 2016";"Thomas Schmitt Private Collection Riesling";"2016";"194.9";"0.75";"259.87";"White wine";"Glass";"10.5";"2.4749205"
"Vinmonopolet";"5747801";"Thomas Schmitt Private Collection Riesling SpÃ¤tlese 2017";"Thomas Schmitt Private Collection Riesling SpÃ¤tlese";"2017";"219.9";"0.75";"293.2";"White wine";"Glass";"8.5";"3.4494116"
"Vinmonopolet";"5752001";"Piovene Porto Godi Colli Berici Tai Rosso Vigneto Riveselle 2015";"Piovene Porto Godi Colli Berici Tai Rosso Vigneto Riveselle";"2015";"282";"0.75";"376";"RÃ¸dvin";"Glass";"13";"2.8923078"
"Vinmonopolet";"5752101";"Masi Mazzano Amarone della Valpolicella Classico 2006";"Masi Mazzano Amarone della Valpolicella Classico";"2006";"1199.9";"0.75";"1599.87";"RÃ¸dvin";"Glass";"16";"9.9991665"
"Vinmonopolet";"5752701";"ViÃ±a Maipo Limited Edition Syrah 2016";"ViÃ±a Maipo Limited Edition Syrah";"2016";"229.9";"0.75";"306.53";"RÃ¸dvin";"Glass";"14.5";"2.114023"
"Vinmonopolet";"5753201";"Masi Costasera Amarone Classico Riserva 2013";"Masi Costasera Amarone Classico Riserva";"2013";"499.9";"0.75";"666.53";"RÃ¸dvin";"Glass";"15.5";"4.300215"
"Vinmonopolet";"5754801";"Atlungstad aquavit av mandelpotet";"Atlungstad aquavit av mandelpotet";"0";"484.9";"0.7";"692.71";"Aquavit";"Glass";"41.5";"1.669191"
"Vinmonopolet";"5755401";"Bassermann-Jordan Pechstein Riesling Grosses GewÃ¤chs 2017";"Bassermann-Jordan Pechstein Riesling Grosses GewÃ¤chs";"2017";"499.9";"0.75";"666.53";"White wine";"Glass";"13";"5.1271796"
"Vinmonopolet";"5756901";"Seghesio Rockpile Zinfandel 2016";"Seghesio Rockpile Zinfandel";"2016";"529.9";"0.75";"706.53";"RÃ¸dvin";"Glass";"15.5";"4.55828"
"Vinmonopolet";"5757002";"Cartron Liqueur Ginger";"Cartron Liqueur Ginger";"0";"249.9";"0.5";"499.8";"LikÃ¸r";"Glass";"18";"2.7766666"
"Vinmonopolet";"5757202";"Cartron Pomegranate";"Cartron Pomegranate";"0";"239.9";"0.5";"479.8";"LikÃ¸r";"Glass";"18";"2.6655555"
"Vinmonopolet";"5757301";"Taittinger PrÃ©lude Grands Crus Brut";"Taittinger PrÃ©lude Grands Crus Brut";"0";"589.9";"0.75";"786.53";"Champagne, brut";"Glass";"12.5";"6.292267"
"Vinmonopolet";"5758301";"Reserva do Passo 2017";"Reserva do Passo";"2017";"124.9";"0.75";"166.53";"RÃ¸dvin";"Glass";"13.5";"1.2335802"
"Vinmonopolet";"5759301";"ViÃ±a Albali Reserva";"ViÃ±a Albali Reserva";"2014";"159";"0.75";"212";"RÃ¸dvin";"Glass";"13";"1.6307693"
"Vinmonopolet";"5759701";"FÃ©lix Solis ViÃ±a Albali Tempranillo 2018";"FÃ©lix Solis ViÃ±a Albali Tempranillo";"2018";"137";"0.75";"182.67";"RÃ¸dvin";"Glass";"13";"1.4051282"
"Vinmonopolet";"5759706";"FÃ©lix Solis ViÃ±a Albali Tempranillo";"FÃ©lix Solis ViÃ±a Albali Tempranillo";"2018";"444.4";"3";"148.13";"RÃ¸dvin";"Bag-in-box";"13";"1.1394871"
"Vinmonopolet";"5760001";"Fernando de Castilla Manzanilla";"Fernando de Castilla Manzanilla";"0";"179.9";"0.75";"239.87";"Sherry";"Glass";"15";"1.5991111"
"Vinmonopolet";"5761901";"Scavino Barolo Bricco Ambrogio 2014";"Scavino Barolo Bricco Ambrogio";"2014";"779.9";"0.75";"1039.87";"RÃ¸dvin";"Glass";"14.5";"7.1714945"
"Vinmonopolet";"5762001";"Scavino Langhe Bianco Sorriso 2017";"Scavino Langhe Bianco Sorriso";"2017";"249.9";"0.75";"333.2";"White wine";"Glass";"13";"2.563077"
"Vinmonopolet";"5762601";"Le Traversagne Recioto della Valpolicella Classico 2005";"Le Traversagne Recioto della Valpolicella Classico";"2005";"298";"0.75";"397.33";"RÃ¸dvin";"Glass";"14";"2.8380952"
"Vinmonopolet";"5763101";"Carl Loewen Riesling Quant Trocken 2018";"Carl Loewen Riesling Quant Trocken";"2018";"169.9";"0.75";"226.53";"White wine";"Glass";"11.5";"1.969855"
"Vinmonopolet";"5763701";"Lagar de Costa AlbariÃ±o 2018";"Lagar de Costa AlbariÃ±o";"2018";"259.9";"0.75";"346.53";"White wine";"Glass";"13.5";"2.5669136"
"Vinmonopolet";"5763801";"Ch. de Tracy Pouilly-FumÃ© 2018";"Ch. de Tracy Pouilly-FumÃ©";"2018";"329.9";"0.75";"439.87";"White wine";"Glass";"13.5";"3.2582715"
"Vinmonopolet";"5764201";"Ultimus Sancerre 2017";"Ultimus Sancerre";"2017";"359.9";"0.75";"479.87";"White wine";"Glass";"14.5";"3.309425"
"Vinmonopolet";"5764301";"C. Riffault Sancerre Chailloux 2018";"C. Riffault Sancerre Chailloux";"2018";"319.9";"0.75";"426.53";"White wine";"Glass";"13";"3.2810256"
"Vinmonopolet";"5764601";"Calcite Pouilly-FumÃ© 2018";"Calcite Pouilly-FumÃ©";"2018";"259.9";"0.75";"346.53";"White wine";"Glass";"12.5";"2.7722666"
"Vinmonopolet";"5764701";"Silice Pouilly-FumÃ© 2017";"Silice Pouilly-FumÃ©";"2017";"269.9";"0.75";"359.87";"White wine";"Glass";"13";"2.7682052"
"Vinmonopolet";"5765001";"Prieur Sancerre 2019";"Prieur Sancerre";"2019";"219.9";"0.75";"293.2";"White wine";"Glass";"13.5";"2.1718519"
"Vinmonopolet";"5765101";"Les Boucauds Sancerre 2018";"Les Boucauds Sancerre";"2018";"299.9";"0.75";"399.87";"White wine";"Glass";"13";"3.0758975"
"Vinmonopolet";"5765201";"Sumarroca Cava Brut Reserva";"Sumarroca Cava Brut Reserva";"2016";"193";"0.75";"257.33";"Sparkling wine";"Glass";"12";"2.1444445"
"Vinmonopolet";"5765301";"Sumarroca Blanc de Blancs 2015";"Sumarroca Blanc de Blancs";"2015";"179.9";"0.75";"239.87";"White wine";"Glass";"11";"2.180606"
"Vinmonopolet";"5766101";"Venturini Amarone della Valpolicella Classico 2013";"Venturini Amarone della Valpolicella Classico";"2013";"389";"0.75";"518.67";"RÃ¸dvin";"Glass";"16";"3.2416666"
"Vinmonopolet";"5766901";"Casanova di Neri Brunello di Montalcino Cerretalto 2012";"Casanova di Neri Brunello di Montalcino Cerretalto";"2012";"2890";"0.75";"3853.33";"RÃ¸dvin";"Glass";"15";"25.688889"
"Vinmonopolet";"5768101";"Baron-FuentÃ© Galipettes Brut";"Baron-FuentÃ© Galipettes Brut";"0";"439.9";"0.75";"586.53";"Champagne, brut";"Glass";"12";"4.887778"
"Vinmonopolet";"5768901";"Ch. Moulinat 2016";"Ch. Moulinat";"2016";"243.9";"0.75";"325.2";"RÃ¸dvin";"Glass";"14";"2.3228571"
"Vinmonopolet";"5770101";"Kalkmergel Rsl SpÃ¤tlese Trocken 2017";"Kalkmergel Rsl SpÃ¤tlese Trocken";"2017";"238.9";"0.75";"318.53";"White wine";"Glass";"12.5";"2.5482666"
"Vinmonopolet";"5771001";"Quinta do EspÃ­rito Santo 2016";"Quinta do EspÃ­rito Santo";"2016";"159.9";"0.75";"213.2";"RÃ¸dvin";"Glass";"15";"1.4213333"
"Vinmonopolet";"5771401";"Henriot RosÃ©";"Henriot RosÃ©";"0";"489.9";"0.75";"653.2";"Champagne, rosÃ©";"Glass";"12";"5.443333"
"Vinmonopolet";"5771701";"LhÃ©raud CuvÃ©e 10";"LhÃ©raud CuvÃ©e 10";"0";"799";"0.7";"1141.43";"Grape spirit";"Glass";"42";"2.7176871"
"Vinmonopolet";"5771901";"Garnier Chablis 1er Cru Mont de Milieu 2014";"Garnier Chablis 1er Cru Mont de Milieu";"2014";"349.9";"0.75";"466.53";"White wine";"Glass";"13";"3.588718"
"Vinmonopolet";"5773701";"Berthier Domaine des Clairneaux Sancerre RosÃ© 2017";"Berthier Domaine des Clairneaux Sancerre RosÃ©";"2017";"209";"0.75";"278.67";"RosÃ©vin";"Glass";"12.5";"2.2293334"
"Vinmonopolet";"5774701";"Conde de Valdemar Crianza 2016";"Conde de Valdemar Crianza";"2016";"139.9";"0.75";"186.53";"RÃ¸dvin";"Glass";"13.5";"1.3817283"
"Vinmonopolet";"5775001";"DÃ¶nnhoff Tonschiefer Riesling Trocken 2018";"DÃ¶nnhoff Tonschiefer Riesling Trocken";"2018";"224.9";"0.75";"299.87";"White wine";"Glass";"12.5";"2.3989332"
"Vinmonopolet";"5775601";"Grand Mouton Louis MÃ©taireau 2018";"Grand Mouton Louis MÃ©taireau";"2018";"155";"0.75";"206.67";"White wine";"Glass";"12";"1.7222222"
"Vinmonopolet";"5776501";"Villa Isa Grappa Barbera";"Villa Isa Grappa Barbera";"0";"635";"0.7";"907.14";"Grape spirit";"Glass";"42";"2.159864"
"Vinmonopolet";"5776706";"Ricossa Barbera 2019";"Ricossa Barbera";"2019";"449.9";"3";"149.97";"RÃ¸dvin";"Bag-in-box";"13";"1.1535897"
"Vinmonopolet";"5776803";"Fernet Branca";"Fernet Branca";"0";"79.9";"0.1";"799";"Bitter	";"Glass";"39";"2.048718"
"Vinmonopolet";"5777901";"Periquita RosÃ© 2018";"Periquita RosÃ©";"2018";"139.9";"0.75";"186.53";"RosÃ©vin";"Glass";"12";"1.5544444"
"Vinmonopolet";"5778401";"Uccelliera Brunello di Montalcino 2013";"Uccelliera Brunello di Montalcino";"2013";"649.9";"0.75";"866.53";"RÃ¸dvin";"Glass";"15";"5.7768893"
"Vinmonopolet";"5778501";"Uccelliera Rosso di Montalcino 2017";"Uccelliera Rosso di Montalcino";"2017";"339.9";"0.75";"453.2";"RÃ¸dvin";"Glass";"14.5";"3.1255171"
"Vinmonopolet";"5778601";"Cornas CuvÃ©e Jana 2017";"Cornas CuvÃ©e Jana";"2017";"629.9";"0.75";"839.87";"RÃ¸dvin";"Glass";"14";"5.9990478"
"Vinmonopolet";"5779901";"Castelgiocondo Brunello di Montalcino 2014";"Castelgiocondo Brunello di Montalcino";"2014";"469.9";"0.75";"626.53";"RÃ¸dvin";"Glass";"14.5";"4.3209195"
"Vinmonopolet";"5780001";"Trimbach Clos Ste Hune Riesling 2014";"Trimbach Clos Ste Hune Riesling";"2014";"2000";"0.75";"2666.67";"White wine";"Glass";"14";"19.047619"
"Vinmonopolet";"5780106";"Mezzacorona Pinot Grigio 2019";"Mezzacorona Pinot Grigio";"2019";"409.9";"3";"136.63";"White wine";"Bag-in-box";"11.5";"1.188116"
"Vinmonopolet";"5785101";"Kvit Halling 2007";"Kvit Halling";"2007";"174.9";"0.75";"233.2";"White wine";"Glass";"12.5";"1.8656"
"Vinmonopolet";"5785201";"Raud Halling";"Raud Halling";"2007";"174.9";"0.75";"233.2";"RÃ¸dvin";"Glass";"13";"1.7938461"
"Vinmonopolet";"5787901";"Jacquart Blanc de Blancs MillÃ©simÃ© Brut 2009";"Jacquart Blanc de Blancs MillÃ©simÃ© Brut";"2009";"625";"0.75";"833.33";"Champagne, brut";"Glass";"12.5";"6.6666665"
"Vinmonopolet";"5788002";"Ung Egge";"Ung Egge";"2015";"253";"0.5";"506";"LikÃ¸r";"Glass";"18";"2.8111112"
"Vinmonopolet";"5788202";"Egge GÃ¥rd Eplebrennevin";"Egge GÃ¥rd Eplebrennevin";"0";"406.6";"0.5";"813.2";"Fruit spirit";"Glass";"40";"2.033"
"Vinmonopolet";"5788501";"Ch. du Trignon Gigondas 2012";"Ch. du Trignon Gigondas";"2012";"254.9";"0.75";"339.87";"RÃ¸dvin";"Glass";"14.5";"2.343908"
"Vinmonopolet";"5789601";"Carpineto Vino Nobile di Montepulciano Riserva 2015";"Carpineto Vino Nobile di Montepulciano Riserva";"2015";"279.9";"0.75";"373.2";"RÃ¸dvin";"Glass";"13.5";"2.7644444"
"Vinmonopolet";"5789701";"Reyneke Cornerstone 2017";"Reyneke Cornerstone";"2017";"289.9";"0.75";"386.53";"RÃ¸dvin";"Glass";"14";"2.7609522"
"Vinmonopolet";"5790201";"Cono Sur Riesling Reserva 2017";"Cono Sur Riesling Reserva";"2017";"169.9";"0.75";"226.53";"White wine";"Glass";"13";"1.7425641"
"Vinmonopolet";"5790401";"Dagromis Barolo 2015";"Dagromis Barolo";"2015";"699.9";"0.75";"933.2";"RÃ¸dvin";"Glass";"14";"6.6657147"
"Vinmonopolet";"5790801";"Villa Massa Limoncello di Sorrento";"Villa Massa Limoncello di Sorrento";"0";"399.9";"0.7";"571.29";"LikÃ¸r";"Glass";"30";"1.9042857"
"Vinmonopolet";"5790901";"Sesti Rosso di Montalcino 2016";"Sesti Rosso di Montalcino";"2016";"299.9";"0.75";"399.87";"RÃ¸dvin";"Glass";"14";"2.8561904"
"Vinmonopolet";"5791402";"Giacomo Montresor Re Teodorico Recioto della Valpolicella 2016";"Giacomo Montresor Re Teodorico Recioto della Valpolicella";"2016";"312";"0.5";"624";"RÃ¸dvin";"Glass";"13";"4.8"
"Vinmonopolet";"5791801";"Mailly Champagne Grand Cru Exception Blanche 2009";"Mailly Champagne Grand Cru Exception Blanche";"2009";"599.9";"0.75";"799.87";"Champagne, brut";"Glass";"12";"6.665556"
"Vinmonopolet";"5795001";"Dreissigacker Riesling Trocken 2017";"Dreissigacker Riesling Trocken";"2017";"229.9";"0.75";"306.53";"White wine";"Glass";"12.5";"2.4522667"
"Vinmonopolet";"5796001";"Sfursat 5 Stelle 2015";"Sfursat 5 Stelle";"2015";"599.5";"0.75";"799.33";"RÃ¸dvin";"Glass";"16";"4.9958334"
"Vinmonopolet";"5797801";"Laurent B CÃ´tes du RhÃ´ne 2012";"Laurent B CÃ´tes du RhÃ´ne";"2012";"129.9";"0.75";"173.2";"RÃ¸dvin";"Glass";"13";"1.3323076"
"Vinmonopolet";"5798501";"Perpetual 2016";"Perpetual";"2016";"449.9";"0.75";"599.87";"RÃ¸dvin";"Glass";"14.5";"4.1370115"
"Vinmonopolet";"5799101";"Sesti Brunello di Montalcino 2013";"Sesti Brunello di Montalcino";"2013";"499.9";"0.75";"666.53";"RÃ¸dvin";"Glass";"14";"4.7609525"
"Vinmonopolet";"5799302";"Sesti Grappa di Brunello";"Sesti Grappa di Brunello";"0";"519.9";"0.5";"1039.8";"Grape spirit";"Glass";"42";"2.4757144"
"Vinmonopolet";"5799402";"Fisk Special Edition";"Fisk Special Edition";"0";"189.9";"0.5";"379.8";"Flavoured wine	";"Glass";"20";"1.8989999"
"Vinmonopolet";"5800801";"Canella Bellini";"Canella Bellini";"0";"134.9";"0.75";"179.87";"Flavoured wine	";"Glass";"5";"3.5973332"
"Vinmonopolet";"5801001";"Alexandre Bonnet Perle RosÃ©";"Alexandre Bonnet Perle RosÃ©";"0";"359.9";"0.75";"479.87";"Champagne, rosÃ©";"Glass";"12.5";"3.8389332"
"Vinmonopolet";"5803302";"Setesdalsaquavit";"Setesdalsaquavit";"0";"365";"0.5";"730";"Aquavit";"Glass";"38";"1.9210526"
"Vinmonopolet";"5809101";"Dom. de Calet CuvÃ©e Grand Mas 2013";"Dom. de Calet CuvÃ©e Grand Mas";"2013";"268";"0.75";"357.33";"RÃ¸dvin";"Glass";"14.5";"2.4643679"
"Vinmonopolet";"5812501";"Les Laurentides CÃ´tes du RhÃ´ne Villages 2015";"Les Laurentides CÃ´tes du RhÃ´ne Villages";"2015";"309.9";"0.75";"413.2";"RÃ¸dvin";"Glass";"14";"2.9514284"
"Vinmonopolet";"5812601";"Sierra du Sud CÃ´tes du RhÃ´ne 2019";"Sierra du Sud CÃ´tes du RhÃ´ne";"2019";"279.9";"0.75";"373.2";"RÃ¸dvin";"Glass";"14";"2.6657143"
"Vinmonopolet";"5812901";"Beaufort CuvÃ©e RosÃ© Grand Cru";"Beaufort CuvÃ©e RosÃ© Grand Cru";"0";"399.9";"0.75";"533.2";"Champagne, rosÃ©";"Glass";"12";"4.443333"
"Vinmonopolet";"5813001";"Beaufort 1er Cru Les Facettes Brut RÃ©serve";"Beaufort 1er Cru Les Facettes Brut RÃ©serve";"0";"349.9";"0.75";"466.53";"Champagne, brut";"Glass";"12";"3.8877778"
"Vinmonopolet";"5813101";"Brun Grande Reserve Brut";"Brun Grande Reserve Brut";"0";"449.9";"0.75";"599.87";"Champagne, brut";"Glass";"12";"4.998889"
"Vinmonopolet";"5813201";"Turgy RÃ©serve Selection Blanc de Blancs";"Turgy RÃ©serve Selection Blanc de Blancs";"0";"319.9";"0.75";"426.53";"Champagne extra brut";"Glass";"12";"3.5544443"
"Vinmonopolet";"5813301";"Beaufort Carte Or Grand Cru";"Beaufort Carte Or Grand Cru";"0";"399.9";"0.75";"533.2";"Champagne, brut";"Glass";"12";"4.443333"
"Vinmonopolet";"5813501";"Turgy CuvÃ©e SpÃ©ciale Vieilles Vignes";"Turgy CuvÃ©e SpÃ©ciale Vieilles Vignes";"0";"559.9";"0.75";"746.53";"Champagne, brut";"Glass";"12";"6.2211113"
"Vinmonopolet";"5813601";"Michel Turgy Grand Cru Blanc de Blancs Brut MillÃ©simÃ© 2012";"Michel Turgy Grand Cru Blanc de Blancs Brut MillÃ©simÃ©";"2012";"399.9";"0.75";"533.2";"Champagne, brut";"Glass";"12";"4.443333"
"Vinmonopolet";"5815001";"Calles Riesling 2019";"Calles Riesling";"2019";"159.9";"0.75";"213.2";"White wine";"Glass";"11.5";"1.853913"
"Vinmonopolet";"5815101";"Vougeot Clos du PrieurÃ© Monopole 2009";"Vougeot Clos du PrieurÃ© Monopole";"2009";"475";"0.75";"633.33";"White wine";"Glass";"13";"4.8717947"
"Vinmonopolet";"5816001";"Ch. Lynch Moussas 2007";"Ch. Lynch Moussas";"2007";"649.9";"0.75";"866.53";"RÃ¸dvin";"Glass";"13";"6.6656413"
"Vinmonopolet";"5817601";"Moutardier CuvÃ©e Carte d'Or, Brut";"Moutardier CuvÃ©e Carte d'Or, Brut";"0";"299.9";"0.75";"399.87";"Champagne, brut";"Glass";"12";"3.3322222"
"Vinmonopolet";"5817801";"Leyrat Fins Bois Aged 8 Years";"Leyrat Fins Bois Aged 8 Years";"0";"675";"0.7";"964.29";"Grape spirit";"Glass";"40";"2.4107144"
"Vinmonopolet";"5818001";"Finca las Moras Malbec 2019";"Finca las Moras Malbec";"2019";"119.9";"0.75";"159.87";"RÃ¸dvin";"Glass";"12.5";"1.2789334"
"Vinmonopolet";"5818301";"Milamore 2017";"Milamore";"2017";"254.9";"0.75";"339.87";"RÃ¸dvin";"Glass";"14";"2.427619"
"Vinmonopolet";"5818601";"Dom. les Grands Bois CÃ´tes du RhÃ´ne Les 3 Soeurs 2018";"Dom. les Grands Bois CÃ´tes du RhÃ´ne Les 3 Soeurs";"2018";"179.9";"0.75";"239.87";"RÃ¸dvin";"Glass";"14.5";"1.6542528"
"Vinmonopolet";"5819801";"J. Moreau & Fils Chablis 1er Cru Vaucoupin 2016";"J. Moreau & Fils Chablis 1er Cru Vaucoupin";"2016";"309.9";"0.75";"413.2";"White wine";"Glass";"12.5";"3.3056"
"Vinmonopolet";"5821101";"Carpineto Brunello di Montalcino 2014";"Carpineto Brunello di Montalcino";"2014";"429.9";"0.75";"573.2";"RÃ¸dvin";"Glass";"14";"4.0942855"
"Vinmonopolet";"5821901";"Kellerei Bozen Chardonnay";"Kellerei Bozen Chardonnay";"2018";"184.7";"0.75";"246.27";"White wine";"Glass";"13";"1.894359"
"Vinmonopolet";"5822801";"Ornellaia 2017";"Ornellaia";"2017";"2100";"0.75";"2800";"RÃ¸dvin";"Glass";"15";"18.666666"
"Vinmonopolet";"5822901";"Le Volte dell' Ornellaia 2017";"Le Volte dell' Ornellaia";"2017";"299.9";"0.75";"399.87";"RÃ¸dvin";"Glass";"13.5";"2.9619753"
"Vinmonopolet";"5822905";"Le Volte dell' Ornellaia 2017";"Le Volte dell' Ornellaia";"2017";"699.9";"1.5";"466.6";"RÃ¸dvin";"Glass";"13.5";"3.4562964"
"Vinmonopolet";"5823406";"PrÃ¼m Essence Riesling 2018";"PrÃ¼m Essence Riesling";"2018";"432.9";"3";"144.3";"White wine";"Bag-in-box";"10.5";"1.3742857"
"Vinmonopolet";"5823701";"Gustave Lorentz Riesling RÃ©serve 2018";"Gustave Lorentz Riesling RÃ©serve";"2018";"165";"0.75";"220";"White wine";"Glass";"12.5";"1.76"
"Vinmonopolet";"5826801";"Conde Valdemar RosÃ© 2019";"Conde Valdemar RosÃ©";"2019";"169.9";"0.75";"226.53";"RosÃ©vin";"Glass";"13.5";"1.6780246"
"Vinmonopolet";"5828501";"Righetti Soave 2018";"Righetti Soave";"2018";"169.9";"0.75";"226.53";"White wine";"Glass";"12";"1.8877777"
"Vinmonopolet";"5830201";"Stag's Leap Wine Cellars Cabernet Sauvignon Artemis 2016";"Stag's Leap Wine Cellars Cabernet Sauvignon Artemis";"2016";"659.9";"0.75";"879.87";"RÃ¸dvin";"Glass";"14.5";"6.068046"
"Vinmonopolet";"5832001";"Lequin-Colin Chassagne-Montrachet Les CharriÃ¨res 2018";"Lequin-Colin Chassagne-Montrachet Les CharriÃ¨res";"2018";"499.9";"0.75";"666.53";"White wine";"Glass";"13";"5.1271796"
"Vinmonopolet";"5832101";"Lequin-Colin BÃ¢tard-Montrachet Grand Cru 2018";"Lequin-Colin BÃ¢tard-Montrachet Grand Cru";"2018";"1479";"0.75";"1972";"White wine";"Glass";"13.5";"14.607408"
"Vinmonopolet";"5832201";"Les Becs Fins CÃ´tes du RhÃ´ne Villages 2016";"Les Becs Fins CÃ´tes du RhÃ´ne Villages";"2016";"249.9";"0.75";"333.2";"RÃ¸dvin";"Glass";"14";"2.3799999"
"Vinmonopolet";"5832601";"Lequin-Colin Chassagne-Montrachet Les Morgeot 2017";"Lequin-Colin Chassagne-Montrachet Les Morgeot";"2017";"599.9";"0.75";"799.87";"White wine";"Glass";"13.5";"5.9249387"
"Vinmonopolet";"5833901";"Rosi Schuster Sankt Laurent Burgenland 2015";"Rosi Schuster Sankt Laurent Burgenland";"2015";"269";"0.75";"358.67";"RÃ¸dvin";"Glass";"11.5";"3.1188407"
"Vinmonopolet";"5834101";"Mauro 2017";"Mauro";"2017";"399.9";"0.75";"533.2";"RÃ¸dvin";"Glass";"14.5";"3.6772413"
"Vinmonopolet";"5834201";"Terreus 2016";"Terreus";"2016";"899.9";"0.75";"1199.87";"RÃ¸dvin";"Glass";"14.5";"8.274942"
"Vinmonopolet";"5834301";"Mauro V.S. 2016";"Mauro V.S.";"2016";"669.9";"0.75";"893.2";"RÃ¸dvin";"Glass";"14.5";"6.1600003"
"Vinmonopolet";"5834401";"San RomÃ¡n 2016";"San RomÃ¡n";"2016";"399.9";"0.75";"533.2";"RÃ¸dvin";"Glass";"14.5";"3.6772413"
"Vinmonopolet";"5834501";"Dark Syrah 2016";"Dark Syrah";"2016";"189.9";"0.75";"253.2";"RÃ¸dvin";"Glass";"14";"1.8085713"
"Vinmonopolet";"5834701";"Nigl GrÃ¼ner Veltliner GÃ¤rtling 2014";"Nigl GrÃ¼ner Veltliner GÃ¤rtling";"2014";"249.9";"0.75";"333.2";"White wine";"Glass";"11.5";"2.8973913"
"Vinmonopolet";"5834801";"Nigl Riesling Dornleiten 2015";"Nigl Riesling Dornleiten";"2015";"259.9";"0.75";"346.53";"White wine";"Glass";"12.5";"2.7722666"
"Vinmonopolet";"5835001";"Alenza Gran Reserva 2006";"Alenza Gran Reserva";"2006";"749.9";"0.75";"999.87";"RÃ¸dvin";"Glass";"14.5";"6.8956323"
"Vinmonopolet";"5835101";"Pesquera Millenium Reserva 2008";"Pesquera Millenium Reserva";"2008";"1000";"0.75";"1333.33";"RÃ¸dvin";"Glass";"14";"9.523809"
"Vinmonopolet";"5838102";"SchrÃ¶ck Kracher Ruster Ausbruch 2007";"SchrÃ¶ck Kracher Ruster Ausbruch";"2007";"369.9";"0.38";"986.4";"White wine";"Glass";"11.5";"8.464531"
"Vinmonopolet";"5838401";"Proidl Senftenberger Pfeningsberg Riesling 2016";"Proidl Senftenberger Pfeningsberg Riesling";"2016";"359.9";"0.75";"479.87";"White wine";"Glass";"13.5";"3.5545678"
"Vinmonopolet";"5838501";"Proidl Senftenberger GrÃ¼ner Veltliner Freiheit 2018";"Proidl Senftenberger GrÃ¼ner Veltliner Freiheit";"2018";"229.9";"0.75";"306.53";"White wine";"Glass";"12";"2.5544443"
"Vinmonopolet";"5838701";"Proidl Senftenberger GrÃ¼ner Veltliner Pellingen 2017";"Proidl Senftenberger GrÃ¼ner Veltliner Pellingen";"2017";"299.9";"0.75";"399.87";"White wine";"Glass";"14";"2.8561904"
"Vinmonopolet";"5838801";"Proidl Senftenberger Steilheit Riesling 2016";"Proidl Senftenberger Steilheit Riesling";"2016";"249.9";"0.75";"333.2";"White wine";"Glass";"12.5";"2.6655998"
"Vinmonopolet";"5839401";"Rosi Schuster Burgenland BlaufrÃ¤nkisch 2016";"Rosi Schuster Burgenland BlaufrÃ¤nkisch";"2016";"279";"0.75";"372";"RÃ¸dvin";"Glass";"13.5";"2.7555556"
"Vinmonopolet";"5839701";"Aphros Loureiro 2019";"Aphros Loureiro";"2019";"199.9";"0.75";"266.53";"White wine";"Glass";"11.5";"2.317681"
"Vinmonopolet";"5839801";"Aphros Daphne 2018";"Aphros Daphne";"2018";"249.9";"0.75";"333.2";"White wine";"Glass";"12";"2.7766666"
"Vinmonopolet";"5840201";"Castellare di Castellina Chianti Classico";"Castellare di Castellina Chianti Classico";"0";"289.8";"0.75";"386.4";"RÃ¸dvin";"Glass";"13";"2.9723077"
"Vinmonopolet";"5840205";"Castellare di Castellina Chianti Classico";"Castellare di Castellina Chianti Classico";"0";"549.7";"1.5";"366.47";"RÃ¸dvin";"Glass";"13";"2.8189745"
"Vinmonopolet";"5841001";"Pesquera Crianza 2017";"Pesquera Crianza";"2017";"354.9";"0.75";"473.2";"RÃ¸dvin";"Glass";"14.5";"3.2634482"
"Vinmonopolet";"5841101";"Condado de Haza Crianza 2016";"Condado de Haza Crianza";"2016";"189.9";"0.75";"253.2";"RÃ¸dvin";"Glass";"14.5";"1.7462069"
"Vinmonopolet";"5841201";"Chapelle du Bois Rose 2015";"Chapelle du Bois Rose";"2015";"129.9";"0.75";"173.2";"RosÃ©vin";"Glass";"12";"1.4433333"
"Vinmonopolet";"5841501";"Yellow Tail RosÃ© 2019";"Yellow Tail RosÃ©";"2019";"124.9";"0.75";"166.53";"RosÃ©vin";"Glass";"12";"1.3877778"
"Vinmonopolet";"5842501";"Toni Jost Jodocus Riesling Trocken 2017";"Toni Jost Jodocus Riesling Trocken";"2017";"199.9";"0.75";"266.53";"White wine";"Glass";"12.5";"2.1322665"
"Vinmonopolet";"5842801";"Marc Kreydenweiss Kastelberg Grand Cru Riesling 2015";"Marc Kreydenweiss Kastelberg Grand Cru Riesling";"2015";"519.9";"0.75";"693.2";"White wine";"Glass";"14";"4.951429"
"Vinmonopolet";"5842901";"Marc Kreydenweiss Andlau Riesling 2018";"Marc Kreydenweiss Andlau Riesling";"2018";"224.9";"0.75";"299.87";"White wine";"Glass";"12.5";"2.3989332"
"Vinmonopolet";"5843001";"Marc Kreydenweiss Clos du Val d'ÃlÃ©on 2017";"Marc Kreydenweiss Clos du Val d'ÃlÃ©on";"2017";"309.9";"0.75";"413.2";"White wine";"Glass";"13.5";"3.0607407"
"Vinmonopolet";"5843201";"Gobelsburg Cistercien RosÃ© 2017";"Gobelsburg Cistercien RosÃ©";"2017";"219.9";"0.75";"293.2";"RosÃ©vin";"Glass";"12";"2.4433331"
"Vinmonopolet";"5843602";"Gobelsburg Riesling Auslese 2017";"Gobelsburg Riesling Auslese";"2017";"239.9";"0.38";"639.73";"White wine";"Glass";"9";"7.01462"
"Vinmonopolet";"5843802";"Schloss Gobelsburg GrÃ¼ner Veltliner Trockenbeerenauslese 2015";"Schloss Gobelsburg GrÃ¼ner Veltliner Trockenbeerenauslese";"2015";"399.9";"0.38";"1066.4";"White wine";"Glass";"7.5";"14.031579"
"Vinmonopolet";"5843902";"Gobelsburg GrÃ¼ner Veltliner Eiswein 2018";"Gobelsburg GrÃ¼ner Veltliner Eiswein";"2018";"439.9";"0.38";"1173.07";"White wine";"Glass";"9.5";"12.1855955"
"Vinmonopolet";"5844001";"Gobelsburg Riesling Gaisberg 2017";"Gobelsburg Riesling Gaisberg";"2017";"349.9";"0.75";"466.53";"White wine";"Glass";"13.5";"3.4558024"
"Vinmonopolet";"5847603";"By the Dutch Classic Bitter";"By the Dutch Classic Bitter";"0";"129.9";"0.05";"2598";"Bitter	";"Glass";"45";"5.773333"
"Vinmonopolet";"5847703";"By the Dutch Orange Bitters";"By the Dutch Orange Bitters";"0";"129.9";"0.05";"2598";"Bitter	";"Glass";"45";"5.773333"
"Vinmonopolet";"5847801";"Ãkvator Akvavit";"Ãkvator Akvavit";"0";"419.4";"0.7";"599.14";"Aquavit";"Glass";"40";"1.4978571"
"Vinmonopolet";"5847901";"SmÃ¥ Juleshots";"SmÃ¥ Juleshots";"0";"299.6";"1";"299.6";"LikÃ¸r";"Glass";"16.4";"1.8268293"
"Vinmonopolet";"5848001";"Palistorti di Valgiano 2013";"Palistorti di Valgiano";"2013";"299.9";"0.75";"399.87";"RÃ¸dvin";"Glass";"13";"3.0758975"
"Vinmonopolet";"5848101";"Fio RÃ¤tzelhaft Mosel 2017";"Fio RÃ¤tzelhaft Mosel";"2017";"199.9";"0.75";"266.53";"White wine";"Glass";"10.5";"2.5384126"
"Vinmonopolet";"5848201";"Fio Cabi Sehr Nett Riesling 2015";"Fio Cabi Sehr Nett Riesling";"2015";"300.3";"0.75";"400.4";"White wine";"Glass";"8.5";"4.710588"
"Vinmonopolet";"5848301";"Fio Riesling 2014";"Fio Riesling";"2014";"499.9";"0.75";"666.53";"White wine";"Glass";"11.5";"5.795942"
"Vinmonopolet";"5848401";"Fio Falkenberg Riesling 2016";"Fio Falkenberg Riesling";"2016";"379.9";"0.75";"506.53";"White wine";"Glass";"11";"4.6048484"
"Vinmonopolet";"5848501";"Roche de Bellene Bellenos Coteaux Bourguignons CuvÃ©e Rouge 2018";"Roche de Bellene Bellenos Coteaux Bourguignons CuvÃ©e Rouge";"2018";"149.9";"0.75";"199.87";"RÃ¸dvin";"Glass";"12.5";"1.5989332"
"Vinmonopolet";"5848701";"Trerose Santa Caterina Vino Nobile di Montepulciano 2015";"Trerose Santa Caterina Vino Nobile di Montepulciano";"2015";"239.9";"0.75";"319.87";"RÃ¸dvin";"Glass";"13.5";"2.3693826"
"Vinmonopolet";"5848801";"Dr. Wehrheim Birkweiler Buntsandstein Riesling trocken 2015";"Dr. Wehrheim Birkweiler Buntsandstein Riesling trocken";"2015";"210.1";"0.75";"280.13";"White wine";"Glass";"13";"2.154872"
"Vinmonopolet";"5848901";"Dr. Wehrheim Birkweiler Rotliegendes Riesling trocken 2018";"Dr. Wehrheim Birkweiler Rotliegendes Riesling trocken";"2018";"229.9";"0.75";"306.53";"White wine";"Glass";"12.5";"2.4522667"
"Vinmonopolet";"5849001";"Dr. Wehrheim RotstÃ¼ck Riesling trocken 2018";"Dr. Wehrheim RotstÃ¼ck Riesling trocken";"2018";"164.9";"0.75";"219.87";"White wine";"Glass";"12";"1.8322221"
"Vinmonopolet";"5849101";"Dr. Wehrheim Kastanienbusch KÃ¶ppel Riesling trocken GG 2018";"Dr. Wehrheim Kastanienbusch KÃ¶ppel Riesling trocken GG";"2018";"409.9";"0.75";"546.53";"White wine";"Glass";"13.5";"4.048395"
"Vinmonopolet";"5849201";"Ch. Grand'Grange La Cascade Beaujolais Villages 2015";"Ch. Grand'Grange La Cascade Beaujolais Villages";"2015";"141.2";"0.75";"188.27";"RÃ¸dvin";"Glass";"13";"1.4482051"
"Vinmonopolet";"5849301";"Ch. Grand'Grange Beaujolais Villages Chardonnay 2016";"Ch. Grand'Grange Beaujolais Villages Chardonnay";"2016";"182.1";"0.75";"242.8";"White wine";"Glass";"13.5";"1.7985185"
"Vinmonopolet";"5849401";"Ch. Grand'Grange Clos la Madone Fleurie 2015";"Ch. Grand'Grange Clos la Madone Fleurie";"2015";"228.6";"0.75";"304.8";"RÃ¸dvin";"Glass";"13";"2.3446155"
"Vinmonopolet";"5849501";"La Fourmone le Burlet Rouge 2015";"La Fourmone le Burlet Rouge";"2015";"139.4";"0.75";"185.87";"RÃ¸dvin";"Glass";"13.5";"1.37679"
"Vinmonopolet";"5849701";"Poggio Bonelli Tramonto dâOca Toscana 2013";"Poggio Bonelli Tramonto dâOca Toscana";"2013";"255.4";"0.75";"340.53";"RÃ¸dvin";"Glass";"14";"2.432381"
"Vinmonopolet";"5849801";"Tombacco Aglianico del Beneventano";"Tombacco Aglianico del Beneventano";"0";"169";"0.75";"225.33";"RÃ¸dvin";"Glass";"14";"1.6095238"
"Vinmonopolet";"5849806";"Tombacco Aglianico del Beneventano";"Tombacco Aglianico del Beneventano";"0";"499.3";"3";"166.43";"RÃ¸dvin";"Bag-in-box";"14";"1.1888095"
"Vinmonopolet";"5849901";"Tombacco Biferno Rosso Riserva";"Tombacco Biferno Rosso Riserva";"0";"179";"0.75";"238.67";"RÃ¸dvin";"Glass";"14";"1.7047619"
"Vinmonopolet";"5851701";"Puy cheri RosÃ© 2018";"Puy cheri RosÃ©";"2018";"104.9";"0.75";"139.87";"RosÃ©vin";"Glass";"12.5";"1.1189333"
"Vinmonopolet";"5852501";"Vivanco Rosado 2018";"Vivanco Rosado";"2018";"143.7";"0.75";"191.6";"RosÃ©vin";"Glass";"13.5";"1.4192592"
"Vinmonopolet";"5852601";"Vivanco Blanco 2018";"Vivanco Blanco";"2018";"143.3";"0.75";"191.07";"White wine";"Glass";"13";"1.4697436"
"Vinmonopolet";"5853401";"Laroche Mas La ChevaliÃ¨re Peyroli";"Laroche Mas La ChevaliÃ¨re Peyroli";"2015";"172.9";"0.75";"230.53";"White wine";"Glass";"13";"1.7733333"
"Vinmonopolet";"5853901";"Raventos de Nit 2017";"Raventos de Nit";"2017";"239.9";"0.75";"319.87";"Sparkling wine";"Glass";"12";"2.6655555"
"Vinmonopolet";"5854001";"Gran Feudo Rueda Verdejo 2016";"Gran Feudo Rueda Verdejo";"2016";"184.9";"0.75";"246.53";"White wine";"Glass";"12.5";"1.9722666"
"Vinmonopolet";"5854301";"Degiorgis Moscato d'Asti";"Degiorgis Moscato d'Asti";"2018";"149.9";"0.75";"199.87";"Sparkling white wine";"Glass";"5";"3.9973333"
"Vinmonopolet";"5854801";"Kanonkop Pinotage 2017";"Kanonkop Pinotage";"2017";"359.9";"0.75";"479.87";"RÃ¸dvin";"Glass";"14";"3.427619"
"Vinmonopolet";"5854901";"Kanonkop Cabernet Sauvignon 2017";"Kanonkop Cabernet Sauvignon";"2017";"359.9";"0.75";"479.87";"RÃ¸dvin";"Glass";"14";"3.427619"
"Vinmonopolet";"5855401";"Raumland Riesling Brut 2013";"Raumland Riesling Brut";"2013";"299.7";"0.75";"399.6";"Sparkling wine";"Glass";"11.5";"3.4747827"
"Vinmonopolet";"5855501";"Raumland CuvÃ©e Katharina Brut Nature 2014";"Raumland CuvÃ©e Katharina Brut Nature";"2014";"329.7";"0.75";"439.6";"Sparkling wine";"Glass";"12";"3.6633334"
"Vinmonopolet";"5856301";"Rivetto Barolo di Serralunga d'Alba 2016";"Rivetto Barolo di Serralunga d'Alba";"2016";"434.9";"0.75";"579.87";"RÃ¸dvin";"Glass";"14.5";"3.9990804"
"Vinmonopolet";"5856901";"Chavet Menetou-Salon CuvÃ©e Tradition Blanc 2018";"Chavet Menetou-Salon CuvÃ©e Tradition Blanc";"2018";"239.9";"0.75";"319.87";"White wine";"Glass";"14";"2.284762"
"Vinmonopolet";"5857101";"Bougrier Tourraine Sauvignon Blanc 2017";"Bougrier Tourraine Sauvignon Blanc";"2017";"159.9";"0.75";"213.2";"White wine";"Glass";"12.5";"1.7055999"
"Vinmonopolet";"5857501";"Schloss SchÃ¶nborn RÃ¼desheim Berg Schlossberg Riesling Erstes GewÃ¤chs 2013";"Schloss SchÃ¶nborn RÃ¼desheim Berg Schlossberg Riesling Erstes GewÃ¤chs";"2013";"279.8";"0.75";"373.07";"White wine";"Glass";"12.5";"2.9845333"
"Vinmonopolet";"5857601";"SchÃ¶nborn RÃ¼desheimer Berg Schlossberg Riesling Auslese 2006";"SchÃ¶nborn RÃ¼desheimer Berg Schlossberg Riesling Auslese";"2006";"369.9";"0.75";"493.2";"White wine";"Glass";"11";"4.4836364"
"Vinmonopolet";"5859501";"Roger Champault Les Pierris Sancerre Rouge";"Roger Champault Les Pierris Sancerre Rouge";"0";"258.8";"0.75";"345.07";"RÃ¸dvin";"Glass";"12.5";"2.760533"
"Vinmonopolet";"5859801";"Brotherhood B Sparkling RosÃ©";"Brotherhood B Sparkling RosÃ©";"0";"148.7";"0.75";"198.27";"Musserende vin, rosÃ©";"Glass";"12";"1.6522222"
"Vinmonopolet";"5859901";"Brotherhood B Sparkling Chardonnay";"Brotherhood B Sparkling Chardonnay";"0";"148.7";"0.75";"198.27";"Sparkling wine";"Glass";"12";"1.6522222"
"Vinmonopolet";"5862101";"Allram Strassertaler Riesling 2018";"Allram Strassertaler Riesling";"2018";"169.9";"0.75";"226.53";"White wine";"Glass";"12";"1.8877777"
"Vinmonopolet";"5862801";"Banfi Centine 2016";"Banfi Centine";"2016";"184.9";"0.75";"246.53";"White wine";"Glass";"13";"1.8964102"
"Vinmonopolet";"5863701";"Monsanto Monrosso Chianti 2017";"Monsanto Monrosso Chianti";"2017";"263.8";"0.75";"351.73";"RÃ¸dvin";"Glass";"13.5";"2.605432"
"Vinmonopolet";"5867001";"Nigl GrÃ¼ner Veltliner Piri 2018";"Nigl GrÃ¼ner Veltliner Piri";"2018";"259.9";"0.75";"346.53";"White wine";"Glass";"12.5";"2.7722666"
"Vinmonopolet";"5867501";"Ramon Bilbao Single Vinyard 2016";"Ramon Bilbao Single Vinyard";"2016";"165";"0.75";"220";"RÃ¸dvin";"Glass";"14";"1.5714285"
"Vinmonopolet";"5867601";"KÃ¼nstler RÃ¼desheim Berg Rottland Riesling trocken GG 2018";"KÃ¼nstler RÃ¼desheim Berg Rottland Riesling trocken GG";"2018";"389.9";"0.75";"519.87";"White wine";"Glass";"12.5";"4.158933"
"Vinmonopolet";"5867701";"Lamberti Valpolicella Ripasso 2016";"Lamberti Valpolicella Ripasso";"2016";"188.9";"0.75";"251.87";"RÃ¸dvin";"Glass";"13";"1.9374359"
"Vinmonopolet";"5867901";"Keber Grici Collio Chardonnay 2008";"Keber Grici Collio Chardonnay";"2008";"318.9";"0.75";"425.2";"White wine";"Glass";"14.5";"2.9324138"
"Vinmonopolet";"5868401";"Pian delle Querci Rosso di Montalcino 2018";"Pian delle Querci Rosso di Montalcino";"2018";"209";"0.75";"278.67";"RÃ¸dvin";"Glass";"14";"1.9904761"
"Vinmonopolet";"5869101";"Antiche Terre Valpolicella Superiore Ripasso 2017";"Antiche Terre Valpolicella Superiore Ripasso";"2017";"199.9";"0.75";"266.53";"RÃ¸dvin";"Glass";"14";"1.9038094"
"Vinmonopolet";"5869201";"Antiche Terre Amarone della Valpolicella 2016";"Antiche Terre Amarone della Valpolicella";"2016";"285";"0.75";"380";"RÃ¸dvin";"Glass";"15";"2.5333333"
"Vinmonopolet";"5869501";"Henri Bourgeois Petit Bourgeois RosÃ© de Pinot Noir 2018";"Henri Bourgeois Petit Bourgeois RosÃ© de Pinot Noir";"2018";"179.9";"0.75";"239.87";"RosÃ©vin";"Glass";"12.5";"1.9189333"
"Vinmonopolet";"5870206";"Chill Out Chenin Blanc";"Chill Out Chenin Blanc";"2019";"199.9";"1.5";"133.27";"White wine";"Pouch";"12";"1.1105555"
"Vinmonopolet";"5870401";"Prendina Pinot Grigio 2018";"Prendina Pinot Grigio";"2018";"199.9";"0.75";"266.53";"White wine";"Glass";"12.5";"2.1322665"
"Vinmonopolet";"5870501";"Cointreau Blood Orange";"Cointreau Blood Orange";"0";"619.9";"0.7";"885.57";"LikÃ¸r";"Glass";"30";"2.951905"
"Vinmonopolet";"5870701";"Loimer Lenz Riesling 2018";"Loimer Lenz Riesling";"2018";"199.9";"0.75";"266.53";"White wine";"Glass";"11.5";"2.317681"
"Vinmonopolet";"5871201";"Trevisol Valdobbiadene Prosecco Superiore Brut";"Trevisol Valdobbiadene Prosecco Superiore Brut";"0";"182.9";"0.75";"243.87";"Sparkling wine";"Glass";"11.5";"2.1205797"
"Vinmonopolet";"5871301";"Nec-Otium Pinot Grigio 2018";"Nec-Otium Pinot Grigio";"2018";"159.9";"0.75";"213.2";"White wine";"Glass";"12.5";"1.7055999"
"Vinmonopolet";"5871401";"Dom. de MÃ©nard CuvÃ©e Marine 2018";"Dom. de MÃ©nard CuvÃ©e Marine";"2018";"134.9";"0.75";"179.87";"White wine";"Glass";"11";"1.6351514"
"Vinmonopolet";"5873201";"Occhipinti SP 68 Rosso 2019";"Occhipinti SP 68 Rosso";"2019";"250";"0.75";"333.33";"RÃ¸dvin";"Glass";"12.5";"2.6666667"
"Vinmonopolet";"5873205";"Occhipinti SP 68 Rosso 2018";"Occhipinti SP 68 Rosso";"2018";"509.9";"1.5";"339.93";"RÃ¸dvin";"Glass";"12.5";"2.7194667"
"Vinmonopolet";"5873701";"Muga RosÃ© 2019";"Muga RosÃ©";"2019";"189.9";"0.75";"253.2";"RosÃ©vin";"Glass";"13.5";"1.8755555"
"Vinmonopolet";"5873801";"Seresin Sauvignon Blanc 2017";"Seresin Sauvignon Blanc";"2017";"234.9";"0.75";"313.2";"White wine";"Glass";"12.5";"2.5056"
"Vinmonopolet";"5874601";"Enate Chardonnay-234 2019";"Enate Chardonnay-234";"2019";"159.9";"0.75";"213.2";"White wine";"Glass";"14";"1.5228571"
"Vinmonopolet";"5875101";"Weinrieder GrÃ¼ner Veltliner Alte Reben 2011";"Weinrieder GrÃ¼ner Veltliner Alte Reben";"2011";"289.9";"0.75";"386.53";"White wine";"Glass";"14";"2.7609522"
"Vinmonopolet";"5875401";"Hirsch Riesling Heiligenstein 2011";"Hirsch Riesling Heiligenstein";"2011";"399.9";"0.75";"533.2";"White wine";"Glass";"13";"4.101538"
"Vinmonopolet";"5875605";"Chionetti Dolcetto di Dogliani San Luigi 2013";"Chionetti Dolcetto di Dogliani San Luigi";"2013";"499.9";"1.5";"333.27";"RÃ¸dvin";"Glass";"13";"2.5635898"
"Vinmonopolet";"5875701";"Hirsch GrÃ¼ner Veltliner Kammern Lamm 2014";"Hirsch GrÃ¼ner Veltliner Kammern Lamm";"2014";"369.9";"0.75";"493.2";"White wine";"Glass";"13";"3.7938461"
"Vinmonopolet";"5876702";"Weinrieder Riesling Beerenauslese Schneiderberg 2013";"Weinrieder Riesling Beerenauslese Schneiderberg";"2013";"259.9";"0.38";"693.07";"White wine";"Glass";"13";"5.2611337"
"Vinmonopolet";"5877001";"Prod. del Barbaresco Grappa Nebbiolo";"Prod. del Barbaresco Grappa Nebbiolo";"0";"649.9";"0.7";"928.43";"Grape spirit";"Glass";"42";"2.2105443"
"Vinmonopolet";"5877101";"Prod. del Barbaresco Grappa Nebbiolo Aged";"Prod. del Barbaresco Grappa Nebbiolo Aged";"0";"629.9";"0.7";"899.86";"Grape spirit";"Glass";"42";"2.142517"
"Vinmonopolet";"5877202";"Weinrieder Welschriesling Eiswein 2015";"Weinrieder Welschriesling Eiswein";"2015";"359.9";"0.38";"959.73";"White wine";"Glass";"11";"8.610047"
"Vinmonopolet";"5877301";"Ch. de Segries Tavel 2014";"Ch. de Segries Tavel";"2014";"199.9";"0.75";"266.53";"RosÃ©vin";"Glass";"14.5";"1.8381609"
"Vinmonopolet";"5877601";"Nino Franco Prosecco Rustico";"Nino Franco Prosecco Rustico";"0";"159.9";"0.75";"213.2";"Sparkling wine";"Glass";"11";"1.9381818"
"Vinmonopolet";"5877801";"Santus SatÃ¨n Franciacorta 2012";"Santus SatÃ¨n Franciacorta";"2012";"312.8";"0.75";"417.07";"Sparkling wine";"Glass";"12.5";"3.3365333"
"Vinmonopolet";"5878102";"Montresor Soave Classico 2018";"Montresor Soave Classico";"2018";"80.9";"0.38";"215.73";"White wine";"Glass";"12.5";"1.7031579"
"Vinmonopolet";"5879301";"Arne Brimi's Burgunder 2016";"Arne Brimi's Burgunder";"2016";"249.9";"0.75";"333.2";"White wine";"Glass";"12.5";"2.6655998"
"Vinmonopolet";"5880801";"Lamy Saint Aubin 1er Cru Frionnes 2014";"Lamy Saint Aubin 1er Cru Frionnes";"2014";"390.8";"0.75";"521.07";"White wine";"Glass";"13";"4.008205"
"Vinmonopolet";"5882301";"Marques de la Concordia Hacienda de SÃºsar 2014";"Marques de la Concordia Hacienda de SÃºsar";"2014";"239.7";"0.75";"319.6";"RÃ¸dvin";"Glass";"14";"2.2828572"
"Vinmonopolet";"5883101";"Tenuta Ulisse Cerasuolo d'Abruzzo 2017";"Tenuta Ulisse Cerasuolo d'Abruzzo";"2017";"169.9";"0.75";"226.53";"RosÃ©vin";"Glass";"13";"1.7425641"
"Vinmonopolet";"5883301";"Poli Grappa Sarpa di Poli";"Poli Grappa Sarpa di Poli";"0";"575";"0.7";"821.43";"Grape spirit";"Glass";"40";"2.0535715"
"Vinmonopolet";"5883401";"Poli Grappa Sarpa di Poli Barrique";"Poli Grappa Sarpa di Poli Barrique";"0";"575";"0.7";"821.43";"Grape spirit";"Glass";"40";"2.0535715"
"Vinmonopolet";"5883706";"Markus Molitor Schiefer Riesling 2018";"Markus Molitor Schiefer Riesling";"2018";"454.9";"3";"151.63";"White wine";"Bag-in-box";"11.5";"1.3185507"
"Vinmonopolet";"5884102";"Jack Daniel's Tennessee";"Jack Daniel's Tennessee";"0";"309.9";"0.5";"619.8";"Whisky";"Plast";"40";"1.5495"
"Vinmonopolet";"5884201";"Angostura Caribbean Rum Reserva";"Angostura Caribbean Rum Reserva";"0";"409.9";"0.7";"585.57";"Rum";"Glass";"37.5";"1.5615238"
"Vinmonopolet";"5884401";"Angostura Premium Gold Rum 5 Years";"Angostura Premium Gold Rum 5 Years";"0";"469.9";"0.7";"671.29";"Rum";"Glass";"40";"1.6782143"
"Vinmonopolet";"5887201";"Santa Sofia Montegradella Valpolicella Classico 2015";"Santa Sofia Montegradella Valpolicella Classico";"2015";"279.9";"0.75";"373.2";"RÃ¸dvin";"Glass";"14";"2.6657143"
"Vinmonopolet";"5887302";"Santa Sofia Recioto di Soave 2013";"Santa Sofia Recioto di Soave";"2013";"289.9";"0.5";"579.8";"White wine";"Glass";"13";"4.46"
"Vinmonopolet";"5888201";"50Â° Rheingau Riesling Trocken 2017";"50Â° Rheingau Riesling Trocken";"2017";"199.9";"0.75";"266.53";"White wine";"Glass";"12";"2.221111"
"Vinmonopolet";"5889501";"Due Palme Canonico 2018";"Due Palme Canonico";"2018";"129.9";"0.75";"173.2";"RÃ¸dvin";"Glass";"12.5";"1.3856"
"Vinmonopolet";"5889801";"Armand de Brignac Gold Brut";"Armand de Brignac Gold Brut";"0";"2999.9";"0.75";"3999.87";"Champagne, brut";"Glass";"12.5";"31.998932"
"Vinmonopolet";"5892001";"Rivetto Barbera d'Alba Zio Nando 2016";"Rivetto Barbera d'Alba Zio Nando";"2016";"299.9";"0.75";"399.87";"RÃ¸dvin";"Glass";"14";"2.8561904"
"Vinmonopolet";"5892101";"Musar Jeune Blanc 2018";"Musar Jeune Blanc";"2018";"244.9";"0.75";"326.53";"White wine";"Glass";"13";"2.5117948"
"Vinmonopolet";"5892201";"Musar Jeune 2017";"Musar Jeune";"2017";"219.9";"0.75";"293.2";"RÃ¸dvin";"Glass";"13.5";"2.1718519"
"Vinmonopolet";"5892701";"Saint-Maurice Brut";"Saint-Maurice Brut";"0";"299.9";"0.75";"399.87";"Champagne, brut";"Glass";"12";"3.3322222"
"Vinmonopolet";"5892901";"Kopke Late Bottled Vintage 2014";"Kopke Late Bottled Vintage";"2014";"323.9";"0.75";"431.87";"Port wine";"Glass";"20";"2.1593332"
"Vinmonopolet";"5893701";"Label 5 Classic Black";"Label 5 Classic Black";"0";"349.9";"0.7";"499.86";"Whisky";"Glass";"40";"1.2496428"
"Vinmonopolet";"5894602";"Fatlagret Harahorn Gin";"Fatlagret Harahorn Gin";"0";"419";"0.5";"838";"Gin";"Glass";"41.7";"2.0095923"
"Vinmonopolet";"5895301";"Pian delle Querci Brunello di Montalcino Riserva 2013";"Pian delle Querci Brunello di Montalcino Riserva";"2013";"349";"0.75";"465.33";"RÃ¸dvin";"Glass";"14.5";"3.2091954"
"Vinmonopolet";"5895501";"Alde Eplesider 2019";"Alde Eplesider";"2019";"159.9";"0.75";"213.2";"Cider";"Glass";"6.9";"3.089855"
"Vinmonopolet";"5895701";"Larsen 90th Anniversary";"Larsen 90th Anniversary";"0";"489.9";"0.7";"699.86";"Grape spirit";"Glass";"40";"1.7496428"
"Vinmonopolet";"5896202";"XantÃ© Dark Chocolate & Pear";"XantÃ© Dark Chocolate & Pear";"0";"319.9";"0.5";"639.8";"LikÃ¸r";"Glass";"38";"1.6836842"
"Vinmonopolet";"5897201";"Antiche Terre Mezzo Monte Valpolicella Ripasso 2017";"Antiche Terre Mezzo Monte Valpolicella Ripasso";"2017";"229.9";"0.75";"306.53";"RÃ¸dvin";"Glass";"13.5";"2.2706172"
"Vinmonopolet";"5897401";"Gnarly Head 1924 Double Black 2016";"Gnarly Head  Double Black";"2016";"189.9";"0.75";"253.2";"RÃ¸dvin";"Glass";"15";"1.688"
"Vinmonopolet";"5898101";"K Guido Sangiovese 2015";"K Guido Sangiovese";"2015";"620";"0.75";"826.67";"RÃ¸dvin";"Glass";"14.5";"5.7011495"
"Vinmonopolet";"5898201";"Casa D Aristi Kalani Coconut Rum Liqueur";"Casa D Aristi Kalani Coconut Rum Liqueur";"0";"454.6";"0.7";"649.43";"LikÃ¸r";"Glass";"30";"2.164762"
"Vinmonopolet";"5898301";"By the Dutch Batavia Arrack";"By the Dutch Batavia Arrack";"0";"695";"0.7";"992.86";"Rum";"Glass";"48";"2.0684524"
"Vinmonopolet";"5898901";"William Downie Bill Downie 2016";"William Downie Bill Downie";"2016";"179.9";"0.75";"239.87";"RÃ¸dvin";"Glass";"14";"1.7133332"
"Vinmonopolet";"5899001";"William Downie Mornington Pinot Noir 2015";"William Downie Mornington Pinot Noir";"2015";"549.9";"0.75";"733.2";"RÃ¸dvin";"Glass";"13";"5.6400003"
"Vinmonopolet";"5901701";"Huber-Verdereau Volnay Les Robardelles 2017";"Huber-Verdereau Volnay Les Robardelles";"2017";"475";"0.75";"633.33";"RÃ¸dvin";"Glass";"13";"4.8717947"
"Vinmonopolet";"5902101";"Saint Cosme Chateauneuf-du-Pape 2016";"Saint Cosme Chateauneuf-du-Pape";"2016";"435";"0.75";"580";"RÃ¸dvin";"Glass";"15.5";"3.7419355"
"Vinmonopolet";"5902501";"Van Volxem Saar Riesling 2017";"Van Volxem Saar Riesling";"2017";"219";"0.75";"292";"White wine";"Glass";"12";"2.4333334"
"Vinmonopolet";"5902801";"Picariello Aglianico Zi Filicella 2010";"Picariello Aglianico Zi Filicella";"2010";"229.9";"0.75";"306.53";"RÃ¸dvin";"Glass";"13";"2.3579485"
"Vinmonopolet";"5903101";"Erbaluna Dolcetto d'Alba Le Liste 2017";"Erbaluna Dolcetto d'Alba Le Liste";"2017";"229.9";"0.75";"306.53";"RÃ¸dvin";"Glass";"14";"2.1895237"
"Vinmonopolet";"5903201";"Erbaluna Rosso 2015";"Erbaluna Rosso";"2015";"199.9";"0.75";"266.53";"RÃ¸dvin";"Glass";"13.5";"1.9743209"
"Vinmonopolet";"5904101";"Testamatta 2016";"Testamatta";"2016";"995";"0.75";"1326.67";"RÃ¸dvin";"Glass";"14";"9.476191"
"Vinmonopolet";"5904501";"Franciacorta Ca'del Bosco CuvÃ©e Prestige";"Franciacorta Ca'del Bosco CuvÃ©e Prestige";"0";"402.4";"0.75";"536.53";"Sparkling wine";"Glass";"12.5";"4.2922664"
"Vinmonopolet";"5904801";"Soffocone di Vincigliata 2017";"Soffocone di Vincigliata";"2017";"299.9";"0.75";"399.87";"RÃ¸dvin";"Glass";"13.5";"2.9619753"
"Vinmonopolet";"5905001";"Casamatta Rosso 2019";"Casamatta Rosso";"2019";"148";"0.75";"197.33";"RÃ¸dvin";"Glass";"12.5";"1.5786667"
"Vinmonopolet";"5905101";"Bod. Vistalba Corte B 2015";"Bod. Vistalba Corte B";"2015";"269.9";"0.75";"359.87";"RÃ¸dvin";"Glass";"14.5";"2.481839"
"Vinmonopolet";"5905201";"Vistalba Corte C 2015";"Vistalba Corte C";"2015";"199.9";"0.75";"266.53";"RÃ¸dvin";"Glass";"14";"1.9038094"
"Vinmonopolet";"5905405";"Clos des Brusquieres Chateauneuf-du-Pape 2016";"Clos des Brusquieres Chateauneuf-du-Pape";"2016";"729.9";"1.5";"486.6";"RÃ¸dvin";"Glass";"15";"3.2440002"
"Vinmonopolet";"5906101";"Mauro Veglio Barolo Castelletto 2014";"Mauro Veglio Barolo Castelletto";"2014";"559";"0.75";"745.33";"RÃ¸dvin";"Glass";"14.5";"5.1402297"
"Vinmonopolet";"5909101";"Le Serre Nuove dell'Ornellaia 2017";"Le Serre Nuove dell'Ornellaia";"2017";"599.9";"0.75";"799.87";"RÃ¸dvin";"Glass";"14.5";"5.516322"
"Vinmonopolet";"5910401";"O'Mara's Irish Country Cream";"O'Mara's Irish Country Cream";"0";"169.9";"0.75";"226.53";"Flavoured wine	";"Glass";"13.9";"1.6297362"
"Vinmonopolet";"5910701";"Cluny";"Cluny";"0";"469.9";"1";"469.9";"Whisky";"Glass";"40";"1.17475"
"Vinmonopolet";"5911401";"William Downie Yarra Valley Pinot Noir 2015";"William Downie Yarra Valley Pinot Noir";"2015";"549.9";"0.75";"733.2";"RÃ¸dvin";"Glass";"13";"5.6400003"
"Vinmonopolet";"5911501";"William Downie Gippsland Pinot Noir 2018";"William Downie Gippsland Pinot Noir";"2018";"549.9";"0.75";"733.2";"RÃ¸dvin";"Glass";"13.5";"5.4311113"
"Vinmonopolet";"5911901";"LhÃ©raud CuvÃ©e 20";"LhÃ©raud CuvÃ©e 20";"0";"1050";"0.7";"1500";"Grape spirit";"Glass";"43";"3.488372"
"Vinmonopolet";"5912602";"Ocho Tequila Blanco 2018";"Ocho Tequila Blanco";"2018";"500";"0.5";"1000";"Fruit spirit";"Glass";"40";"2.5"
"Vinmonopolet";"5912702";"Ocho Tequila Reposado 2018";"Ocho Tequila Reposado";"2018";"519.6";"0.5";"1039.2";"Fruit spirit";"Glass";"40";"2.5979998"
"Vinmonopolet";"5913501";"Bertha Brut 1989 2016";"Bertha Brut";"2016";"214.9";"0.75";"286.53";"Sparkling wine";"Glass";"11.5";"2.491594"
"Vinmonopolet";"5915001";"Skakke XO";"Skakke XO";"0";"640";"0.7";"914.29";"Grape spirit";"Glass";"40";"2.2857144"
"Vinmonopolet";"5918401";"Audoin Marsannay Les FaviÃ¨res 2017";"Audoin Marsannay Les FaviÃ¨res";"2017";"479.9";"0.75";"639.87";"RÃ¸dvin";"Glass";"13";"4.9220514"
"Vinmonopolet";"5918501";"Roagna Barbera d'Alba 2014";"Roagna Barbera d'Alba";"2014";"389.9";"0.75";"519.87";"RÃ¸dvin";"Glass";"13.5";"3.8508642"
"Vinmonopolet";"5920401";"Schmetterling Riesling 2018";"Schmetterling Riesling";"2018";"99.9";"0.75";"133.2";"White wine";"Glass";"8.5";"1.5670588"
"Vinmonopolet";"5920406";"Schmetterling Riesling";"Schmetterling Riesling";"2019";"339.9";"3";"113.3";"White wine";"Bag-in-box";"8.5";"1.3329412"
"Vinmonopolet";"5920502";"Lusteau Solera Reserva Pedro XimÃ©nes San Emilio";"Lusteau Solera Reserva Pedro XimÃ©nes San Emilio";"0";"199.9";"0.38";"533.07";"Sherry";"Glass";"17";"3.094427"
"Vinmonopolet";"5927801";"Quinta do Vale Meao Vintage Port 2017";"Quinta do Vale Meao Vintage Port";"2017";"579.9";"0.75";"773.2";"Port wine";"Glass";"19.5";"3.9651284"
"Vinmonopolet";"5927901";"Quinta do Vale Meao Meandro Douro 2017";"Quinta do Vale Meao Meandro Douro";"2017";"259.9";"0.75";"346.53";"RÃ¸dvin";"Glass";"14";"2.475238"
"Vinmonopolet";"5928001";"Marinai Chianti Classico 2016";"Marinai Chianti Classico";"2016";"319.9";"0.75";"426.53";"RÃ¸dvin";"Glass";"13.5";"3.159506"
"Vinmonopolet";"5928101";"Marinai Chianti Classico Riserva 2009";"Marinai Chianti Classico Riserva";"2009";"399.9";"0.75";"533.2";"RÃ¸dvin";"Glass";"13.5";"3.9496295"
"Vinmonopolet";"5928201";"Cristia ChÃ¢teauneuf-du-Pape 2016";"Cristia ChÃ¢teauneuf-du-Pape";"2016";"389.9";"0.75";"519.87";"RÃ¸dvin";"Glass";"14.5";"3.5852873"
"Vinmonopolet";"5928301";"Cristia Grenache 2018";"Cristia Grenache";"2018";"199.9";"0.75";"266.53";"RÃ¸dvin";"Glass";"14";"1.9038094"
"Vinmonopolet";"5928501";"George Petit Chablis 2017";"George Petit Chablis";"2017";"229.9";"0.75";"306.53";"White wine";"Glass";"12.5";"2.4522667"
"Vinmonopolet";"5928601";"Cros de la MÃ»re CÃ´tes du RhÃ´ne 2015";"Cros de la MÃ»re CÃ´tes du RhÃ´ne";"2015";"259.9";"0.75";"346.53";"RÃ¸dvin";"Glass";"14.5";"2.389885"
"Vinmonopolet";"5928901";"Le Volpi 8 mesi Colli Euganei Cabernet 2017";"Le Volpi 8 mesi Colli Euganei Cabernet";"2017";"213.7";"0.75";"284.93";"RÃ¸dvin";"Glass";"13.5";"2.1106172"
"Vinmonopolet";"5929001";"Le Volpi 24 mesi Colli Euganei Rosso 2010";"Le Volpi 24 mesi Colli Euganei Rosso";"2010";"308.5";"0.75";"411.33";"RÃ¸dvin";"Glass";"14";"2.9380953"
"Vinmonopolet";"5929101";"Le Volpi Bianco delle Volpi 2016";"Le Volpi Bianco delle Volpi";"2016";"213.7";"0.75";"284.93";"White wine";"Glass";"13";"2.1917949"
"Vinmonopolet";"5929301";"Le Volpi 18 mesi Colli Euganei Cabernet 2013";"Le Volpi 18 mesi Colli Euganei Cabernet";"2013";"254.1";"0.75";"338.8";"RÃ¸dvin";"Glass";"14";"2.42"
"Vinmonopolet";"5929401";"Le Volpi Prosecco Brut 2016";"Le Volpi Prosecco Brut";"2016";"214.5";"0.75";"286";"Sparkling wine";"Glass";"11";"2.6"
"Vinmonopolet";"5929501";"Le Volpi Fior d'Ape Secco 2015";"Le Volpi Fior d'Ape Secco";"2015";"254.7";"0.75";"339.6";"White wine";"Glass";"12.5";"2.7168"
"Vinmonopolet";"5929801";"Aberlour 16 YO";"Aberlour 16 YO";"0";"885";"0.7";"1264.29";"Whisky";"Glass";"40";"3.1607144"
"Vinmonopolet";"5930807";"MoÃ«t & Chandon ImpÃ©rial Brut";"MoÃ«t & Chandon ImpÃ©rial Brut";"0";"8434.9";"9";"937.21";"Champagne, brut";"Glass";"12";"7.810093"
"Vinmonopolet";"5930905";"MoÃ«t & Chandon Grand Vintage 2009";"MoÃ«t & Chandon Grand Vintage";"2009";"1359.9";"1.5";"906.6";"Champagne, brut";"Glass";"12.5";"7.2528"
"Vinmonopolet";"5931107";"MoÃ«t & Chandon ImpÃ©rial Brut";"MoÃ«t & Chandon ImpÃ©rial Brut";"0";"14000";"15";"933.33";"Champagne, brut";"Glass";"12";"7.7777777"
"Vinmonopolet";"5931601";"Cloudy Bay Te Koko 2016";"Cloudy Bay Te Koko";"2016";"429.9";"0.75";"573.2";"White wine";"Glass";"13.5";"4.245926"
"Vinmonopolet";"5932001";"Ardbeg Corryvreckan";"Ardbeg Corryvreckan";"0";"999.9";"0.7";"1428.43";"Whisky";"Glass";"57.1";"2.5016265"
"Vinmonopolet";"5932307";"MoÃ«t & Chandon ImpÃ©rial Brut";"MoÃ«t & Chandon ImpÃ©rial Brut";"0";"5724.9";"6";"954.15";"Champagne, brut";"Glass";"12";"7.95125"
"Vinmonopolet";"5932402";"NoÃ«l de Silenrieux";"NoÃ«l de Silenrieux";"0";"69.9";"0.33";"211.82";"Trappist";"Glass";"9";"2.3535354"
"Vinmonopolet";"5933601";"Glen Moray 12 YO";"Glen Moray 12 YO";"0";"491.9";"0.7";"702.71";"Whisky";"Glass";"40";"1.7567858"
"Vinmonopolet";"5933801";"Zonin Prosecco Brut";"Zonin Prosecco Brut";"0";"139.9";"0.75";"186.53";"Sparkling wine";"Glass";"11";"1.6957575"
"Vinmonopolet";"5933805";"Zonin Prosecco Brut";"Zonin Prosecco Brut";"0";"279.9";"1.5";"186.6";"Sparkling wine";"Glass";"11";"1.6963636"
"Vinmonopolet";"5936201";"Il Poggione Brunello di Montalcino 2014";"Il Poggione Brunello di Montalcino";"2014";"359.9";"0.75";"479.87";"RÃ¸dvin";"Glass";"14.5";"3.309425"
"Vinmonopolet";"5936301";"PrÃ  Morandina Valpolicella Superiore Ripasso 2016";"PrÃ  Morandina Valpolicella Superiore Ripasso";"2016";"270.1";"0.75";"360.13";"RÃ¸dvin";"Glass";"15";"2.400889"
"Vinmonopolet";"5936401";"Kloster Eberbach Riesling Trocken 2018";"Kloster Eberbach Riesling Trocken";"2018";"159.9";"0.75";"213.2";"White wine";"Glass";"12";"1.7766666"
"Vinmonopolet";"5936601";"Kloster Eberbach Baiken Riesling Trocken 2018";"Kloster Eberbach Baiken Riesling Trocken";"2018";"209.9";"0.75";"279.87";"White wine";"Glass";"11.5";"2.433623"
"Vinmonopolet";"5936701";"Kloster Eberbach Steinberger Riesling Trocken 2018";"Kloster Eberbach Steinberger Riesling Trocken";"2018";"209.9";"0.75";"279.87";"White wine";"Glass";"12";"2.3322222"
"Vinmonopolet";"5936901";"Kloster Eberbach Grosses GewÃ¤chs Berg Schlossberg 2017";"Kloster Eberbach Grosses GewÃ¤chs Berg Schlossberg";"2017";"379.9";"0.75";"506.53";"White wine";"Glass";"12.5";"4.0522666"
"Vinmonopolet";"5937401";"Marchesi di Barolo Dolcetto d'Alba BossÃ¨t 2012";"Marchesi di Barolo Dolcetto d'Alba BossÃ¨t";"2012";"279.9";"0.75";"373.2";"RÃ¸dvin";"Glass";"13";"2.8707693"
"Vinmonopolet";"5937501";"Marchesi di Barolo Peiragal Barbera D'Alba 2017";"Marchesi di Barolo Peiragal Barbera D'Alba";"2017";"299.9";"0.75";"399.87";"RÃ¸dvin";"Glass";"14.5";"2.7577012"
"Vinmonopolet";"5938601";"Poggio al Tesoro Mediterra 2018";"Poggio al Tesoro Mediterra";"2018";"249.9";"0.75";"333.2";"RÃ¸dvin";"Glass";"14.5";"2.297931"
"Vinmonopolet";"5938901";"San Polo Rubio 2017";"San Polo Rubio";"2017";"199.9";"0.75";"266.53";"RÃ¸dvin";"Glass";"14";"1.9038094"
"Vinmonopolet";"5939201";"Jean-Marc Bernhard Vieilles Vignes Riesling 2018";"Jean-Marc Bernhard Vieilles Vignes Riesling";"2018";"239.9";"0.75";"319.87";"White wine";"Glass";"12";"2.6655555"
"Vinmonopolet";"5939601";"Joseph Phelps Insignia Napa Valley 2014";"Joseph Phelps Insignia Napa Valley";"2014";"2199.9";"0.75";"2933.2";"RÃ¸dvin";"Glass";"14.5";"20.228964"
"Vinmonopolet";"5939901";"Schloss Johannisberg Rosalack Riesling Auslese 2016";"Schloss Johannisberg Rosalack Riesling Auslese";"2016";"769.9";"0.75";"1026.53";"White wine";"Glass";"7.5";"13.687112"
"Vinmonopolet";"5940001";"Schloss Johannisberger Rotlack Riesling Kabinett Feinherb 2017";"Schloss Johannisberger Rotlack Riesling Kabinett Feinherb";"2017";"359.5";"0.75";"479.33";"White wine";"Glass";"11";"4.357576"
"Vinmonopolet";"5940201";"Schloss Johannisberg Silberlack Riesling Trocken GG 2017";"Schloss Johannisberg Silberlack Riesling Trocken GG";"2017";"589.5";"0.75";"786";"White wine";"Glass";"13";"6.046154"
"Vinmonopolet";"5941701";"Cumulus Shiraz 2014";"Cumulus Shiraz";"2014";"139";"0.75";"185.33";"RÃ¸dvin";"Glass";"13";"1.4256411"
"Vinmonopolet";"5941801";"Cumulus Chardonnay 2016";"Cumulus Chardonnay";"2016";"139";"0.75";"185.33";"White wine";"Glass";"12";"1.5444444"
"Vinmonopolet";"5941901";"Philip Shaw The Architect Chardonnay 2019";"Philip Shaw The Architect Chardonnay";"2019";"240.2";"0.75";"320.27";"White wine";"Glass";"12.8";"2.5020833"
"Vinmonopolet";"5942201";"Philip Shaw The Idiot Shiraz 2017";"Philip Shaw The Idiot Shiraz";"2017";"249.9";"0.75";"333.2";"RÃ¸dvin";"Glass";"13.5";"2.468148"
"Vinmonopolet";"5942301";"Philip Shaw The Wirewalker Pinot Noir 2018";"Philip Shaw The Wirewalker Pinot Noir";"2018";"249.9";"0.75";"333.2";"RÃ¸dvin";"Glass";"13";"2.563077"
"Vinmonopolet";"5942402";"Ferrari Trento Brut RosÃ©";"Ferrari Trento Brut RosÃ©";"2017";"152.1";"0.38";"405.6";"Musserende vin, rosÃ©";"Glass";"12.5";"3.2021055"
"Vinmonopolet";"5942501";"Altos R Crianza 2016";"Altos R Crianza";"2016";"188";"0.75";"250.67";"RÃ¸dvin";"Glass";"13.5";"1.8567901"
"Vinmonopolet";"5942505";"Altos R Crianza 2012";"Altos R Crianza";"2012";"359.9";"1.5";"239.93";"RÃ¸dvin";"Glass";"13.5";"1.7772839"
"Vinmonopolet";"5942701";"Leroux Auxey-Duresses 2018";"Leroux Auxey-Duresses";"2018";"378";"0.75";"504";"White wine";"Glass";"13";"3.876923"
"Vinmonopolet";"5945401";"Giovanni Barcelli Barbera 2018";"Giovanni Barcelli Barbera";"2018";"139.9";"0.75";"186.53";"RÃ¸dvin";"Glass";"13";"1.4348717"
"Vinmonopolet";"5945602";"JÃ¦rakevitt Special";"JÃ¦rakevitt Special";"0";"365";"0.5";"730";"Aquavit";"Glass";"40";"1.825"
"Vinmonopolet";"5945702";"Trysil Akevitten";"Trysil Akevitten";"0";"365";"0.5";"730";"Aquavit";"Glass";"40";"1.825"
"Vinmonopolet";"5945801";"Fjellvitt Akevitt";"Fjellvitt Akevitt";"0";"469";"0.7";"670";"Aquavit";"Glass";"40";"1.6750001"
"Vinmonopolet";"5947001";"Desderi Barbera d'Asti Red Label 2011";"Desderi Barbera d'Asti Red Label";"2011";"299";"0.75";"398.67";"RÃ¸dvin";"Glass";"14";"2.847619"
"Vinmonopolet";"5947101";"Desderi Barbera d'Asti Black Label 2008";"Desderi Barbera d'Asti Black Label";"2008";"318.9";"0.75";"425.2";"RÃ¸dvin";"Glass";"14.5";"2.9324138"
"Vinmonopolet";"5947205";"Desderi Barbera d'Asti Oro Superiore 2014";"Desderi Barbera d'Asti Oro Superiore";"2014";"610";"1.5";"406.67";"RÃ¸dvin";"Glass";"14.5";"2.8045976"
"Vinmonopolet";"5949001";"Post Scriptum De Chryseia 2018";"Post Scriptum De Chryseia";"2018";"299.9";"0.75";"399.87";"RÃ¸dvin";"Glass";"14";"2.8561904"
"Vinmonopolet";"5949101";"PatrÃ³n Silver";"PatrÃ³n Silver";"0";"684.9";"0.7";"978.43";"Fruit spirit";"Glass";"40";"2.4460716"
"Vinmonopolet";"5949401";"Tommasi Il Sestante Ripasso Valpolicella Superiore I Pianeti 2016";"Tommasi Il Sestante Ripasso Valpolicella Superiore I Pianeti";"2016";"225";"0.75";"300";"RÃ¸dvin";"Glass";"13";"2.3076923"
"Vinmonopolet";"5950001";"Begali Lorenzo Valpolicella Classico 2015";"Begali Lorenzo Valpolicella Classico";"2015";"155";"0.75";"206.67";"RÃ¸dvin";"Glass";"12.5";"1.6533333"
"Vinmonopolet";"5950101";"Begali Lorenzo Valpolicella Classico Superiore Ripasso 2017";"Begali Lorenzo Valpolicella Classico Superiore Ripasso";"2017";"188";"0.75";"250.67";"RÃ¸dvin";"Glass";"14.5";"1.7287357"
"Vinmonopolet";"5950301";"Begali Lorenzo Amarone della Valpolicella Classico 2014";"Begali Lorenzo Amarone della Valpolicella Classico";"2014";"309.9";"0.75";"413.2";"RÃ¸dvin";"Glass";"16";"2.5825"
"Vinmonopolet";"5950502";"Begali Lorenzo Recioto della Valpolicella Classico 2006";"Begali Lorenzo Recioto della Valpolicella Classico";"2006";"315";"0.5";"630";"RÃ¸dvin";"Glass";"13.5";"4.6666665"
"Vinmonopolet";"5951401";"Drappier MillÃ©sime Exception Brut 2013";"Drappier MillÃ©sime Exception Brut";"2013";"429.9";"0.75";"573.2";"Champagne, brut";"Glass";"12";"4.7766666"
"Vinmonopolet";"5951601";"Lamblin Petit Chablis 2016";"Lamblin Petit Chablis";"2016";"199.9";"0.75";"266.53";"White wine";"Glass";"12";"2.221111"
"Vinmonopolet";"5951801";"Lamblin Bourgogne Chardonnay 2018";"Lamblin Bourgogne Chardonnay";"2018";"189.9";"0.75";"253.2";"White wine";"Glass";"12.5";"2.0256"
"Vinmonopolet";"5951901";"Cal Pla Porrera Red 2015";"Cal Pla Porrera Red";"2015";"237.6";"0.75";"316.8";"RÃ¸dvin";"Glass";"15";"2.112"
"Vinmonopolet";"5952801";"Skarven XO";"Skarven XO";"0";"695";"0.7";"992.86";"Grape spirit";"Glass";"40";"2.482143"
"Vinmonopolet";"5953001";"Brillet Cognac Grande Champagne 1er cru Hors d'Age";"Brillet Cognac Grande Champagne 1er cru Hors d'Age";"0";"1990";"0.7";"2842.86";"Grape spirit";"Glass";"40";"7.107143"
"Vinmonopolet";"5953101";"Belle de Brillet";"Belle de Brillet";"0";"589.9";"0.7";"842.71";"LikÃ¸r";"Glass";"30";"2.8090477"
"Vinmonopolet";"5953801";"Dom. Tariquet Les DerniÃ¨res Grives 2017";"Dom. Tariquet Les DerniÃ¨res Grives";"2017";"279.9";"0.75";"373.2";"White wine";"Glass";"11.5";"3.2452173"
"Vinmonopolet";"5954301";"Dom. Tariquet Blanche Armagnac";"Dom. Tariquet Blanche Armagnac";"0";"389.9";"0.7";"557";"Grape spirit";"Glass";"46";"1.2108696"
"Vinmonopolet";"5955101";"Bussola Amarone Classico 2013";"Bussola Amarone Classico";"2013";"529.9";"0.75";"706.53";"RÃ¸dvin";"Glass";"17";"4.156079"
"Vinmonopolet";"5955402";"Bussola PeagnÃ  Passito 2009";"Bussola PeagnÃ  Passito";"2009";"579.9";"0.5";"1159.8";"White wine";"Glass";"12.5";"9.2784"
"Vinmonopolet";"5957501";"Cedric Bouchard Roses de Jeanne Val Vilaine Blanc de Noirs Brut";"Cedric Bouchard Roses de Jeanne Val Vilaine Blanc de Noirs Brut";"2018";"569.9";"0.75";"759.87";"Champagne, brut";"Glass";"12.5";"6.0789337"
"Vinmonopolet";"5957901";"Ch. Les Ormes Sorbet 2011";"Ch. Les Ormes Sorbet";"2011";"319.9";"0.75";"426.53";"RÃ¸dvin";"Glass";"13.5";"3.159506"
"Vinmonopolet";"5959501";"Dominio do Bibei Lalama 2016";"Dominio do Bibei Lalama";"2016";"250";"0.75";"333.33";"RÃ¸dvin";"Glass";"13.5";"2.4691358"
"Vinmonopolet";"5959701";"Defaix Bourgogne Pinot Noir 2018";"Defaix Bourgogne Pinot Noir";"2018";"209.9";"0.75";"279.87";"RÃ¸dvin";"Glass";"12.5";"2.2389333"
"Vinmonopolet";"5961401";"Emilio Moro 2017";"Emilio Moro";"2017";"299";"0.75";"398.67";"RÃ¸dvin";"Glass";"14.5";"2.7494252"
"Vinmonopolet";"5961501";"Emilio Moro Finca Resalso 2018";"Emilio Moro Finca Resalso";"2018";"155";"0.75";"206.67";"RÃ¸dvin";"Glass";"14";"1.4761904"
"Vinmonopolet";"5962701";"Weil Kiedricher Riesling Trocken 2018";"Weil Kiedricher Riesling Trocken";"2018";"274.9";"0.75";"366.53";"White wine";"Glass";"12.5";"2.9322667"
"Vinmonopolet";"5963601";"Numanthia 2014";"Numanthia";"2014";"464.9";"0.75";"619.87";"RÃ¸dvin";"Glass";"15";"4.1324444"
"Vinmonopolet";"5964002";"PÃ¨re Magloire Calvados 12 YO";"PÃ¨re Magloire Calvados 12 YO";"0";"569.9";"0.5";"1139.8";"Fruit spirit";"Glass";"40";"2.8495002"
"Vinmonopolet";"5965701";"Dom. Gramenon La Sagesse 2015";"Dom. Gramenon La Sagesse";"2015";"309.9";"0.75";"413.2";"RÃ¸dvin";"Glass";"14";"2.9514284"
"Vinmonopolet";"5966301";"Barbera della Stoppa 2010";"Barbera della Stoppa";"2010";"329.9";"0.75";"439.87";"RÃ¸dvin";"Glass";"14.5";"3.0335631"
"Vinmonopolet";"5967902";"Egge GÃ¥rd Snaps av eple";"Egge GÃ¥rd Snaps av eple";"2014";"425.9";"0.5";"851.8";"Fruit spirit";"Glass";"40";"2.1295"
"Vinmonopolet";"5968401";"Ch. de la Gravelle Gorges 2013";"Ch. de la Gravelle Gorges";"2013";"219.9";"0.75";"293.2";"White wine";"Glass";"12";"2.4433331"
"Vinmonopolet";"5968601";"Bellingham Old Vine Chenin Blanc 2018";"Bellingham Old Vine Chenin Blanc";"2018";"249.9";"0.75";"333.2";"White wine";"Glass";"14";"2.3799999"
"Vinmonopolet";"5968702";"Grand Imperial Porter";"Grand Imperial Porter";"0";"90";"0.5";"180";"Porter and stout";"Glass";"7.8";"2.3076923"
"Vinmonopolet";"5969401";"Juillot Mercurey Rouge 2017";"Juillot Mercurey Rouge";"2017";"319.9";"0.75";"426.53";"RÃ¸dvin";"Glass";"13";"3.2810256"
"Vinmonopolet";"5969501";"Niepoort Charme 2015";"Niepoort Charme";"2015";"639.9";"0.75";"853.2";"RÃ¸dvin";"Glass";"13.5";"6.32"
"Vinmonopolet";"5970301";"Aurelio Settimo Barolo Rocche dell'Annunziata 2011";"Aurelio Settimo Barolo Rocche dell'Annunziata";"2011";"459.9";"0.75";"613.2";"RÃ¸dvin";"Glass";"14";"4.38"
"Vinmonopolet";"5970305";"Aurelio Settimo Barolo Rocche dell`Annunziata 2013";"Aurelio Settimo Barolo Rocche dell`Annunziata";"2013";"899.9";"1.5";"599.93";"RÃ¸dvin";"Glass";"14";"4.2852383"
"Vinmonopolet";"5970701";"Aurelio Settimo Dolcetto d'Alba 2017";"Aurelio Settimo Dolcetto d'Alba";"2017";"179.9";"0.75";"239.87";"RÃ¸dvin";"Glass";"12.5";"1.9189333"
"Vinmonopolet";"5971201";"Rijckaert CÃ´tes du Jura Chardonnay 2018";"Rijckaert CÃ´tes du Jura Chardonnay";"2018";"249.9";"0.75";"333.2";"White wine";"Glass";"13";"2.563077"
"Vinmonopolet";"5971701";"York Cabernet Merlot";"York Cabernet Merlot";"0";"175.5";"0.75";"234";"RÃ¸dvin";"Glass";"14";"1.6714286"
"Vinmonopolet";"5971801";"York Cabernet Sauvignon";"York Cabernet Sauvignon";"0";"175.5";"0.75";"234";"RÃ¸dvin";"Glass";"14";"1.6714286"
"Vinmonopolet";"5971901";"York Shiraz";"York Shiraz";"0";"175.5";"0.75";"234";"RÃ¸dvin";"Glass";"14";"1.6714286"
"Vinmonopolet";"5972001";"York Sparkling CuvÃ©e Brut";"York Sparkling CuvÃ©e Brut";"0";"201.9";"0.75";"269.2";"Sparkling wine";"Glass";"12";"2.2433333"
"Vinmonopolet";"5972101";"Raveilo Merlot";"Raveilo Merlot";"0";"175.5";"0.75";"234";"RÃ¸dvin";"Glass";"14";"1.6714286"
"Vinmonopolet";"5972205";"Baron de Ley Finca Monasterio 2016";"Baron de Ley Finca Monasterio";"2016";"599.9";"1.5";"399.93";"RÃ¸dvin";"Glass";"14";"2.8566668"
"Vinmonopolet";"5972301";"A.D. Coutelas Origin' Brut";"A.D. Coutelas Origin' Brut";"2014";"329";"0.75";"438.67";"Champagne, brut";"Glass";"12";"3.6555555"
"Vinmonopolet";"5972304";"A.D. Coutelas Origin' Brut";"A.D. Coutelas Origin' Brut";"0";"154";"0.2";"770";"Champagne, brut";"Glass";"12";"6.4166665"
"Vinmonopolet";"5972305";"A.D. Coutelas Origin' Brut";"A.D. Coutelas Origin' Brut";"2014";"699";"1.5";"466";"Champagne, brut";"Glass";"12";"3.8833334"
"Vinmonopolet";"5972401";"A.D. Coutelas Elixir RosÃ© Brut";"A.D. Coutelas Elixir RosÃ© Brut";"2014";"529";"0.75";"705.33";"Champagne, rosÃ©";"Glass";"12";"5.8777776"
"Vinmonopolet";"5972501";"Alain Voge CÃ´tes du RhÃ´ne Les Peyrouses 2017";"Alain Voge CÃ´tes du RhÃ´ne Les Peyrouses";"2017";"259";"0.75";"345.33";"RÃ¸dvin";"Glass";"14.5";"2.3816092"
"Vinmonopolet";"5973601";"Lan Reserva 2012";"Lan Reserva";"2012";"199.9";"0.75";"266.53";"RÃ¸dvin";"Glass";"13.5";"1.9743209"
"Vinmonopolet";"5973701";"Lheraud Vieux Pineau des Charentes";"Lheraud Vieux Pineau des Charentes";"0";"499";"0.75";"665.33";"Fortified wine";"Glass";"17";"3.9137254"
"Vinmonopolet";"5973806";"Vikingfjord Vodka Cocktails Mojito";"Vikingfjord Vodka Cocktails Mojito";"0";"299.9";"1.5";"199.93";"Other spirit";"Bag-in-box";"12.5";"1.5994667"
"Vinmonopolet";"5974101";"Dom. Tariquet Bas Armagnac VSOP";"Dom. Tariquet Bas Armagnac VSOP";"0";"569.9";"0.7";"814.14";"Grape spirit";"Glass";"40";"2.0353572"
"Vinmonopolet";"5974601";"Dom. Tariquet Chardonnay 2018";"Dom. Tariquet Chardonnay";"2018";"149.9";"0.75";"199.87";"White wine";"Glass";"12.5";"1.5989332"
"Vinmonopolet";"5974706";"Zaccagnini Yamada Pecorino 2019";"Zaccagnini Yamada Pecorino";"2019";"479.9";"3";"159.97";"White wine";"Bag-in-box";"13";"1.2305129"
"Vinmonopolet";"5975801";"Schmetterling Riesling Trocken 2019";"Schmetterling Riesling Trocken";"2019";"117.9";"0.75";"157.2";"White wine";"Glass";"10.5";"1.4971429"
"Vinmonopolet";"5976106";"Sangre de Toro 2018";"Sangre de Toro";"2018";"429.9";"3";"143.3";"RÃ¸dvin";"Bag-in-box";"13.5";"1.0614815"
"Vinmonopolet";"5977006";"J.P. Chenet Cabernet Syrah";"J.P. Chenet Cabernet Syrah";"2018";"47.9";"0.19";"256.15";"RÃ¸dvin";"Pouch";"13";"1.9392713"
"Vinmonopolet";"5977106";"J.P. Chenet Colombard Chardonnay";"J.P. Chenet Colombard Chardonnay";"2019";"47.9";"0.19";"256.15";"White wine";"Pouch";"11";"2.291866"
"Vinmonopolet";"5977201";"Ch. Kirwan 2000";"Ch. Kirwan";"2000";"999.8";"0.75";"1333.07";"RÃ¸dvin";"Glass";"13";"10.254359"
"Vinmonopolet";"5978701";"Trapiche Cabernet Sauvignon Reserve 2017";"Trapiche Cabernet Sauvignon Reserve";"2017";"179.9";"0.75";"239.87";"RÃ¸dvin";"Glass";"13.5";"1.77679"
"Vinmonopolet";"5978901";"Trapiche Terroir Series Finca Orellana 2012";"Trapiche Terroir Series Finca Orellana";"2012";"379.9";"0.75";"506.53";"RÃ¸dvin";"Glass";"15";"3.3768888"
"Vinmonopolet";"5981101";"Brunelli Brunello di Montalcino 2013";"Brunelli Brunello di Montalcino";"2013";"380";"0.75";"506.67";"RÃ¸dvin";"Glass";"14";"3.6190476"
"Vinmonopolet";"5981801";"Mouton Cadet RosÃ© 2014";"Mouton Cadet RosÃ©";"2014";"229.5";"0.75";"306";"RosÃ©vin";"Glass";"12";"2.55"
"Vinmonopolet";"5982001";"Baron Philippe de Rothschild Bordeaux Rouge 2015";"Baron Philippe de Rothschild Bordeaux Rouge";"2015";"163.6";"0.75";"218.13";"RÃ¸dvin";"Glass";"13";"1.6779488"
"Vinmonopolet";"5982105";"Baron de Ley Reserva 2018";"Baron de Ley Reserva";"2018";"413.9";"1.5";"275.93";"RÃ¸dvin";"Glass";"13.5";"2.0439506"
"Vinmonopolet";"5982701";"Tommasi Le Rosse Pinot Grigio 2019";"Tommasi Le Rosse Pinot Grigio";"2019";"159.9";"0.75";"213.2";"White wine";"Glass";"12";"1.7766666"
"Vinmonopolet";"5983201";"Big Peat";"Big Peat";"0";"599.9";"0.7";"857";"Whisky";"Glass";"46";"1.8630435"
"Vinmonopolet";"5983204";"Big Peat";"Big Peat";"0";"239.9";"0.2";"1199.5";"Whisky";"Glass";"46";"2.6076086"
"Vinmonopolet";"5983207";"Really Big Peat";"Really Big Peat";"0";"3999.9";"4.5";"888.87";"Whisky";"Glass";"46";"1.9323188"
"Vinmonopolet";"5983302";"LÃ©opold Gourmel XO";"LÃ©opold Gourmel XO";"0";"600";"0.5";"1200";"Grape spirit";"Glass";"40";"3"
"Vinmonopolet";"5983402";"LÃ©opold Gourmel VSOP";"LÃ©opold Gourmel VSOP";"0";"529.9";"0.5";"1059.8";"Grape spirit";"Glass";"40";"2.6495001"
"Vinmonopolet";"5983701";"Springbank Single Malt 18 YO";"Springbank Single Malt 18 YO";"0";"1699";"0.7";"2427.14";"Whisky";"Glass";"46";"5.2763977"
"Vinmonopolet";"5984905";"Francis Blanchet Pouilly-Fume Calcite 2016";"Francis Blanchet Pouilly-Fume Calcite";"2016";"519.9";"1.5";"346.6";"White wine";"Glass";"12.5";"2.7728002"
"Vinmonopolet";"5985206";"Torres Coronas 2017";"Torres Coronas";"2017";"449.9";"3";"149.97";"RÃ¸dvin";"Bag-in-box";"13.5";"1.1108642"
"Vinmonopolet";"5985306";"Torres San Valentin 2019";"Torres San Valentin";"2019";"399.9";"3";"133.3";"White wine";"Bag-in-box";"11";"1.2118182"
"Vinmonopolet";"5985701";"Patrick Pestre Hautes-CÃ´tes de Beaune Blanc 2018";"Patrick Pestre Hautes-CÃ´tes de Beaune Blanc";"2018";"200";"0.75";"266.67";"White wine";"Glass";"12.5";"2.1333334"
"Vinmonopolet";"5985801";"Patrick Pestre Hautes-CÃ´tes de Beaune Rouge 2018";"Patrick Pestre Hautes-CÃ´tes de Beaune Rouge";"2018";"200";"0.75";"266.67";"RÃ¸dvin";"Glass";"12.5";"2.1333334"
"Vinmonopolet";"5986901";"Barbera d'Asti Selezione Luca Roagna 2017";"Barbera d'Asti Selezione Luca Roagna";"2017";"199.9";"0.75";"266.53";"RÃ¸dvin";"Glass";"13.5";"1.9743209"
"Vinmonopolet";"5987006";"Barbera Piemonte Selezione Luca Roagna 2018";"Barbera Piemonte Selezione Luca Roagna";"2018";"529.9";"3";"176.63";"RÃ¸dvin";"Bag-in-box";"13.5";"1.3083951"
"Vinmonopolet";"5987101";"Fonterenza Rosso di Montalcino 2016";"Fonterenza Rosso di Montalcino";"2016";"379.9";"0.75";"506.53";"RÃ¸dvin";"Glass";"13.5";"3.7520988"
"Vinmonopolet";"5988301";"Pettersen Extra Old";"Pettersen Extra Old";"0";"369.9";"0.7";"528.43";"Grape spirit";"Glass";"37";"1.4281853"
"Vinmonopolet";"5989601";"Barista Pinotage 2019";"Barista Pinotage";"2019";"159.9";"0.75";"213.2";"RÃ¸dvin";"Glass";"13";"1.64"
"Vinmonopolet";"5990401";"Bergstadens Juleaquavit";"Bergstadens Juleaquavit";"0";"452.9";"0.7";"647";"Aquavit";"Glass";"40";"1.6175"
"Vinmonopolet";"5991401";"Paolo Leo Passitivo Primitivo 2018";"Paolo Leo Passitivo Primitivo";"2018";"154.9";"0.75";"206.53";"RÃ¸dvin";"Glass";"13.5";"1.5298765"
"Vinmonopolet";"5991501";"Paolo Leo Salice Salentino Riserva 2008";"Paolo Leo Salice Salentino Riserva";"2008";"269.9";"0.75";"359.87";"RÃ¸dvin";"Glass";"13.5";"2.665679"
"Vinmonopolet";"5991601";"Paolo Leo Fiore di Vigna Primitivo Salento 2015";"Paolo Leo Fiore di Vigna Primitivo Salento";"2015";"264";"0.75";"352";"RÃ¸dvin";"Glass";"14.5";"2.4275863"
"Vinmonopolet";"5992504";"Rodenbach Classic";"Rodenbach Classic";"0";"37.9";"0.25";"151.6";"SurÃ¸l";"Glass";"5.2";"2.9153848"
"Vinmonopolet";"5992602";"Pauwel Kwak";"Pauwel Kwak";"0";"62.9";"0.33";"190.61";"Light ale";"Glass";"8.4";"2.2691197"
"Vinmonopolet";"5992701";"Corsendonk Christmas Ale";"Corsendonk Christmas Ale";"0";"156.4";"0.75";"208.53";"Red/amber";"Glass";"8.1";"2.5744853"
"Vinmonopolet";"5992802";"Marston's Old Empire IPA";"Marston's Old Empire IPA";"0";"54.9";"0.5";"109.8";"India pale ale";"Glass";"5.7";"1.9263159"
"Vinmonopolet";"5994501";"Pala I Fiori Trente Cannonau 2017";"Pala I Fiori Trente Cannonau";"2017";"193.9";"0.75";"258.53";"RÃ¸dvin";"Glass";"14";"1.8466666"
"Vinmonopolet";"5994601";"Pala Essentija Bovale 2014";"Pala Essentija Bovale";"2014";"239";"0.75";"318.67";"RÃ¸dvin";"Glass";"14";"2.2761905"
"Vinmonopolet";"5996001";"Neumer Weinmann Riesling Trocken 2018";"Neumer Weinmann Riesling Trocken";"2018";"159.9";"0.75";"213.2";"White wine";"Glass";"12.5";"1.7055999"
"Vinmonopolet";"5998801";"Zenato Cresasso 2008";"Zenato Cresasso";"2008";"469.9";"0.75";"626.53";"RÃ¸dvin";"Glass";"15.5";"4.0421505"
"Vinmonopolet";"5999801";"Saint Clair Vicars Choice Pinot Noir 2018";"Saint Clair Vicars Choice Pinot Noir";"2018";"229.5";"0.75";"306";"RÃ¸dvin";"Glass";"13.5";"2.2666667"
"Vinmonopolet";"5999901";"Saint Clair Vicars Choice Riesling 2019";"Saint Clair Vicars Choice Riesling";"2019";"219.5";"0.75";"292.67";"White wine";"Glass";"10.5";"2.7873015"
"Vinmonopolet";"6002401";"Faustino I Gran Reserva 1987";"Faustino I Gran Reserva";"1987";"1199.9";"0.75";"1599.87";"RÃ¸dvin";"Glass";"13.5";"11.850864"
"Vinmonopolet";"6002502";"Berentsens Jule Avec";"Berentsens Jule Avec";"0";"59.2";"0.33";"179.39";"Special";"Glass";"9";"1.993266"
"Vinmonopolet";"6002602";"Berentsens Julefnugg";"Berentsens Julefnugg";"0";"53.4";"0.33";"161.82";"Special";"Glass";"6.5";"2.4895105"
"Vinmonopolet";"6009201";"Scarbolo My Time 2013";"Scarbolo My Time";"2013";"273";"0.75";"364";"White wine";"Glass";"13.5";"2.6962962"
"Vinmonopolet";"6010501";"Scarbolo Cabernet 2015";"Scarbolo Cabernet";"2015";"174.6";"0.75";"232.8";"RÃ¸dvin";"Glass";"13";"1.7907693"
"Vinmonopolet";"6010701";"Scarbolo Ramato XL Pinot Grigio 2014";"Scarbolo Ramato XL Pinot Grigio";"2014";"260.2";"0.75";"346.93";"White wine";"Glass";"13";"2.668718"
"Vinmonopolet";"6012301";"Scarbolo Pinot Grigio 2018";"Scarbolo Pinot Grigio";"2018";"176.6";"0.75";"235.47";"White wine";"Glass";"13";"1.8112822"
"Vinmonopolet";"6013401";"Ch. Ste Michelle Indian Wells Chardonnay 2016";"Ch. Ste Michelle Indian Wells Chardonnay";"2016";"230.2";"0.75";"306.93";"White wine";"Glass";"14.5";"2.1167815"
"Vinmonopolet";"6018301";"HÃ¥valdsen Aquavit";"HÃ¥valdsen Aquavit";"0";"449.9";"0.7";"642.71";"Aquavit";"Glass";"41";"1.5675958"
"Vinmonopolet";"6018501";"Ogier ArtÃ©sis CÃ´tes du RhÃ´ne 2018";"Ogier ArtÃ©sis CÃ´tes du RhÃ´ne";"2018";"149.9";"0.75";"199.87";"RÃ¸dvin";"Glass";"13";"1.5374359"
"Vinmonopolet";"6018506";"Ogier Artesis CÃ´tes du RhÃ´ne";"Ogier Artesis CÃ´tes du RhÃ´ne";"0";"469.9";"3";"156.63";"RÃ¸dvin";"Bag-in-box";"13";"1.2048718"
"Vinmonopolet";"6018601";"Soellner Wogenrain GrÃ¼ner Veltliner 2016";"Soellner Wogenrain GrÃ¼ner Veltliner";"2016";"209.9";"0.75";"279.87";"White wine";"Glass";"12";"2.3322222"
"Vinmonopolet";"6027902";"Mikkeller X-mas Wish IPA";"Mikkeller X-mas Wish IPA";"0";"68.9";"0.33";"208.79";"India pale ale";"Glass";"5.5";"3.7961433"
"Vinmonopolet";"6052401";"Ardbeg Uigeadail";"Ardbeg Uigeadail";"0";"899.9";"0.7";"1285.57";"Whisky";"Glass";"54.2";"2.3719032"
"Vinmonopolet";"6064901";"Nikolaihof Steiner Hund Riesling Reserve 2014";"Nikolaihof Steiner Hund Riesling Reserve";"2014";"529.9";"0.75";"706.53";"White wine";"Glass";"12.5";"5.652267"
"Vinmonopolet";"6073301";"De Stefani OlmÃ¨ra 2016";"De Stefani OlmÃ¨ra";"2016";"390";"0.75";"520";"White wine";"Glass";"15";"3.4666667"
"Vinmonopolet";"6076902";"RÃ¸ros Bryggeri God Jul";"RÃ¸ros Bryggeri God Jul";"0";"66.2";"0.33";"200.61";"MÃ¸rk lager";"Glass";"6.5";"3.0862467"
"Vinmonopolet";"6080901";"Armorik Dervenn";"Armorik Dervenn";"0";"899";"0.7";"1284.29";"Whisky";"Glass";"46";"2.7919254"
"Vinmonopolet";"6094701";"Alfred Gratien CuvÃ©e Paradis RosÃ© Brut 2007";"Alfred Gratien CuvÃ©e Paradis RosÃ© Brut";"2007";"850.8";"0.75";"1134.4";"Champagne, rosÃ©";"Glass";"12.5";"9.0752"
"Vinmonopolet";"6117801";"De Sousa Brut Grand Cru RÃ©serve";"De Sousa Brut Grand Cru RÃ©serve";"0";"575.2";"0.75";"766.93";"Champagne, brut";"Glass";"12.5";"6.1354666"
"Vinmonopolet";"6129401";"Gordon & MacPhail Blair Athol Connoisseurs Choice 1993";"Gordon & MacPhail Blair Athol Connoisseurs Choice";"1993";"1520.1";"0.7";"2171.57";"Whisky";"Glass";"43";"5.050166"
"Vinmonopolet";"6143601";"Triacca San Domenico Sforzato di Valtellina 2010";"Triacca San Domenico Sforzato di Valtellina";"2010";"315.9";"0.75";"421.2";"RÃ¸dvin";"Glass";"15";"2.8079998"
"Vinmonopolet";"6152701";"Felton Road Bannockburn Pinot Noir 2018";"Felton Road Bannockburn Pinot Noir";"2018";"443";"0.75";"590.67";"RÃ¸dvin";"Glass";"13.5";"4.3753085"
"Vinmonopolet";"6156201";"Cornelissen Munjebel Rosso 2016";"Cornelissen Munjebel Rosso";"2016";"369.9";"0.75";"493.2";"RÃ¸dvin";"Glass";"14.5";"3.4013793"
"Vinmonopolet";"6160901";"Gordon & MacPhail Royal Brackla Connoisseurs Choice 1991";"Gordon & MacPhail Royal Brackla Connoisseurs Choice";"1991";"2238.5";"0.7";"3197.86";"Whisky";"Glass";"46";"6.9518633"
"Vinmonopolet";"6163601";"Pazo SeÃ±orans SelecciÃ³n de AÃ±ada AlbariÃ±o 2009";"Pazo SeÃ±orans SelecciÃ³n de AÃ±ada AlbariÃ±o";"2009";"468";"0.75";"624";"White wine";"Glass";"13";"4.8"
"Vinmonopolet";"6172201";"Collet Chablis 1er Cru Montmains 2017";"Collet Chablis 1er Cru Montmains";"2017";"279.9";"0.75";"373.2";"White wine";"Glass";"12.5";"2.9856"
"Vinmonopolet";"6189701";"Ch. La Reyne Le Prestige 2012";"Ch. La Reyne Le Prestige";"2012";"176";"0.75";"234.67";"RÃ¸dvin";"Glass";"13";"1.8051282"
"Vinmonopolet";"6197901";"Ridgeview Bloomsbury Brut";"Ridgeview Bloomsbury Brut";"2014";"330";"0.75";"440";"Sparkling wine";"Glass";"12";"3.6666667"
"Vinmonopolet";"6198001";"Ridgeview Cavendish Brut";"Ridgeview Cavendish Brut";"2014";"330";"0.75";"440";"Sparkling wine";"Glass";"12";"3.6666667"
"Vinmonopolet";"6200801";"Louis Roederer Brut Premier";"Louis Roederer Brut Premier";"0";"469.9";"0.75";"626.53";"Champagne, brut";"Glass";"12";"5.221111"
"Vinmonopolet";"6200807";"Louis Roederer Brut Premier";"Louis Roederer Brut Premier";"0";"5050";"6";"841.67";"Champagne, brut";"Glass";"12";"7.013889"
"Vinmonopolet";"6200901";"Louis Roederer Cristal 2012";"Louis Roederer Cristal";"2012";"2550";"0.75";"3400";"Champagne, brut";"Glass";"12";"28.333334"
"Vinmonopolet";"6200905";"Louis Roederer Cristal 2009";"Louis Roederer Cristal";"2009";"4600";"1.5";"3066.67";"Champagne, brut";"Glass";"12";"25.555555"
"Vinmonopolet";"6201001";"Louis Roederer Brut 2012";"Louis Roederer Brut";"2012";"639.9";"0.75";"853.2";"Champagne, brut";"Glass";"12";"7.11"
"Vinmonopolet";"6208105";"Ch. Giscours 2004";"Ch. Giscours";"2004";"2255";"1.5";"1503.33";"RÃ¸dvin";"Glass";"13";"11.564102"
"Vinmonopolet";"6212901";"Kopke Colheita 1978";"Kopke Colheita";"1978";"843.9";"0.75";"1125.2";"Port wine";"Glass";"20";"5.626"
"Vinmonopolet";"6222401";"Franz Haas Pinot Nero 2017";"Franz Haas Pinot Nero";"2017";"299.9";"0.75";"399.87";"RÃ¸dvin";"Glass";"14";"2.8561904"
"Vinmonopolet";"6223701";"Graham's Vintage Port 1983";"Graham's Vintage Port";"1983";"1499";"0.75";"1998.67";"Port wine";"Glass";"20";"9.993333"
"Vinmonopolet";"6226901";"Joseph Drouhin Gevrey-Chambertin 2015";"Joseph Drouhin Gevrey-Chambertin";"2015";"524";"0.75";"698.67";"RÃ¸dvin";"Glass";"13";"5.374359"
"Vinmonopolet";"6227001";"Hyde No. 5 6 YO The Aras Cask Single Grain Irish Whiskey Burgundy Finish";"Hyde No. 5 6 YO The Aras Cask Single Grain Irish Whiskey Burgundy Finish";"0";"749";"0.7";"1070";"Whisky";"Glass";"46";"2.326087"
"Vinmonopolet";"6230701";"Hyde No. 4 Single Malt Irish Whiskey Rum cask finish";"Hyde No. 4 Single Malt Irish Whiskey Rum cask finish";"0";"799";"0.7";"1141.43";"Whisky";"Glass";"46";"2.4813664"
"Vinmonopolet";"6233801";"Hyde No. 3 6 YO The Aras Cask Single Grain Irish Whiskey";"Hyde No. 3 6 YO The Aras Cask Single Grain Irish Whiskey";"0";"719";"0.7";"1027.14";"Whisky";"Glass";"46";"2.2329192"
"Vinmonopolet";"6244401";"Ridgeview Fitzrovia RosÃ© Brut 2011";"Ridgeview Fitzrovia RosÃ© Brut";"2011";"401.3";"0.75";"535.07";"Musserende vin, rosÃ©";"Glass";"12";"4.4588885"
"Vinmonopolet";"6246702";"Mikkeller Ginger Brett IPA";"Mikkeller Ginger Brett IPA";"0";"69.8";"0.33";"211.52";"India pale ale";"Glass";"6.9";"3.0654368"
"Vinmonopolet";"6251701";"Michelot Puligny-Montrachet 2018";"Michelot Puligny-Montrachet";"2018";"449.8";"0.75";"599.73";"White wine";"Glass";"13";"4.613333"
"Vinmonopolet";"6251801";"Dom. de la Janasse ChÃ¢teauneuf-du-Pape 2016";"Dom. de la Janasse ChÃ¢teauneuf-du-Pape";"2016";"455";"0.75";"606.67";"RÃ¸dvin";"Glass";"15";"4.0444446"
"Vinmonopolet";"6251901";"Janasse Terre d'Argile 2016";"Janasse Terre d'Argile";"2016";"249.9";"0.75";"333.2";"RÃ¸dvin";"Glass";"14.5";"2.297931"
"Vinmonopolet";"6258301";"Pol Roger Pure Extra Brut";"Pol Roger Pure Extra Brut";"0";"559";"0.75";"745.33";"Champagne extra brut";"Glass";"12.5";"5.9626665"
"Vinmonopolet";"6284701";"Horst Sauer Escherndorfer Lump Riesling Kabinett Trocken 2012";"Horst Sauer Escherndorfer Lump Riesling Kabinett Trocken";"2012";"301.5";"0.75";"402";"White wine";"Glass";"12.5";"3.216"
"Vinmonopolet";"6286305";"Donnafugata Mille e Una Notte 2010";"Donnafugata Mille e Una Notte";"2010";"1319.9";"1.5";"879.93";"RÃ¸dvin";"Glass";"13.5";"6.518025"
"Vinmonopolet";"6289201";"Gaston Chiquet d'AÃ¿ Blanc de Blancs Brut";"Gaston Chiquet d'AÃ¿ Blanc de Blancs Brut";"0";"449";"0.75";"598.67";"Champagne, brut";"Glass";"12.5";"4.7893333"
"Vinmonopolet";"6289301";"Gaston Chiquet Tradition Premier Cru Brut";"Gaston Chiquet Tradition Premier Cru Brut";"0";"419";"0.75";"558.67";"Champagne, brut";"Glass";"12.5";"4.469333"
"Vinmonopolet";"6292301";"Hola Cava Brut Pink 2017";"Hola Cava Brut Pink";"2017";"155";"0.75";"206.67";"Musserende vin, rosÃ©";"Glass";"11.5";"1.7971015"
"Vinmonopolet";"6296601";"Pieropan La Rocca Soave Classico 2018";"Pieropan La Rocca Soave Classico";"2018";"359.9";"0.75";"479.87";"White wine";"Glass";"13";"3.691282"
"Vinmonopolet";"6323202";"Fontodi Vin Santo del Chianti Classico 2009";"Fontodi Vin Santo del Chianti Classico";"2009";"499.9";"0.38";"1333.07";"White wine";"Glass";"12.5";"10.524211"
"Vinmonopolet";"6337601";"Pieropan Soave Classico Calvarino 2018";"Pieropan Soave Classico Calvarino";"2018";"274.9";"0.75";"366.53";"White wine";"Glass";"12.5";"2.9322667"
"Vinmonopolet";"6342601";"Emidio Pepe Montepulciano d'Abruzzo 2001";"Emidio Pepe Montepulciano d'Abruzzo";"2001";"2099.9";"0.75";"2799.87";"RÃ¸dvin";"Glass";"13.5";"20.739752"
"Vinmonopolet";"6367401";"Amrut Raj Igala";"Amrut Raj Igala";"0";"655";"0.7";"935.71";"Whisky";"Glass";"40";"2.3392859"
"Vinmonopolet";"6368305";"Dom. Alain Voge Les Chailles Cornas 2016";"Dom. Alain Voge Les Chailles Cornas";"2016";"899";"1.5";"599.33";"RÃ¸dvin";"Glass";"14";"4.2809525"
"Vinmonopolet";"6368801";"Fabrice Gasnier Chinon Vieilles Vignes 2016";"Fabrice Gasnier Chinon Vieilles Vignes";"2016";"224.9";"0.75";"299.87";"RÃ¸dvin";"Glass";"12.8";"2.3427083"
"Vinmonopolet";"6370701";"DÃ¶nnhoff Riesling Trocken 2019";"DÃ¶nnhoff Riesling Trocken";"2019";"139.9";"0.75";"186.53";"White wine";"Glass";"11.5";"1.622029"
"Vinmonopolet";"6388601";"Molettieri Taurasi Vigna Cinque Querce Riserva 2011";"Molettieri Taurasi Vigna Cinque Querce Riserva";"2011";"409.8";"0.75";"546.4";"RÃ¸dvin";"Glass";"14";"3.902857"
"Vinmonopolet";"6389502";"Strand BrÃ¦nderi Juleaquavit";"Strand BrÃ¦nderi Juleaquavit";"0";"364.9";"0.5";"729.8";"Aquavit";"Glass";"40";"1.8245"
"Vinmonopolet";"6389601";"Stavanger 1817 Aquavit";"Stavanger  Aquavit";"0";"484.9";"0.7";"692.71";"Aquavit";"Glass";"42";"1.6493198"
"Vinmonopolet";"6389905";"Ch. Petit-Village 2008";"Ch. Petit-Village";"2008";"1696";"1.5";"1130.67";"RÃ¸dvin";"Glass";"13.5";"8.375309"
"Vinmonopolet";"6390001";"Ch. des Muraires 2014";"Ch. des Muraires";"2014";"246.4";"0.75";"328.53";"RÃ¸dvin";"Glass";"12.5";"2.6282666"
"Vinmonopolet";"6390501";"Newton Johnson Walker Bay Pinot Noir 2017";"Newton Johnson Walker Bay Pinot Noir";"2017";"269.9";"0.75";"359.87";"RÃ¸dvin";"Glass";"13.5";"2.665679"
"Vinmonopolet";"6390802";"FÃ¨lsina Vin Santo del Chianti Classico 2007";"FÃ¨lsina Vin Santo del Chianti Classico";"2007";"329.9";"0.38";"879.73";"White wine";"Glass";"14";"6.201128"
"Vinmonopolet";"6390901";"Yealands Estate Single Vineyard Riesling 2016";"Yealands Estate Single Vineyard Riesling";"2016";"199.9";"0.75";"266.53";"White wine";"Glass";"12";"2.221111"
"Vinmonopolet";"6391002";"AttÃ¥t plommelikÃ¸r 2019";"AttÃ¥t plommelikÃ¸r";"2019";"314.7";"0.5";"629.4";"LikÃ¸r";"Glass";"21";"2.997143"
"Vinmonopolet";"6391102";"Ãgir Lynchburg Natt Barrel-Aged Imperial Porter";"Ãgir Lynchburg Natt Barrel-Aged Imperial Porter";"0";"91.9";"0.33";"278.49";"Porter and stout";"Glass";"10";"2.7848485"
"Vinmonopolet";"6392101";"Ch. Ducluzeau 2014";"Ch. Ducluzeau";"2014";"299.9";"0.75";"399.87";"RÃ¸dvin";"Glass";"13.5";"2.9619753"
"Vinmonopolet";"6392301";"Silvia Cellars Old Vine Zinfandel Reserve 2013";"Silvia Cellars Old Vine Zinfandel Reserve";"2013";"298";"0.75";"397.33";"RÃ¸dvin";"Glass";"14.5";"2.7402298"
"Vinmonopolet";"6392401";"Carlos I";"Carlos I";"0";"519.9";"0.7";"742.71";"Grape spirit";"Glass";"40";"1.8567858"
"Vinmonopolet";"6392701";"Cooper's Choice Benrinnes 2001 15 YO Cask No.4710 2001";"Cooper's Choice Benrinnes  15 YO Cask No.";"2001";"1239";"0.7";"1770";"Whisky";"Glass";"46";"3.8478262"
"Vinmonopolet";"6393102";"RozÃ¨s 20 Year Old Tawny";"RozÃ¨s 20 Year Old Tawny";"0";"389.9";"0.5";"779.8";"Port wine";"Glass";"20";"3.899"
"Vinmonopolet";"6393502";"Haandbryggeriet Haandbukk";"Haandbryggeriet Haandbukk";"0";"79.8";"0.5";"159.6";"MÃ¸rk lager";"Glass";"8";"1.9950001"
"Vinmonopolet";"6393602";"Birrificio Il Mastio Rock Noel";"Birrificio Il Mastio Rock Noel";"0";"64.8";"0.33";"196.36";"Trappist";"Glass";"9";"2.1818182"
"Vinmonopolet";"6393908";"FÃ¦rder Gull, RÃ¸kelse og Myrra (3x33cl)";"FÃ¦rder Gull, RÃ¸kelse og Myrra (3x33cl)";"0";"180.3";"0.99";"182.12";"Special";"Ãvrig";"7.2";"2.5294614"
"Vinmonopolet";"6394101";"Kilchoman Sanaig";"Kilchoman Sanaig";"0";"659.9";"0.7";"942.71";"Whisky";"Glass";"46";"2.049379"
"Vinmonopolet";"6394202";"Midtfyns Belgian Christmas Blonde";"Midtfyns Belgian Christmas Blonde";"0";"89.9";"0.5";"179.8";"Light ale";"Glass";"7.2";"2.4972224"
"Vinmonopolet";"6395201";"Mullineux Quartz Chenin Leliefontein 2018";"Mullineux Quartz Chenin Leliefontein";"2018";"599";"0.75";"798.67";"White wine";"Glass";"13";"6.14359"
"Vinmonopolet";"6395301";"Mullineux Granite Syrah 2014";"Mullineux Granite Syrah";"2014";"799";"0.75";"1065.33";"RÃ¸dvin";"Glass";"14";"7.609524"
"Vinmonopolet";"6395601";"Chase Pink Grapefruit Gin";"Chase Pink Grapefruit Gin";"0";"639.9";"0.7";"914.14";"Gin";"Glass";"40";"2.2853572"
"Vinmonopolet";"6395702";"Erdinger Alkoholfrei";"Erdinger Alkoholfrei";"0";"28.2";"0.5";"52.4";"Alkoholfritt Ã¸l";"Emballasje med pant";"0.4";"14.1"
"Vinmonopolet";"6396102";"Pater Lieven Kerst Pater Special Christmas";"Pater Lieven Kerst Pater Special Christmas";"0";"64.8";"0.33";"196.36";"Trappist";"Glass";"9";"2.1818182"
"Vinmonopolet";"6396702";"St. Hallvards Forjul";"St. Hallvards Forjul";"0";"83.9";"0.5";"167.8";"Scotch ale";"Glass";"7.3";"2.2986302"
"Vinmonopolet";"6396902";"St. Hallvards Reserve-Jul";"St. Hallvards Reserve-Jul";"0";"89.9";"0.5";"179.8";"Trappist";"Glass";"9";"1.9977778"
"Vinmonopolet";"6400201";"Guigal La Doriane Condrieu 2016";"Guigal La Doriane Condrieu";"2016";"745";"0.75";"993.33";"White wine";"Glass";"14";"7.095238"
"Vinmonopolet";"6470405";"Dom. de la Janasse 2018";"Dom. de la Janasse";"2018";"328";"1.5";"218.67";"RÃ¸dvin";"Glass";"13.5";"1.6197531"
"Vinmonopolet";"6505102";"Wodqa";"Wodqa";"0";"399.9";"0.5";"799.8";"Vodka";"Metall";"40";"1.9994999"
"Vinmonopolet";"6508002";"Graham's Quinta dos Malvedos Vintage 2012";"Graham's Quinta dos Malvedos Vintage";"2012";"229.9";"0.38";"613.07";"Port wine";"Glass";"20";"3.0249999"
"Vinmonopolet";"6509401";"Blandy's Terrantez Vintage Madeira 1976";"Blandy's Terrantez Vintage Madeira";"1976";"2100";"0.75";"2800";"Madeira";"Glass";"20";"14"
"Vinmonopolet";"6517701";"Dom. le Garrigon CÃ´tes du RhÃ´ne 2017";"Dom. le Garrigon CÃ´tes du RhÃ´ne";"2017";"169.9";"0.75";"226.53";"RÃ¸dvin";"Glass";"13.5";"1.6780246"
"Vinmonopolet";"6529301";"Dom. le Garrigon Visan CÃ´tes du RhÃ´ne Villages 2016";"Dom. le Garrigon Visan CÃ´tes du RhÃ´ne Villages";"2016";"199.9";"0.75";"266.53";"RÃ¸dvin";"Glass";"13.5";"1.9743209"
"Vinmonopolet";"6535601";"Dom. de l'Arlot RomanÃ©e Saint Vivant Grand Cru 2017";"Dom. de l'Arlot RomanÃ©e Saint Vivant Grand Cru";"2017";"3999.9";"0.75";"5333.2";"RÃ¸dvin";"Glass";"13.5";"39.505184"
"Vinmonopolet";"6557101";"Bangla Beer";"Bangla Beer";"0";"70.1";"0.66";"106.21";"Light lager";"Glass";"4.8";"2.2127523"
"Vinmonopolet";"6565406";"Natural Selections Dom. le Garrigon CÃ´tes du RhÃ´ne";"Natural Selections Dom. le Garrigon CÃ´tes du RhÃ´ne";"0";"519.9";"3";"173.3";"RÃ¸dvin";"Bag-in-box";"13.5";"1.2837038"
"Vinmonopolet";"6569501";"Mey AlkollÃ¼ Yeni Raki";"Mey AlkollÃ¼ Yeni Raki";"0";"446.8";"0.7";"638.29";"Other spirit";"Glass";"45";"1.4184127"
"Vinmonopolet";"6610101";"Wynns Coonawarra Estate Michael Shiraz 2016";"Wynns Coonawarra Estate Michael Shiraz";"2016";"700";"0.75";"933.33";"RÃ¸dvin";"Glass";"13.8";"6.763285"
"Vinmonopolet";"6620505";"Soalheiro Alvarinho 2018";"Soalheiro Alvarinho";"2018";"419.9";"1.5";"279.93";"White wine";"Glass";"12.5";"2.2394667"
"Vinmonopolet";"6626205";"Wagner-Stempel Heerkretz Riesling GG 2018";"Wagner-Stempel Heerkretz Riesling GG";"2018";"899.1";"1.5";"599.4";"White wine";"Glass";"13";"4.6107693"
"Vinmonopolet";"6655701";"Ambra Montefortini Podere Lombarda Carmignano 2012";"Ambra Montefortini Podere Lombarda Carmignano";"2012";"228.9";"0.75";"305.2";"RÃ¸dvin";"Glass";"14";"2.1799998"
"Vinmonopolet";"6662101";"Ambra Montalbiolo Carmignano Riserva 2012";"Ambra Montalbiolo Carmignano Riserva";"2012";"268.9";"0.75";"358.53";"RÃ¸dvin";"Glass";"14";"2.5609524"
"Vinmonopolet";"6669001";"Seghesio Cortina Zinfandel 2013";"Seghesio Cortina Zinfandel";"2013";"459.9";"0.75";"613.2";"RÃ¸dvin";"Glass";"15";"4.088"
"Vinmonopolet";"6669802";"Niepoort Moscatel do Douro";"Niepoort Moscatel do Douro";"0";"259.9";"0.38";"693.07";"Fortified wine";"Glass";"20";"3.4197369"
"Vinmonopolet";"6670301";"Soalheiro Alvarinho DÃ³cil 2017";"Soalheiro Alvarinho DÃ³cil";"2017";"199.8";"0.75";"266.4";"White wine";"Glass";"9";"2.96"
"Vinmonopolet";"6675401";"Muga Seleccion Especial 2015";"Muga Seleccion Especial";"2015";"409.9";"0.75";"546.53";"RÃ¸dvin";"Glass";"14";"3.9038095"
"Vinmonopolet";"6680401";"Jansz Tasmania Premium CuvÃ©e";"Jansz Tasmania Premium CuvÃ©e";"0";"249.9";"0.75";"333.2";"Sparkling wine";"Glass";"12";"2.7766666"
"Vinmonopolet";"6682601";"Carmelo Rodero 9 Meses 2017";"Carmelo Rodero 9 Meses";"2017";"219.4";"0.75";"292.53";"RÃ¸dvin";"Glass";"14.5";"2.0174713"
"Vinmonopolet";"6682701";"Carmelo Rodero Crianza 2016";"Carmelo Rodero Crianza";"2016";"304.4";"0.75";"405.87";"RÃ¸dvin";"Glass";"14";"2.8990476"
"Vinmonopolet";"6682801";"Carmelo Rodero Reserva 2016";"Carmelo Rodero Reserva";"2016";"399";"0.75";"532";"RÃ¸dvin";"Glass";"14";"3.8"
"Vinmonopolet";"6683201";"Cono Sur 20 Barrels Pinot Noir 2017";"Cono Sur 20 Barrels Pinot Noir";"2017";"299.9";"0.75";"399.87";"RÃ¸dvin";"Glass";"14.5";"2.7577012"
"Vinmonopolet";"6686005";"Geoffroy Empreinte Brut Premer Cru 2007";"Geoffroy Empreinte Brut Premer Cru";"2007";"993.3";"1.5";"662.2";"Champagne, brut";"Glass";"12.5";"5.2976"
"Vinmonopolet";"6688401";"Pol Roger Rich Demi Sec";"Pol Roger Rich Demi Sec";"0";"475";"0.75";"633.33";"Champagne, other";"Glass";"12.5";"5.0666666"
"Vinmonopolet";"6693501";"Gonet-Medeville Premier Cru Blanc de Noirs Brut";"Gonet-Medeville Premier Cru Blanc de Noirs Brut";"2013";"399.9";"0.75";"533.2";"Champagne, brut";"Glass";"12.5";"4.2655997"
"Vinmonopolet";"6697401";"Charles Heidsieck Blanc des MillÃ©naires 2004";"Charles Heidsieck Blanc des MillÃ©naires";"2004";"1495";"0.75";"1993.33";"Champagne, brut";"Glass";"12";"16.61111"
"Vinmonopolet";"6719702";"Brouwerij de Molen Vuur Vlam";"Brouwerij de Molen Vuur Vlam";"0";"52.9";"0.33";"160.3";"India pale ale";"Glass";"6.2";"2.585533"
"Vinmonopolet";"6726705";"Pieropan Calvarino Soave Classico 2017";"Pieropan Calvarino Soave Classico";"2017";"629.9";"1.5";"419.93";"White wine";"Glass";"12.5";"3.3594668"
"Vinmonopolet";"6726805";"Pieropan La Rocca Soave Classico 2017";"Pieropan La Rocca Soave Classico";"2017";"739.9";"1.5";"493.27";"White wine";"Glass";"13";"3.7943592"
"Vinmonopolet";"6731601";"Philipponnat Royale RÃ©serve Non-DosÃ©";"Philipponnat Royale RÃ©serve Non-DosÃ©";"2012";"559.9";"0.75";"746.53";"Champagne extra brut";"Glass";"12";"6.2211113"
"Vinmonopolet";"6778901";"Travaglini Il Sogno 2014";"Travaglini Il Sogno";"2014";"719.9";"0.75";"959.87";"RÃ¸dvin";"Glass";"15.5";"6.1926885"
"Vinmonopolet";"6796201";"Abadia Retuerta SelecciÃ³n Especial 2014";"Abadia Retuerta SelecciÃ³n Especial";"2014";"386";"0.75";"514.67";"RÃ¸dvin";"Glass";"14";"3.6761904"
"Vinmonopolet";"6796301";"Melini Governo Toscana 2015";"Melini Governo Toscana";"2015";"159";"0.75";"212";"RÃ¸dvin";"Glass";"14";"1.5142857"
"Vinmonopolet";"6796401";"Marolo Grappa di Amarone 2012";"Marolo Grappa di Amarone";"2012";"1015.9";"0.7";"1451.29";"Grape spirit";"Glass";"45";"3.2250795"
"Vinmonopolet";"6796502";"Marolo CarpendÃ» Acquavite di Mele";"Marolo CarpendÃ» Acquavite di Mele";"0";"843.2";"0.5";"1686.4";"Fruit spirit";"Glass";"40";"4.216"
"Vinmonopolet";"6796701";"Marolo Grappa di Barbera 2014";"Marolo Grappa di Barbera";"2014";"880.3";"0.7";"1257.57";"Grape spirit";"Glass";"40";"3.1439285"
"Vinmonopolet";"6796801";"Marolo Grappa di Dolcetto";"Marolo Grappa di Dolcetto";"0";"931.8";"0.7";"1331.14";"Grape spirit";"Glass";"44";"3.0253246"
"Vinmonopolet";"6796901";"Marolo Grappa di Vermentino 2014";"Marolo Grappa di Vermentino";"2014";"962.6";"0.7";"1375.14";"Grape spirit";"Glass";"44";"3.1253247"
"Vinmonopolet";"6797001";"Marolo Grappa di Nebbiolo";"Marolo Grappa di Nebbiolo";"0";"947.2";"0.7";"1353.14";"Grape spirit";"Glass";"44";"3.0753248"
"Vinmonopolet";"6797101";"Marolo Grappa di Freisa 2012";"Marolo Grappa di Freisa";"2012";"954.9";"0.7";"1364.14";"Grape spirit";"Glass";"44";"3.1003249"
"Vinmonopolet";"6797302";"Marolo Grappa di Brachetto";"Marolo Grappa di Brachetto";"0";"814.8";"0.5";"1629.6";"Grape spirit";"Glass";"42";"3.8799999"
"Vinmonopolet";"6797402";"Marolo Grappa di Barbera Pianpolvere";"Marolo Grappa di Barbera Pianpolvere";"0";"814.8";"0.5";"1629.6";"Grape spirit";"Glass";"42";"3.8799999"
"Vinmonopolet";"6797902";"Marolo Grappa di Barbaresco RabajÃ ";"Marolo Grappa di Barbaresco RabajÃ";"0";"814.8";"0.5";"1629.6";"Grape spirit";"Glass";"42";"3.8799999"
"Vinmonopolet";"6798001";"Marolo Grappa Verdicchio Villa Bucci 2007";"Marolo Grappa Verdicchio Villa Bucci";"2007";"971.6";"0.7";"1388";"Grape spirit";"Glass";"42";"3.304762"
"Vinmonopolet";"6798201";"Marolo Monriondo Grappa di Barbera";"Marolo Monriondo Grappa di Barbera";"0";"903.5";"0.7";"1290.71";"Grape spirit";"Glass";"40";"3.2267857"
"Vinmonopolet";"6798301";"Marolo San Bastian Grappa di Barolo";"Marolo San Bastian Grappa di Barolo";"0";"956.1";"0.7";"1365.86";"Grape spirit";"Glass";"42";"3.2520409"
"Vinmonopolet";"6798601";"Marolo Grappa di Barolo 2007";"Marolo Grappa di Barolo";"2007";"1272";"0.7";"1817.14";"Grape spirit";"Glass";"42";"4.3265305"
"Vinmonopolet";"6798801";"Marolo Grappa Dedicata al Padre 2008";"Marolo Grappa Dedicata al Padre";"2008";"1247";"0.7";"1781.43";"Grape spirit";"Glass";"45";"3.9587302"
"Vinmonopolet";"6798901";"Marolo XXXV Grappa di Barolo Bussia Vendemmia 2001";"Marolo XXXV Grappa di Barolo Bussia Vendemmia";"2001";"1814.3";"0.7";"2591.86";"Grape spirit";"Glass";"45";"5.7596827"
"Vinmonopolet";"6799001";"Brunelli Pa'Riondo Valpolicella Classico Superiore Ripasso 2017";"Brunelli Pa'Riondo Valpolicella Classico Superiore Ripasso";"2017";"199";"0.75";"265.33";"RÃ¸dvin";"Glass";"14";"1.895238"
"Vinmonopolet";"6799201";"Maeli Colli Euganei Fior d'Arancio Moscato Giallo 2016";"Maeli Colli Euganei Fior d'Arancio Moscato Giallo";"2016";"199.9";"0.75";"266.53";"Sparkling white wine";"Glass";"6";"4.442222"
"Vinmonopolet";"6799501";"Clos de la Chapelle En Carelle Volnay 1er Cru 2014";"Clos de la Chapelle En Carelle Volnay 1er Cru";"2014";"719.9";"0.75";"959.87";"RÃ¸dvin";"Glass";"13.5";"7.1101236"
"Vinmonopolet";"6800001";"Bottega Valpolicella Superiore Ripasso 2017";"Bottega Valpolicella Superiore Ripasso";"2017";"239.9";"0.75";"319.87";"RÃ¸dvin";"Glass";"14";"2.284762"
"Vinmonopolet";"6800201";"Aalborg Jule Akvavit 2019";"Aalborg Jule Akvavit";"2019";"499.9";"0.7";"714.14";"Aquavit";"Glass";"47";"1.5194529"
"Vinmonopolet";"6800401";"Rubinelli Vajol Valpolicella Classico Superiore 2012";"Rubinelli Vajol Valpolicella Classico Superiore";"2012";"319.9";"0.75";"426.53";"RÃ¸dvin";"Glass";"13.5";"3.159506"
"Vinmonopolet";"6800901";"Dreissigacker Riesling Trocken Alte Reben 2016";"Dreissigacker Riesling Trocken Alte Reben";"2016";"269.9";"0.75";"359.87";"White wine";"Glass";"12.5";"2.8789332"
"Vinmonopolet";"6801002";"Haandbryggeriet Belgisk MÃ¸rk SterkÃ¸l";"Haandbryggeriet Belgisk MÃ¸rk SterkÃ¸l";"0";"91.6";"0.5";"183.2";"Trappist";"Glass";"10";"1.832"
"Vinmonopolet";"6802901";"Roagna Solea Langhe 2017";"Roagna Solea Langhe";"2017";"699.9";"0.75";"933.2";"White wine";"Glass";"13.5";"6.912593"
"Vinmonopolet";"6803101";"Intellego The Pink Moustache 2019";"Intellego The Pink Moustache";"2019";"209.9";"0.75";"279.87";"RÃ¸dvin";"Glass";"11.5";"2.433623"
"Vinmonopolet";"6803201";"Roagna Derthona Montemarzino 2017";"Roagna Derthona Montemarzino";"2017";"699.9";"0.75";"933.2";"White wine";"Glass";"13";"7.1784616"
"Vinmonopolet";"6804201";"Rosemount Meal Matcher Shiraz 2015";"Rosemount Meal Matcher Shiraz";"2015";"124.9";"0.75";"166.53";"RÃ¸dvin";"Glass";"13.5";"1.2335802"
"Vinmonopolet";"6804301";"Rosemount Meal Matcher Chardonnay 2018";"Rosemount Meal Matcher Chardonnay";"2018";"124.9";"0.75";"166.53";"White wine";"Glass";"13";"1.2810256"
"Vinmonopolet";"6805701";"Primoris KjerringÃ¸y Veneto Merlot 2017";"Primoris KjerringÃ¸y Veneto Merlot";"2017";"159.8";"0.75";"213.07";"RÃ¸dvin";"Glass";"12";"1.7755556"
"Vinmonopolet";"6806001";"Primoris SkÃ¥rungen Bardolino Chiaretto Rosato 2016";"Primoris SkÃ¥rungen Bardolino Chiaretto Rosato";"2016";"139";"0.75";"185.33";"RosÃ©vin";"Glass";"12";"1.5444444"
"Vinmonopolet";"6807502";"Berentsens Black Bull IPA";"Berentsens Black Bull IPA";"0";"42.2";"0.33";"127.88";"India pale ale";"Glass";"5.5";"2.3250687"
"Vinmonopolet";"6808501";"Leitz RÃ¼desheimer Berg Kaisersteinfels Riesling Terrassen Grosse Lage 2015";"Leitz RÃ¼desheimer Berg Kaisersteinfels Riesling Terrassen Grosse Lage";"2015";"549.9";"0.75";"733.2";"White wine";"Glass";"12.5";"5.8656"
"Vinmonopolet";"6809901";"Blanc Foussy CrÃ©mant de Loire Grande RÃ©serve Brut 2017";"Blanc Foussy CrÃ©mant de Loire Grande RÃ©serve Brut";"2017";"154.9";"0.75";"206.53";"Sparkling wine";"Glass";"12";"1.721111"
"Vinmonopolet";"6810101";"Zacapa Royal";"Zacapa Royal";"0";"2599.9";"0.7";"3714.14";"Rum";"Glass";"45";"8.253651"
"Vinmonopolet";"6810701";"Moestue Cornas Coteau de Reynard 2014";"Moestue Cornas Coteau de Reynard";"2014";"486";"0.75";"648";"RÃ¸dvin";"Glass";"14";"4.6285715"
"Vinmonopolet";"6810801";"Vincent Paris Granit 60 Cornas 2016";"Vincent Paris Granit 60 Cornas";"2016";"427.9";"0.75";"570.53";"RÃ¸dvin";"Glass";"14";"4.075238"
"Vinmonopolet";"6811301";"Pedestal Margaret River Semillon Sauvignon Blanc 2016";"Pedestal Margaret River Semillon Sauvignon Blanc";"2016";"179.7";"0.75";"239.6";"White wine";"Glass";"12.5";"1.9168"
"Vinmonopolet";"6812302";"Carlsberg non alcoholic";"Carlsberg non alcoholic";"0";"20.1";"0.33";"60.91";"Alkoholfritt Ã¸l";"Glass";"0.5";"12.181818"
"Vinmonopolet";"6813501";"Sandalford Margaret River Range Wilyabrup Cabernet Merlot 2017";"Sandalford Margaret River Range Wilyabrup Cabernet Merlot";"2017";"189.9";"0.75";"253.2";"RÃ¸dvin";"Glass";"14.5";"1.7462069"
"Vinmonopolet";"6813601";"Bod. Valenciso Laderas de Cabama 2012";"Bod. Valenciso Laderas de Cabama";"2012";"169.6";"0.75";"226.13";"RÃ¸dvin";"Glass";"14.5";"1.5595403"
"Vinmonopolet";"6813901";"Rioja Vega Edicion Limitada 2016";"Rioja Vega Edicion Limitada";"2016";"179.9";"0.75";"239.87";"RÃ¸dvin";"Glass";"13.5";"1.77679"
"Vinmonopolet";"6814702";"Edge Padrino Porter";"Edge Padrino Porter";"0";"53.4";"0.33";"161.82";"Porter and stout";"Glass";"6.9";"2.345191"
"Vinmonopolet";"6815802";"De Halbe Maan Straffe Hendrik Wild 2016";"De Halbe Maan Straffe Hendrik Wild";"2016";"67";"0.33";"203.03";"Light ale";"Glass";"9";"2.2558923"
"Vinmonopolet";"6816101";"Ch. Grand Barrail-Lamarzelle Figeac";"Ch. Grand Barrail-Lamarzelle Figeac";"2012";"375";"0.75";"500";"RÃ¸dvin";"Glass";"13";"3.8461537"
"Vinmonopolet";"6816401";"Laird's Applejack";"Laird's Applejack";"0";"490.5";"0.7";"700.71";"Fruit spirit";"Glass";"40";"1.7517858"
"Vinmonopolet";"6817202";"Dahls JuleÃ¸l";"Dahls JuleÃ¸l";"0";"41.9";"0.33";"126.97";"MÃ¸rk lager";"Glass";"6";"2.1161616"
"Vinmonopolet";"6817401";"Biurko Gorri Monte Ocijo Graciano 2015";"Biurko Gorri Monte Ocijo Graciano";"2015";"219.2";"0.75";"292.27";"RÃ¸dvin";"Glass";"13";"2.2482052"
"Vinmonopolet";"6817702";"Himkok Gin";"Himkok Gin";"0";"429.9";"0.5";"859.8";"Gin";"Glass";"41";"2.097073"
"Vinmonopolet";"6817802";"Bivrost Aquavit";"Bivrost Aquavit";"0";"389.9";"0.5";"779.8";"Aquavit";"Glass";"40";"1.9495"
"Vinmonopolet";"6817902";"Bivrost Gin";"Bivrost Gin";"0";"399.9";"0.5";"799.8";"Gin";"Glass";"44";"1.8177272"
"Vinmonopolet";"6817903";"Bivrost Gin";"Bivrost Gin";"0";"79.9";"0.05";"1598";"Gin";"Plast";"44";"3.6318183"
"Vinmonopolet";"6818101";"Pio Cesare Piodilei Langhe Chardonnay 2017";"Pio Cesare Piodilei Langhe Chardonnay";"2017";"420";"0.75";"560";"White wine";"Glass";"14";"4"
"Vinmonopolet";"6818202";"Sibona Grappa Riserva Botti da Tennessee Whiskey";"Sibona Grappa Riserva Botti da Tennessee Whiskey";"0";"499.9";"0.5";"999.8";"Grape spirit";"Glass";"44";"2.2722726"
"Vinmonopolet";"6818301";"Anthon Berg Cream Liqueur";"Anthon Berg Cream Liqueur";"0";"319.9";"0.7";"457";"LikÃ¸r";"Glass";"17";"2.6882353"
"Vinmonopolet";"6818901";"Cant. della Volta Lambrusco RosÃ© di Modena Spumante Brut 2012";"Cant. della Volta Lambrusco RosÃ© di Modena Spumante Brut";"2012";"245.2";"0.75";"326.93";"Musserende vin, rosÃ©";"Glass";"12.5";"2.6154666"
"Vinmonopolet";"6819001";"Cant. della Volta Il Mattaglio Dosaggio Zero";"Cant. della Volta Il Mattaglio Dosaggio Zero";"2016";"255";"0.75";"340";"Sparkling wine";"Glass";"12.5";"2.72"
"Vinmonopolet";"6821901";"Dom. de la Grand'Cour Fleurie Clos de la Grand Cour 2018";"Dom. de la Grand'Cour Fleurie Clos de la Grand Cour";"2018";"359";"0.75";"478.67";"RÃ¸dvin";"Glass";"14";"3.4190476"
"Vinmonopolet";"6822302";"PÃµhjala Odravein Barley Wine";"PÃµhjala Odravein Barley Wine";"0";"89.9";"0.33";"272.42";"Barley wine	";"Glass";"12";"2.270202"
"Vinmonopolet";"6823301";"Kopke White 10 YO";"Kopke White 10 YO";"0";"488.9";"0.75";"651.87";"Port wine";"Glass";"20";"3.2593334"
"Vinmonopolet";"6823408";"Kopke Colheita 1999, 2000, 2001, 2002, 2003 (5x20cl)";"Kopke Colheita , , , ,  (5x20cl)";"0";"1019.9";"1";"1019.9";"Port wine";"Ãvrig";"20";"5.0995"
"Vinmonopolet";"6823501";"Kopke Colheita Porto matured in wood 1957";"Kopke Colheita Porto matured in wood";"1957";"4295.9";"0.75";"5727.87";"Port wine";"Glass";"20";"28.639332"
"Vinmonopolet";"6823602";"Kopke White 30 YO";"Kopke White 30 YO";"0";"799.9";"0.38";"2133.07";"Port wine";"Glass";"20";"10.525001"
"Vinmonopolet";"6825101";"Massolino Langhe Chardonnay 2017";"Massolino Langhe Chardonnay";"2017";"244.8";"0.75";"326.4";"White wine";"Glass";"14";"2.3314285"
"Vinmonopolet";"6825301";"CÃ¡ Rome Barbaresco Rio Sordo 2012";"CÃ¡ Rome Barbaresco Rio Sordo";"2012";"415";"0.75";"553.33";"RÃ¸dvin";"Glass";"14.5";"3.816092"
"Vinmonopolet";"6825501";"Dom. Rion Nuits-Saint-Georges 1er Cru Clos des ArgilliÃ¨res 2014";"Dom. Rion Nuits-Saint-Georges 1er Cru Clos des ArgilliÃ¨res";"2014";"635.4";"0.75";"847.2";"RÃ¸dvin";"Glass";"13";"6.5169234"
"Vinmonopolet";"6826801";"Ch. Ducru-Beaucaillou 2006";"Ch. Ducru-Beaucaillou";"2006";"1388";"0.75";"1850.67";"RÃ¸dvin";"Glass";"13";"14.235897"
"Vinmonopolet";"6827301";"Leroux Nuits-Saint-Georges 1er Cru Aux Thorey 2014";"Leroux Nuits-Saint-Georges 1er Cru Aux Thorey";"2014";"799.9";"0.75";"1066.53";"RÃ¸dvin";"Glass";"13";"8.2041025"
"Vinmonopolet";"6827305";"Leroux Nuits-Saint-Georges 1er Cru Aux Thorey 2014";"Leroux Nuits-Saint-Georges 1er Cru Aux Thorey";"2014";"1720.1";"1.5";"1146.73";"RÃ¸dvin";"Glass";"13";"8.821026"
"Vinmonopolet";"6827401";"Leroux Chassagne-Montrachet 1er Cru Baudines 2016";"Leroux Chassagne-Montrachet 1er Cru Baudines";"2016";"749";"0.75";"998.67";"White wine";"Glass";"13";"7.682051"
"Vinmonopolet";"6827501";"Leroux Volnay 1er Cru Pitures 2014";"Leroux Volnay 1er Cru Pitures";"2014";"608";"0.75";"810.67";"RÃ¸dvin";"Glass";"13";"6.2358975"
"Vinmonopolet";"6827601";"Leroux Gevrey Chambertin 1er Cru Les Goulots 2014";"Leroux Gevrey Chambertin 1er Cru Les Goulots";"2014";"799.8";"0.75";"1066.4";"RÃ¸dvin";"Glass";"13";"8.203076"
"Vinmonopolet";"6827701";"Ragnaud-Sabourin 1989";"Ragnaud-Sabourin";"1989";"1050";"0.7";"1500";"Grape spirit";"Glass";"41";"3.6585367"
"Vinmonopolet";"6827704";"Ragnaud-Sabourin 1989";"Ragnaud-Sabourin";"1989";"460";"0.2";"2300";"Grape spirit";"Glass";"41";"5.609756"
"Vinmonopolet";"6827901";"Ragnaud-Sabourin 1990";"Ragnaud-Sabourin";"1990";"999";"0.7";"1427.14";"Grape spirit";"Glass";"41";"3.4808364"
"Vinmonopolet";"6827904";"Ragnaud-Sabourin 1990";"Ragnaud-Sabourin";"1990";"410";"0.2";"2050";"Grape spirit";"Glass";"41";"5"
"Vinmonopolet";"6828401";"Cellier des Cray CuvÃ©e Rosa Mondeuse 2015";"Cellier des Cray CuvÃ©e Rosa Mondeuse";"2015";"299.9";"0.75";"399.87";"RÃ¸dvin";"Glass";"12";"3.3322222"
"Vinmonopolet";"6828501";"Mas del PÃ©riÃ© Cahors La Roque 2018";"Mas del PÃ©riÃ© Cahors La Roque";"2018";"255";"0.75";"340";"RÃ¸dvin";"Glass";"13";"2.6153846"
"Vinmonopolet";"6828602";"Bourgoin Micro Barrique Cognac";"Bourgoin Micro Barrique Cognac";"0";"599";"0.35";"1711.43";"Grape spirit";"Glass";"43";"3.9800665"
"Vinmonopolet";"6829001";"Glenfarclas 1986 Refill Sherry Butts";"Glenfarclas  Refill Sherry Butts";"1986";"5500";"0.7";"7857.14";"Whisky";"Glass";"53.8";"14.604355"
"Vinmonopolet";"6829501";"Cadenhead Caledonian 28 YO Single Cask 1987";"Cadenhead Caledonian 28 YO Single Cask";"1987";"2990.1";"0.7";"4271.57";"Whisky";"Glass";"52.3";"8.167441"
"Vinmonopolet";"6830001";"Cadenhead North British 31 YO Small Batch Cask Strength 1985";"Cadenhead North British 31 YO Small Batch Cask Strength";"1985";"1450";"0.7";"2071.43";"Whisky";"Glass";"55";"3.766234"
"Vinmonopolet";"6830301";"Cadenhead Light Creamy Vanilla Batch No2 23 YO 1992";"Cadenhead Light Creamy Vanilla Batch No2 23 YO";"1992";"990";"0.7";"1414.29";"Whisky";"Glass";"51.6";"2.7408638"
"Vinmonopolet";"6830501";"Glenfarclas 30 YO";"Glenfarclas 30 YO";"0";"4380";"0.7";"6257.14";"Whisky";"Glass";"43";"14.551496"
"Vinmonopolet";"6831301";"Wittmann Westhofener Riesling Trocken 2017";"Wittmann Westhofener Riesling Trocken";"2017";"309.9";"0.75";"413.2";"White wine";"Glass";"13";"3.1784616"
"Vinmonopolet";"6833401";"Las Cepas La Cavera Garnacha 2018";"Las Cepas La Cavera Garnacha";"2018";"179.9";"0.75";"239.87";"RÃ¸dvin";"Glass";"14.5";"1.6542528"
"Vinmonopolet";"6834501";"Oud Beersel Oude Kriek";"Oud Beersel Oude Kriek";"0";"199.9";"0.75";"266.53";"SurÃ¸l";"Glass";"6";"4.442222"
"Vinmonopolet";"6838601";"ZoÃ©mie De Sousa Grand Cru Brut PrÃ©cieuse";"ZoÃ©mie De Sousa Grand Cru Brut PrÃ©cieuse";"0";"487.9";"0.75";"650.53";"Champagne, brut";"Glass";"12.5";"5.2042665"
"Vinmonopolet";"6839501";"Cuperly Grande RÃ©serve Carte Verte Brut";"Cuperly Grande RÃ©serve Carte Verte Brut";"0";"405";"0.75";"540";"Champagne, brut";"Glass";"12";"4.5"
"Vinmonopolet";"6839602";"Bache-Gabrielsen XO TrÃ¨s Vieux Grande Champagne";"Bache-Gabrielsen XO TrÃ¨s Vieux Grande Champagne";"0";"699";"0.5";"1398";"Grape spirit";"Glass";"45.7";"3.0590808"
"Vinmonopolet";"6839901";"Gironda Le Nicchie Barbera d'Asti Superiore Nizza 2012";"Gironda Le Nicchie Barbera d'Asti Superiore Nizza";"2012";"349";"0.75";"465.33";"RÃ¸dvin";"Glass";"15";"3.1022222"
"Vinmonopolet";"6840102";"Veholt Bodils KjÃ¦rringÃ¸l";"Veholt Bodils KjÃ¦rringÃ¸l";"0";"72.9";"0.5";"145.8";"Scotch ale";"Glass";"6.2";"2.351613"
"Vinmonopolet";"6840201";"Bouchard ÃinÃ© & Fils Bourgogne Pinot Noir RÃ©serve 2018";"Bouchard ÃinÃ© & Fils Bourgogne Pinot Noir RÃ©serve";"2018";"199.9";"0.75";"266.53";"RÃ¸dvin";"Glass";"13";"2.0502563"
"Vinmonopolet";"6840301";"Geiler Terroirs dÂ´Alluvions Pinot Gris 2018";"Geiler Terroirs dÂ´Alluvions Pinot Gris";"2018";"199.9";"0.75";"266.53";"White wine";"Glass";"13";"2.0502563"
"Vinmonopolet";"6841101";"San Michele Appiano SÃ¼dtiroler Pinot Nero 2019";"San Michele Appiano SÃ¼dtiroler Pinot Nero";"2019";"255";"0.75";"340";"RÃ¸dvin";"Glass";"13.5";"2.5185184"
"Vinmonopolet";"6841201";"San Michele Appiano SÃ¼dtiroler Pinot Nero Riserva 2016";"San Michele Appiano SÃ¼dtiroler Pinot Nero Riserva";"2016";"299.9";"0.75";"399.87";"RÃ¸dvin";"Glass";"14";"2.8561904"
"Vinmonopolet";"6841901";"La Mano Verde Terra Rossa 2015";"La Mano Verde Terra Rossa";"2015";"199.9";"0.75";"266.53";"RÃ¸dvin";"Glass";"14";"1.9038094"
"Vinmonopolet";"6842101";"La Mano Verde Cento Ceppi 2016";"La Mano Verde Cento Ceppi";"2016";"179.8";"0.75";"239.73";"RÃ¸dvin";"Glass";"14";"1.712381"
"Vinmonopolet";"6842202";"Haandbryggeriet Bestefar";"Haandbryggeriet Bestefar";"0";"64.2";"0.33";"194.55";"Special";"Glass";"9";"2.161616"
"Vinmonopolet";"6842301";"MarquÃ©s de Longares Gran Reserva 2011";"MarquÃ©s de Longares Gran Reserva";"2011";"139.6";"0.75";"186.13";"RÃ¸dvin";"Glass";"13.5";"1.3787655"
"Vinmonopolet";"6842701";"Dominio de VerderrubÃ­ 2015";"Dominio de VerderrubÃ­";"2015";"99.7";"0.75";"132.93";"White wine";"Glass";"13";"1.022564"
"Vinmonopolet";"6843201";"Matthiasson Napa Valley Cabernet Sauvignon 2016";"Matthiasson Napa Valley Cabernet Sauvignon";"2016";"609";"0.75";"812";"RÃ¸dvin";"Glass";"13.1";"6.198473"
"Vinmonopolet";"6843301";"Matthiasson Napa Valley White 2015";"Matthiasson Napa Valley White";"2015";"419";"0.75";"558.67";"White wine";"Glass";"12.9";"4.3307495"
"Vinmonopolet";"6843401";"Matthiasson Napa Valley Linda Vista Vineyard Chardonnay 2018";"Matthiasson Napa Valley Linda Vista Vineyard Chardonnay";"2018";"379";"0.75";"505.33";"White wine";"Glass";"12.2";"4.1420765"
"Vinmonopolet";"6845101";"Dr. Loosen Erdener Treppchen Riesling GG 2014";"Dr. Loosen Erdener Treppchen Riesling GG";"2014";"369";"0.75";"492";"White wine";"Glass";"12.5";"3.936"
"Vinmonopolet";"6845401";"Veyder-Malberg SchÃ¶ner Riesling 2017";"Veyder-Malberg SchÃ¶ner Riesling";"2017";"399";"0.75";"532";"White wine";"Glass";"9";"5.911111"
"Vinmonopolet";"6845501";"Veyder-Malberg Hochrain GrÃ¼ner Veltliner 2018";"Veyder-Malberg Hochrain GrÃ¼ner Veltliner";"2018";"419";"0.75";"558.67";"White wine";"Glass";"13";"4.2974358"
"Vinmonopolet";"6845601";"Veyder-Malberg Liebedich GrÃ¼ner Veltliner 2018";"Veyder-Malberg Liebedich GrÃ¼ner Veltliner";"2018";"269";"0.75";"358.67";"White wine";"Glass";"11.5";"3.1188407"
"Vinmonopolet";"6845801";"Veyder-Malberg Bruck Riesling 2017";"Veyder-Malberg Bruck Riesling";"2017";"419";"0.75";"558.67";"White wine";"Glass";"12";"4.6555557"
"Vinmonopolet";"6846101";"Wongraven Orion Barolo 2015";"Wongraven Orion Barolo";"2015";"549.9";"0.75";"733.2";"RÃ¸dvin";"Glass";"13.5";"5.4311113"
"Vinmonopolet";"6846105";"Wongraven Orion Barolo 2015";"Wongraven Orion Barolo";"2015";"1099.9";"1.5";"733.27";"RÃ¸dvin";"Glass";"13.5";"5.431605"
"Vinmonopolet";"6846401";"OMA Barolo 2013";"OMA Barolo";"2013";"399.9";"0.75";"533.2";"RÃ¸dvin";"Glass";"14";"3.8085713"
"Vinmonopolet";"6847001";"Cornelissen Munjebel MC Rosso 2014";"Cornelissen Munjebel MC Rosso";"2014";"559.9";"0.75";"746.53";"RÃ¸dvin";"Glass";"15";"4.976889"
"Vinmonopolet";"6847101";"Cornelissen Munjebel CS Rosso 2013";"Cornelissen Munjebel CS Rosso";"2013";"559.9";"0.75";"746.53";"RÃ¸dvin";"Glass";"15";"4.976889"
"Vinmonopolet";"6847901";"Trossen Lay Purus Riesling 2016";"Trossen Lay Purus Riesling";"2016";"389.9";"0.75";"519.87";"White wine";"Glass";"12";"4.332222"
"Vinmonopolet";"6848001";"Trossen Riesling Purus KestenbÃ¼sch";"Trossen Riesling Purus KestenbÃ¼sch";"2016";"359.9";"0.75";"479.87";"White wine";"Glass";"12";"3.9988887"
"Vinmonopolet";"6848101";"Ch. de BÃ©ru Chablis 1er Cru Vaucoupin 2017";"Ch. de BÃ©ru Chablis 1er Cru Vaucoupin";"2017";"639.9";"0.75";"853.2";"White wine";"Glass";"12.5";"6.8256"
"Vinmonopolet";"6848201";"Ch. de BÃ©ru Montserre 2017";"Ch. de BÃ©ru Montserre";"2017";"439.9";"0.75";"586.53";"White wine";"Glass";"13.5";"4.3446913"
"Vinmonopolet";"6849001";"Cono Sur Single Vineyard Block no 21 Viento Mar Pinot Noir 2017";"Cono Sur Single Vineyard Block no 21 Viento Mar Pinot Noir";"2017";"194.9";"0.75";"259.87";"RÃ¸dvin";"Glass";"13.5";"1.9249382"
"Vinmonopolet";"6849101";"Cono Sur Single Vineyard Block no 23 Rulos del Alto Riesling 2016";"Cono Sur Single Vineyard Block no 23 Rulos del Alto Riesling";"2016";"179.9";"0.75";"239.87";"White wine";"Glass";"13";"1.8451282"
"Vinmonopolet";"6849301";"Altolandon Irrepetible 2015";"Altolandon Irrepetible";"2015";"158.6";"0.75";"211.47";"RÃ¸dvin";"Glass";"14";"1.5104762"
"Vinmonopolet";"6849701";"Las Cepas Rebuzno Maturana Tinta 2018";"Las Cepas Rebuzno Maturana Tinta";"2018";"199.9";"0.75";"266.53";"RÃ¸dvin";"Glass";"14.5";"1.8381609"
"Vinmonopolet";"6849801";"Twomey Russian River Valley Pinot Noir 2017";"Twomey Russian River Valley Pinot Noir";"2017";"619";"0.75";"825.33";"RÃ¸dvin";"Glass";"14.5";"5.691954"
"Vinmonopolet";"6849901";"Twomey Napa Valley Merlot 2013";"Twomey Napa Valley Merlot";"2013";"698.9";"0.75";"931.87";"RÃ¸dvin";"Glass";"14.8";"6.2963967"
"Vinmonopolet";"6850201";"God Jul fra Piemonte Barbera 2016";"God Jul fra Piemonte Barbera";"2016";"78.7";"0.75";"104.93";"RÃ¸dvin";"Glass";"14";"0.74952376"
"Vinmonopolet";"6850205";"God Jul fra Piemonte Barbera";"God Jul fra Piemonte Barbera";"2016";"158.4";"1.5";"105.6";"RÃ¸dvin";"Glass";"14";"0.7542857"
"Vinmonopolet";"6850401";"Comte Georges de VogÃ¼Ã© Musigny Grand Cru Vieilles Vignes 2017";"Comte Georges de VogÃ¼Ã© Musigny Grand Cru Vieilles Vignes";"2017";"4999.9";"0.75";"6666.53";"RÃ¸dvin";"Glass";"13";"51.281025"
"Vinmonopolet";"6850701";"Nicolas Rossignol Bourgogne Rouge 2017";"Nicolas Rossignol Bourgogne Rouge";"2017";"429.9";"0.75";"573.2";"RÃ¸dvin";"Glass";"13";"4.4092307"
"Vinmonopolet";"6850801";"Nicolas Rossignol Volnay 2017";"Nicolas Rossignol Volnay";"2017";"825.7";"0.75";"1100.93";"RÃ¸dvin";"Glass";"13";"8.468719"
"Vinmonopolet";"6851101";"Nicolas Rossignol Pommard 2017";"Nicolas Rossignol Pommard";"2017";"677.4";"0.75";"903.2";"RÃ¸dvin";"Glass";"13";"6.9476924"
"Vinmonopolet";"6851501";"Dom. Rostaing CÃ´te-RÃ´tie La Landonne 2016";"Dom. Rostaing CÃ´te-RÃ´tie La Landonne";"2016";"1269.9";"0.75";"1693.2";"RÃ¸dvin";"Glass";"13.5";"12.542222"
"Vinmonopolet";"6851601";"Dom. Rostaing Les Lezardes Syrah 2015";"Dom. Rostaing Les Lezardes Syrah";"2015";"379.9";"0.75";"506.53";"RÃ¸dvin";"Glass";"13.5";"3.7520988"
"Vinmonopolet";"6851701";"Dom. Rostaing CÃ´te-RÃ´tie Ampodium 2016";"Dom. Rostaing CÃ´te-RÃ´tie Ampodium";"2016";"699.9";"0.75";"933.2";"RÃ¸dvin";"Glass";"13.5";"6.912593"
"Vinmonopolet";"6852101";"Mugnier Nuits-Saint-Georges 1. Cru Clos de la MarÃ©chale 2015";"Mugnier Nuits-Saint-Georges 1. Cru Clos de la MarÃ©chale";"2015";"979.9";"0.75";"1306.53";"RÃ¸dvin";"Glass";"13";"10.050257"
"Vinmonopolet";"6852301";"Cafaggio Basilica del Cortaccio Cabernet Sauvignon 2014";"Cafaggio Basilica del Cortaccio Cabernet Sauvignon";"2014";"339.9";"0.75";"453.2";"RÃ¸dvin";"Glass";"14";"3.2371428"
"Vinmonopolet";"6852601";"Cafaggio Basilica del Pruneto Merlot 2012";"Cafaggio Basilica del Pruneto Merlot";"2012";"339.9";"0.75";"453.2";"RÃ¸dvin";"Glass";"14.5";"3.1255171"
"Vinmonopolet";"6853201";"Ascheri Nirane Dolcetto d'Alba 2017";"Ascheri Nirane Dolcetto d'Alba";"2017";"205";"0.75";"273.33";"RÃ¸dvin";"Glass";"14";"1.9523809"
"Vinmonopolet";"6853501";"Roby Marton Gin";"Roby Marton Gin";"2018";"699.9";"0.7";"999.86";"Gin";"Glass";"47";"2.1273558"
"Vinmonopolet";"6853601";"Grappa Candolini Bianca";"Grappa Candolini Bianca";"0";"374.9";"0.7";"535.57";"Grape spirit";"Glass";"40";"1.3389286"
"Vinmonopolet";"6853901";"Hendry Unoaked Chardonnay";"Hendry Unoaked Chardonnay";"2017";"349";"0.75";"465.33";"White wine";"Glass";"13.5";"3.4469135"
"Vinmonopolet";"6854001";"Hendry Pinot Noir";"Hendry Pinot Noir";"2016";"449";"0.75";"598.67";"RÃ¸dvin";"Glass";"14.8";"4.045045"
"Vinmonopolet";"6854101";"Hendry Block 28 Zinfandel";"Hendry Block 28 Zinfandel";"2013";"399";"0.75";"532";"RÃ¸dvin";"Glass";"15.4";"3.4545455"
"Vinmonopolet";"6854201";"Hendry Cabernet Sauvignon";"Hendry Cabernet Sauvignon";"2013";"649";"0.75";"865.33";"RÃ¸dvin";"Glass";"14.9";"5.807606"
"Vinmonopolet";"6854301";"Hendry Barrel Fermented Chardonnay";"Hendry Barrel Fermented Chardonnay";"2014";"449";"0.75";"598.67";"White wine";"Glass";"14.3";"4.18648"
"Vinmonopolet";"6854401";"Hendry Red 2014";"Hendry Red";"2014";"499";"0.75";"665.33";"RÃ¸dvin";"Glass";"14.2";"4.6854463"
"Vinmonopolet";"6854505";"Trimbach Pinot Gris RÃ©serve Personnelle 2012";"Trimbach Pinot Gris RÃ©serve Personnelle";"2012";"959";"1.5";"639.33";"White wine";"Glass";"14";"4.5666666"
"Vinmonopolet";"6854601";"King Cobra";"King Cobra";"0";"99.2";"0.75";"132.27";"MÃ¸rk lager";"Glass";"7.5";"1.7635555"
"Vinmonopolet";"6854701";"Gysler Klangwerk Vum Helle Riesling Trocken 2017";"Gysler Klangwerk Vum Helle Riesling Trocken";"2017";"309.9";"0.75";"413.2";"White wine";"Glass";"12.5";"3.3056"
"Vinmonopolet";"6854801";"Gysler Sandstein Riesling Trocken 2019";"Gysler Sandstein Riesling Trocken";"2019";"169.9";"0.75";"226.53";"White wine";"Glass";"11.5";"1.969855"
"Vinmonopolet";"6854901";"Gysler Kammerton Weinheimer Riesling Trocken 2016";"Gysler Kammerton Weinheimer Riesling Trocken";"2016";"239.9";"0.75";"319.87";"White wine";"Glass";"12.5";"2.5589333"
"Vinmonopolet";"6856301";"Birkedal Hartmann Jubileum 130 Ã¥r Petite Champagne Single Cask";"Birkedal Hartmann Jubileum 130 Ã¥r Petite Champagne Single Cask";"0";"975";"0.7";"1392.86";"Grape spirit";"Glass";"40";"3.482143"
"Vinmonopolet";"6856601";"San Felice Il Grigio Chianti Classico Gran Selezione 2011";"San Felice Il Grigio Chianti Classico Gran Selezione";"2011";"399";"0.75";"532";"RÃ¸dvin";"Glass";"14.5";"3.6689656"
"Vinmonopolet";"6856605";"San Felice Il Grigio Chianti Classico Gran Selezione 2011";"San Felice Il Grigio Chianti Classico Gran Selezione";"2011";"738.8";"1.5";"492.53";"RÃ¸dvin";"Glass";"14.5";"3.3967814"
"Vinmonopolet";"6856705";"San Felice Poggio Rosso Chianti Classico Riserva 2010";"San Felice Poggio Rosso Chianti Classico Riserva";"2010";"1075";"1.5";"716.67";"RÃ¸dvin";"Glass";"14.5";"4.9425287"
"Vinmonopolet";"6856801";"San Felice Poggio Rosso Chianti Classico Riserva 2007";"San Felice Poggio Rosso Chianti Classico Riserva";"2007";"479.4";"0.75";"639.2";"RÃ¸dvin";"Glass";"14";"4.5657144"
"Vinmonopolet";"6856901";"San Felice Poggio Rosso Chianti Classico Riserva 2008";"San Felice Poggio Rosso Chianti Classico Riserva";"2008";"498.4";"0.75";"664.53";"RÃ¸dvin";"Glass";"14";"4.7466664"
"Vinmonopolet";"6858501";"Flor de CaÃ±a Centenario 25 YO";"Flor de CaÃ±a Centenario 25 YO";"0";"2050";"0.7";"2928.57";"Rum";"Glass";"40";"7.321429"
"Vinmonopolet";"6859001";"Bareksten Botanical Aquavit";"Bareksten Botanical Aquavit";"0";"450";"0.7";"642.86";"Aquavit";"Glass";"40";"1.6071429"
"Vinmonopolet";"6860201";"La Closerie de Fourtet 2012";"La Closerie de Fourtet";"2012";"445";"0.75";"593.33";"RÃ¸dvin";"Glass";"13.5";"4.3950615"
"Vinmonopolet";"6860401";"Arette Reposado";"Arette Reposado";"0";"619.9";"0.7";"885.57";"Fruit spirit";"Glass";"38";"2.3304513"
"Vinmonopolet";"6860501";"Arette Blanco";"Arette Blanco";"0";"589.9";"0.7";"842.71";"Fruit spirit";"Glass";"38";"2.2176692"
"Vinmonopolet";"6861302";"Kilchoman Bramble Liqueur";"Kilchoman Bramble Liqueur";"0";"349.9";"0.5";"699.8";"LikÃ¸r";"Glass";"19";"3.683158"
"Vinmonopolet";"6861801";"Brunel de la Gardine CÃ´tes du RhÃ´ne 2018";"Brunel de la Gardine CÃ´tes du RhÃ´ne";"2018";"169.9";"0.75";"226.53";"RÃ¸dvin";"Glass";"14.5";"1.5622988"
"Vinmonopolet";"6862001";"Castello di Bolgheri Superiore 2014";"Castello di Bolgheri Superiore";"2014";"486";"0.75";"648";"RÃ¸dvin";"Glass";"14.5";"4.4689655"
"Vinmonopolet";"6862101";"Brunel de la Gardine Cairanne 2018";"Brunel de la Gardine Cairanne";"2018";"189.9";"0.75";"253.2";"RÃ¸dvin";"Glass";"14.5";"1.7462069"
"Vinmonopolet";"6862301";"Ch. de La Gardine Chateauneuf-du-Pape 2017";"Ch. de La Gardine Chateauneuf-du-Pape";"2017";"399.9";"0.75";"533.2";"RÃ¸dvin";"Glass";"14.5";"3.6772413"
"Vinmonopolet";"6862401";"Castello di Bolgheri VarvÃ ra 2015";"Castello di Bolgheri VarvÃ ra";"2015";"279.9";"0.75";"373.2";"RÃ¸dvin";"Glass";"14";"2.6657143"
"Vinmonopolet";"6862501";"Ch. LÃ©oville PoyferrÃ© Saint Julien 2010";"Ch. LÃ©oville PoyferrÃ© Saint Julien";"2010";"1449.9";"0.75";"1933.2";"RÃ¸dvin";"Glass";"14";"13.808572"
"Vinmonopolet";"6862605";"Ch. Kirwan 2010";"Ch. Kirwan";"2010";"1550";"1.5";"1033.33";"RÃ¸dvin";"Glass";"13.5";"7.654321"
"Vinmonopolet";"6862701";"Ch. Fourcas DuprÃ© Listrac-MÃ©doc 2011";"Ch. Fourcas DuprÃ© Listrac-MÃ©doc";"2011";"275";"0.75";"366.67";"RÃ¸dvin";"Glass";"13";"2.8205128"
"Vinmonopolet";"6862801";"K. Wechsler Riesling Kirchspiel Feinherb 2018";"K. Wechsler Riesling Kirchspiel Feinherb";"2018";"276.9";"0.75";"369.2";"White wine";"Glass";"12.5";"2.9536"
"Vinmonopolet";"6862901";"K. Wechsler Riesling Kirchspiel 2017";"K. Wechsler Riesling Kirchspiel";"2017";"334.9";"0.75";"446.53";"White wine";"Glass";"12.5";"3.5722666"
"Vinmonopolet";"6863901";"Gulfi Cerasuolo di Vittoria 2015";"Gulfi Cerasuolo di Vittoria";"2015";"250";"0.75";"333.33";"RÃ¸dvin";"Glass";"13.5";"2.4691358"
"Vinmonopolet";"6864101";"Paul Achs Edelgrund BlaufrÃ¤nkisch 2016";"Paul Achs Edelgrund BlaufrÃ¤nkisch";"2016";"239.9";"0.75";"319.87";"RÃ¸dvin";"Glass";"12.5";"2.5589333"
"Vinmonopolet";"6864202";"Varm vinter Norsk Aquavit";"Varm vinter Norsk Aquavit";"0";"399.9";"0.5";"799.8";"Aquavit";"Glass";"40";"1.9994999"
"Vinmonopolet";"6864301";"Ramos Pinto Adriano White Reserva";"Ramos Pinto Adriano White Reserva";"0";"269.9";"0.75";"359.87";"Port wine";"Glass";"19.5";"1.8454701"
"Vinmonopolet";"6864602";"Jaanihanso Brut MÃ©thode Traditionnelle Cider";"Jaanihanso Brut MÃ©thode Traditionnelle Cider";"0";"105";"0.38";"280";"Cider";"Glass";"8.5";"3.2507741"
"Vinmonopolet";"6864702";"Jaanihanso Dry Hopped Craft Cider";"Jaanihanso Dry Hopped Craft Cider";"0";"75";"0.33";"227.27";"Cider";"Glass";"5.5";"4.132231"
"Vinmonopolet";"6865301";"Joh. Jos PrÃ¼m Graacher Himmelreich Riesling Kabinett 2015";"Joh. Jos PrÃ¼m Graacher Himmelreich Riesling Kabinett";"2015";"244.8";"0.75";"326.4";"White wine";"Glass";"8.5";"3.8400002"
"Vinmonopolet";"6865401";"Acham-MagÃ­n Riesling Trocken 2018";"Acham-MagÃ­n Riesling Trocken";"2018";"149.9";"0.75";"199.87";"White wine";"Glass";"12";"1.6655555"
"Vinmonopolet";"6865805";"Ch. Magondeau Beau Site Fronsac 2015";"Ch. Magondeau Beau Site Fronsac";"2015";"698.9";"1.5";"465.93";"RÃ¸dvin";"Glass";"13.5";"3.451358"
"Vinmonopolet";"6865901";"De Muller Reina Violant Gran Reserva Brut Nature";"De Muller Reina Violant Gran Reserva Brut Nature";"0";"249";"0.75";"332";"Sparkling wine";"Glass";"12.5";"2.656"
"Vinmonopolet";"6866001";"Tezza Pinot Vino Spumante Extra Dry 2015";"Tezza Pinot Vino Spumante Extra Dry";"2015";"174.7";"0.75";"232.93";"Sparkling wine";"Glass";"13";"1.7917949"
"Vinmonopolet";"6866102";"Sisqueille 1874";"Sisqueille";"0";"5999.5";"0.38";"15998.67";"Fortified wine";"Glass";"17";"92.87152"
"Vinmonopolet";"6866401";"Steinmetz Kestener Herrenberg Pinot Noir 2012";"Steinmetz Kestener Herrenberg Pinot Noir";"2012";"348.9";"0.75";"465.2";"RÃ¸dvin";"Glass";"13";"3.5784614"
"Vinmonopolet";"6866901";"Dom. Bergeron JuliÃ©nas RÃ©serve de NoÃ«lle 2013";"Dom. Bergeron JuliÃ©nas RÃ©serve de NoÃ«lle";"2013";"188.8";"0.75";"251.73";"RÃ¸dvin";"Glass";"13";"1.9364103"
"Vinmonopolet";"6867301";"Pierre Gerbais L'Originale Pinot Blanc 2011";"Pierre Gerbais L'Originale Pinot Blanc";"2011";"549.9";"0.75";"733.2";"Champagne extra brut";"Glass";"12";"6.11"
"Vinmonopolet";"6868001";"Tullamore Dew Single Malt 14 YO";"Tullamore Dew Single Malt 14 YO";"0";"779.9";"0.7";"1114.14";"Whisky";"Glass";"41.3";"2.6976826"
"Vinmonopolet";"6868101";"Glenfiddich IPA";"Glenfiddich IPA";"0";"739.9";"0.7";"1057";"Whisky";"Glass";"43";"2.4581397"
"Vinmonopolet";"6868201";"Glenfiddich Project XX";"Glenfiddich Project XX";"0";"809.9";"0.7";"1157";"Whisky";"Glass";"47";"2.4617023"
"Vinmonopolet";"6868302";"Heidi SchrÃ¶ck Ruster Ausbruch FlÃ¼gel der MorgenrÃ¶te 2015";"Heidi SchrÃ¶ck Ruster Ausbruch FlÃ¼gel der MorgenrÃ¶te";"2015";"549.9";"0.38";"1466.4";"White wine";"Glass";"12";"12.059211"
"Vinmonopolet";"6868701";"Santa Duc CÃ´tes du RhÃ´ne Les Vieilles Vignes Rouge 2016";"Santa Duc CÃ´tes du RhÃ´ne Les Vieilles Vignes Rouge";"2016";"184.9";"0.75";"246.53";"RÃ¸dvin";"Glass";"14";"1.7609524"
"Vinmonopolet";"6869701";"Le Pianette 2016";"Le Pianette";"2016";"164.5";"0.75";"219.33";"RÃ¸dvin";"Glass";"13.5";"1.6246914"
"Vinmonopolet";"6869801";"L'Aspetto 2012";"L'Aspetto";"2012";"249.4";"0.75";"332.53";"RÃ¸dvin";"Glass";"14";"2.375238"
"Vinmonopolet";"6869901";"Ceppatella 2012";"Ceppatella";"2012";"359.7";"0.75";"479.6";"RÃ¸dvin";"Glass";"14.5";"3.3075864"
"Vinmonopolet";"6870101";"Bel Colle Barbaresco Roncaglie 2011";"Bel Colle Barbaresco Roncaglie";"2011";"298.9";"0.75";"398.53";"RÃ¸dvin";"Glass";"14.5";"2.7485056"
"Vinmonopolet";"6870201";"Torre Rosazza Pignolo 2013";"Torre Rosazza Pignolo";"2013";"299.9";"0.75";"399.87";"RÃ¸dvin";"Glass";"14";"2.8561904"
"Vinmonopolet";"6870301";"Castello di Roncade Raboso dell' Arnasa";"Castello di Roncade Raboso dell' Arnasa";"2015";"209.9";"0.75";"279.87";"RÃ¸dvin";"Glass";"13";"2.1528203"
"Vinmonopolet";"6870501";"Castello di Roncade Villa Giustinian Rosso";"Castello di Roncade Villa Giustinian Rosso";"2015";"229.9";"0.75";"306.53";"RÃ¸dvin";"Glass";"13.5";"2.2706172"
"Vinmonopolet";"6870601";"Castello di Roncade Prosecco Extra Dry";"Castello di Roncade Prosecco Extra Dry";"0";"150.9";"0.75";"201.2";"Sparkling wine";"Glass";"11.5";"1.7495651"
"Vinmonopolet";"6870801";"Castello Di Roncade Prosecco Brut";"Castello Di Roncade Prosecco Brut";"0";"154.6";"0.75";"206.13";"Sparkling wine";"Glass";"11.5";"1.7924638"
"Vinmonopolet";"6871001";"Kaapzicht Pinotage 2015";"Kaapzicht Pinotage";"2015";"247.6";"0.75";"330.13";"RÃ¸dvin";"Glass";"14.5";"2.2767816"
"Vinmonopolet";"6871101";"Nitida Sauvignon Blanc 2017";"Nitida Sauvignon Blanc";"2017";"217.6";"0.75";"290.13";"White wine";"Glass";"13.5";"2.1491358"
"Vinmonopolet";"6871401";"Red Square Vodka";"Red Square Vodka";"0";"297.9";"0.7";"425.57";"Vodka";"Glass";"37.5";"1.1348572"
"Vinmonopolet";"6871501";"Belgravia London Dry Gin";"Belgravia London Dry Gin";"0";"299";"0.7";"427.14";"Gin";"Glass";"37.5";"1.1390476"
"Vinmonopolet";"6871601";"Dr. Corvers-Kauter RÃ¼desheimer Berg Rosneck Riesling Kabinett 2016";"Dr. Corvers-Kauter RÃ¼desheimer Berg Rosneck Riesling Kabinett";"2016";"174";"0.75";"232";"White wine";"Glass";"12";"1.9333333"
"Vinmonopolet";"6871701";"Corvers Kauter R3 Riesling 2018";"Corvers Kauter R3 Riesling";"2018";"153.4";"0.75";"204.53";"White wine";"Glass";"12";"1.7044444"
"Vinmonopolet";"6872301";"The Vinum Barolo 2011";"The Vinum Barolo";"2011";"350";"0.75";"466.67";"RÃ¸dvin";"Glass";"14";"3.3333333"
"Vinmonopolet";"6872701";"Parusso Barbera d'Alba Ornati 2015";"Parusso Barbera d'Alba Ornati";"2015";"279.9";"0.75";"373.2";"RÃ¸dvin";"Glass";"14";"2.6657143"
"Vinmonopolet";"6872801";"Parusso Barolo Bussia 2010";"Parusso Barolo Bussia";"2010";"839.7";"0.75";"1119.6";"RÃ¸dvin";"Glass";"14";"7.997143"
"Vinmonopolet";"6873101";"Badia di Marrona Taneto Rosso 2013";"Badia di Marrona Taneto Rosso";"2013";"218.7";"0.75";"291.6";"RÃ¸dvin";"Glass";"14";"2.0828571"
"Vinmonopolet";"6875101";"Patrick Sullivan Haggis Wine";"Patrick Sullivan Haggis Wine";"2018";"369.9";"0.75";"493.2";"White wine";"Glass";"13";"3.7938461"
"Vinmonopolet";"6875301";"Leclerc Briant Blanc de Meuniers Premier Cru Brut Zero";"Leclerc Briant Blanc de Meuniers Premier Cru Brut Zero";"0";"1459.9";"0.75";"1946.53";"Champagne extra brut";"Glass";"12";"16.221111"
"Vinmonopolet";"6875901";"Alheit Hemelrand Vine Garden 2018";"Alheit Hemelrand Vine Garden";"2018";"349.9";"0.75";"466.53";"White wine";"Glass";"13.5";"3.4558024"
"Vinmonopolet";"6876801";"Mori no Kura Shiso Umeshu";"Mori no Kura Shiso Umeshu";"2017";"389.9";"0.72";"541.53";"Sake";"Glass";"9";"6.016975"
"Vinmonopolet";"6878101";"Dom. la Colombette Grenache RosÃ© 2019";"Dom. la Colombette Grenache RosÃ©";"2019";"129.9";"0.75";"173.2";"RosÃ©vin";"Glass";"11.5";"1.5060868"
"Vinmonopolet";"6878201";"Dom. Jean Touzot MÃ¢con-Villages Vieilles Vignes 2018";"Dom. Jean Touzot MÃ¢con-Villages Vieilles Vignes";"2018";"189.9";"0.75";"253.2";"White wine";"Glass";"12.5";"2.0256"
"Vinmonopolet";"6878401";"Oslo HÃ¥ndverksdestilleri Akevitt";"Oslo HÃ¥ndverksdestilleri Akevitt";"0";"519.9";"0.7";"742.71";"Aquavit";"Glass";"41";"1.8114984"
"Vinmonopolet";"6878501";"A.A. Badenhorst The Curator 2018";"A.A. Badenhorst The Curator";"2018";"149.9";"0.75";"199.87";"RÃ¸dvin";"Glass";"13";"1.5374359"
"Vinmonopolet";"6878601";"Silvia Rivella Barbaresco Montestefano 2014";"Silvia Rivella Barbaresco Montestefano";"2014";"950";"0.75";"1266.67";"RÃ¸dvin";"Glass";"14";"9.047619"
"Vinmonopolet";"6878701";"Bod. Barahonda Monastrell-Syrah 2017";"Bod. Barahonda Monastrell-Syrah";"2017";"179.9";"0.75";"239.87";"RÃ¸dvin";"Glass";"15";"1.5991111"
"Vinmonopolet";"6879906";"Hexamer Riesling vom roten Sandstein";"Hexamer Riesling vom roten Sandstein";"2018";"419.9";"3";"139.97";"White wine";"Bag-in-box";"12";"1.1663889"
"Vinmonopolet";"6880402";"Kaapse Brouwers Klaas Christmas Ale";"Kaapse Brouwers Klaas Christmas Ale";"0";"69.8";"0.33";"211.52";"Special";"Glass";"9.8";"2.1583178"
"Vinmonopolet";"6881901";"Desderi Barbera d'Asti Blu 2019";"Desderi Barbera d'Asti Blu";"2019";"198.8";"0.75";"265.07";"RÃ¸dvin";"Glass";"13";"2.0389743"
"Vinmonopolet";"6882006";"Cono Sur Bicicleta GewÃ¼rztraminer 2019";"Cono Sur Bicicleta GewÃ¼rztraminer";"2019";"399.9";"3";"133.3";"White wine";"Bag-in-box";"12.5";"1.0663999"
"Vinmonopolet";"6882401";"Storm Slide Hill Syrah 2016";"Storm Slide Hill Syrah";"2016";"449.9";"0.75";"599.87";"RÃ¸dvin";"Glass";"14.1";"4.2543736"
"Vinmonopolet";"6882601";"Storm Duvarita Vineyard Pinot Noir 2018";"Storm Duvarita Vineyard Pinot Noir";"2018";"549.9";"0.75";"733.2";"RÃ¸dvin";"Glass";"13";"5.6400003"
"Vinmonopolet";"6882701";"Les Grandes Carmes de Simone Blanc 2014";"Les Grandes Carmes de Simone Blanc";"2014";"349.9";"0.75";"466.53";"White wine";"Glass";"13.5";"3.4558024"
"Vinmonopolet";"6882801";"Storm Santa Barbara County Pinot Noir 2018";"Storm Santa Barbara County Pinot Noir";"2018";"399.9";"0.75";"533.2";"RÃ¸dvin";"Glass";"13.5";"3.9496295"
"Vinmonopolet";"6883001";"Ops By Loxarel 2016";"Ops By Loxarel";"2016";"143.9";"0.75";"191.87";"RÃ¸dvin";"Glass";"14";"1.3704761"
"Vinmonopolet";"6883302";"InderÃ¸y Brenneri Odd Fellow Aquavit";"InderÃ¸y Brenneri Odd Fellow Aquavit";"2018";"496.8";"0.5";"993.6";"Aquavit";"Glass";"40";"2.484"
"Vinmonopolet";"6883401";"Ch. La Garde 2010";"Ch. La Garde";"2010";"445";"0.75";"593.33";"RÃ¸dvin";"Glass";"14";"4.2380953"
"Vinmonopolet";"6885001";"Pratello Mille 1 2016";"Pratello Mille 1";"2016";"189.9";"0.75";"253.2";"RÃ¸dvin";"Glass";"13.5";"1.8755555"
"Vinmonopolet";"6885901";"Hattingley Valley Classic CuvÃ©e 2013";"Hattingley Valley Classic CuvÃ©e";"2013";"299.9";"0.75";"399.87";"Sparkling wine";"Glass";"12";"3.3322222"
"Vinmonopolet";"6886001";"Ivette Classic CuvÃ©e Brut 2016";"Ivette Classic CuvÃ©e Brut";"2016";"174.7";"0.75";"232.93";"Sparkling wine";"Glass";"11.5";"2.0255072"
"Vinmonopolet";"6887701";"Ch. d'Issan 2010";"Ch. d'Issan";"2010";"929.9";"0.75";"1239.87";"RÃ¸dvin";"Glass";"13.5";"9.184197"
"Vinmonopolet";"6887801";"Ch. Branaire-Ducru 2012";"Ch. Branaire-Ducru";"2012";"619.9";"0.75";"826.53";"RÃ¸dvin";"Glass";"13";"6.357949"
"Vinmonopolet";"6888101";"Rocket Brewing Azuma's Dream Wild Winter Ale 2016";"Rocket Brewing Azuma's Dream Wild Winter Ale";"2016";"99.9";"0.75";"133.2";"SurÃ¸l";"Glass";"5.8";"2.2965517"
"Vinmonopolet";"6888201";"Rocket Brewing Koichi's Cherry Wild Winter Ale 2016";"Rocket Brewing Koichi's Cherry Wild Winter Ale";"2016";"99.9";"0.75";"133.2";"SurÃ¸l";"Glass";"6.5";"2.0492308"
"Vinmonopolet";"6888601";"Jaffelin St-Aubin 1er Cru Sur Gamay 2017";"Jaffelin St-Aubin 1er Cru Sur Gamay";"2017";"389.9";"0.75";"519.87";"White wine";"Glass";"13.5";"3.8508642"
"Vinmonopolet";"6888701";"Nittnaus Blauer Zweigelt 2017";"Nittnaus Blauer Zweigelt";"2017";"183.9";"0.75";"245.2";"RÃ¸dvin";"Glass";"12.5";"1.9616"
"Vinmonopolet";"6888901";"Jacuzzi Old Vine Zinfandel 2016";"Jacuzzi Old Vine Zinfandel";"2016";"149.9";"0.75";"199.87";"RÃ¸dvin";"Glass";"14";"1.427619"
"Vinmonopolet";"6889001";"Ch. de Pez 2014";"Ch. de Pez";"2014";"369.9";"0.75";"493.2";"RÃ¸dvin";"Glass";"13.5";"3.6533332"
"Vinmonopolet";"6889101";"Louis Roederer Brut Nature 2012";"Louis Roederer Brut Nature";"2012";"669.9";"0.75";"893.2";"Champagne, brut";"Glass";"12";"7.4433336"
"Vinmonopolet";"6889201";"Les 4 Vents Crozes-Hermitage 2018";"Les 4 Vents Crozes-Hermitage";"2018";"359.9";"0.75";"479.87";"RÃ¸dvin";"Glass";"13.5";"3.5545678"
"Vinmonopolet";"6889302";"EinstÃ¶k lgerd Islandic Wee Heavy";"EinstÃ¶k lgerd Islandic Wee Heavy";"0";"49.9";"0.33";"151.21";"Scotch ale";"Glass";"8";"1.8901515"
"Vinmonopolet";"6889401";"Audoin Marsannay Clos du Roy Blanc 2017";"Audoin Marsannay Clos du Roy Blanc";"2017";"479.9";"0.75";"639.87";"White wine";"Glass";"13";"4.9220514"
"Vinmonopolet";"6892201";"Lillian Syrah 2015";"Lillian Syrah";"2015";"695";"0.75";"926.67";"RÃ¸dvin";"Glass";"14.5";"6.390805"
"Vinmonopolet";"6892301";"Antica Terra Botanica Pinot Noir 2015";"Antica Terra Botanica Pinot Noir";"2015";"960";"0.75";"1280";"RÃ¸dvin";"Glass";"14.3";"8.951049"
"Vinmonopolet";"6892401";"Babcock Sta. Rita Hills Pinot Noir 2014";"Babcock Sta. Rita Hills Pinot Noir";"2014";"259.9";"0.75";"346.53";"RÃ¸dvin";"Glass";"14.1";"2.457683"
"Vinmonopolet";"6892501";"The Macallan Double Cask 12 YO";"The Macallan Double Cask 12 YO";"0";"675.9";"0.7";"965.57";"Whisky";"Glass";"40";"2.4139287"
"Vinmonopolet";"6892601";"Maker's Mark 46";"Maker's Mark 46";"0";"639.9";"0.7";"914.14";"Whisky";"Glass";"47";"1.9449849"
"Vinmonopolet";"6892901";"Gordon & MacPhail Banff Rare Old 1966";"Gordon & MacPhail Banff Rare Old";"1966";"20098.9";"0.7";"28712.71";"Whisky";"Glass";"45.2";"63.523705"
"Vinmonopolet";"6893301";"Gordon & MacPhail Port Ellen Rare Old 1980";"Gordon & MacPhail Port Ellen Rare Old";"1980";"13458.3";"0.7";"19226.14";"Whisky";"Glass";"46";"41.795963"
"Vinmonopolet";"6899501";"Gaudio Monferrato Freisa 2015";"Gaudio Monferrato Freisa";"2015";"224";"0.75";"298.67";"Perlende vin, rÃ¸d";"Glass";"13.5";"2.2123456"
"Vinmonopolet";"6900102";"Cervesa del Montseny Mala Vida Brandy";"Cervesa del Montseny Mala Vida Brandy";"0";"49.9";"0.33";"151.21";"Porter and stout";"Glass";"11";"1.3746556"
"Vinmonopolet";"6901301";"FÃ¨lsina Brut Classico 2016";"FÃ¨lsina Brut Classico";"2016";"259.9";"0.75";"346.53";"Sparkling wine";"Glass";"12";"2.8877778"
"Vinmonopolet";"6902201";"Sand Tropez RosÃ© 2018";"Sand Tropez RosÃ©";"2018";"186.7";"0.75";"248.93";"RosÃ©vin";"Glass";"13";"1.9148718"
"Vinmonopolet";"6902401";"Crazy Tropez Blanc 2017";"Crazy Tropez Blanc";"2017";"155.5";"0.75";"207.33";"White wine";"Glass";"13";"1.5948718"
"Vinmonopolet";"6902501";"White Tropez RosÃ© 2018";"White Tropez RosÃ©";"2018";"228.2";"0.75";"304.27";"RosÃ©vin";"Glass";"13";"2.3405128"
"Vinmonopolet";"6902505";"White Tropez RosÃ© 2018";"White Tropez RosÃ©";"2018";"494.3";"1.5";"329.53";"RosÃ©vin";"Glass";"13";"2.5348718"
"Vinmonopolet";"6902601";"Ch. Thuerry Les Abeillons RosÃ© 2018";"Ch. Thuerry Les Abeillons RosÃ©";"2018";"224.1";"0.75";"298.8";"RosÃ©vin";"Glass";"13.5";"2.2133334"
"Vinmonopolet";"6902704";"Ice Tropez";"Ice Tropez";"2017";"46.5";"0.25";"186";"Flavoured wine	";"Metall";"6.5";"2.8615384"
"Vinmonopolet";"6903001";"Ch. Thuerry Le ChÃ¢teau 2017";"Ch. Thuerry Le ChÃ¢teau";"2017";"226";"0.75";"301.33";"White wine";"Glass";"14";"2.152381"
"Vinmonopolet";"6903201";"Ch. Thuerry L'Exception 2014";"Ch. Thuerry L'Exception";"2014";"240.8";"0.75";"321.07";"RÃ¸dvin";"Glass";"14.5";"2.214253"
"Vinmonopolet";"6903301";"Terra d'Alter ALF Alfrocheiro 2019";"Terra d'Alter ALF Alfrocheiro";"2019";"144.9";"0.75";"193.2";"RÃ¸dvin";"Glass";"13.5";"1.4311111"
"Vinmonopolet";"6903401";"Ch. L'Arnaude CuvÃ©e Nuit Blanche 2019";"Ch. L'Arnaude CuvÃ©e Nuit Blanche";"2019";"184.3";"0.75";"245.73";"RosÃ©vin";"Glass";"12.5";"1.9658667"
"Vinmonopolet";"6903405";"Ch. L'Arnaude CuvÃ©e Nuit Blanche 2018";"Ch. L'Arnaude CuvÃ©e Nuit Blanche";"2018";"369.8";"1.5";"246.53";"RosÃ©vin";"Glass";"12.5";"1.9722666"
"Vinmonopolet";"6903407";"Ch. L'Arnaude CuvÃ©e Nuit Blanche 2018";"Ch. L'Arnaude CuvÃ©e Nuit Blanche";"2018";"776.4";"3";"258.8";"RosÃ©vin";"Glass";"13";"1.9907693"
"Vinmonopolet";"6903601";"FÃ¨lsina Rancia Chianti Classico Riserva 2011";"FÃ¨lsina Rancia Chianti Classico Riserva";"2011";"449.9";"0.75";"599.87";"RÃ¸dvin";"Glass";"13.5";"4.4434566"
"Vinmonopolet";"6904101";"Talanca Riesling 2015";"Talanca Riesling";"2015";"168.7";"0.75";"224.93";"White wine";"Glass";"12.5";"1.7994666"
"Vinmonopolet";"6904201";"Mustiguillo Quinca Corall El Terrerazo 2014";"Mustiguillo Quinca Corall El Terrerazo";"2014";"690.4";"0.75";"920.53";"RÃ¸dvin";"Glass";"14.5";"6.348506"
"Vinmonopolet";"6904301";"Clos du Moulin aux Moines St.-Romain Blanc 2014";"Clos du Moulin aux Moines St.-Romain Blanc";"2014";"349.9";"0.75";"466.53";"White wine";"Glass";"12";"3.8877778"
"Vinmonopolet";"6904401";"Clos du Moulin aux Moines Clos de la PerriÃ¨re Rouge 2018";"Clos du Moulin aux Moines Clos de la PerriÃ¨re Rouge";"2018";"294.9";"0.75";"393.2";"RÃ¸dvin";"Glass";"12";"3.2766666"
"Vinmonopolet";"6904601";"La Ca' Nova Barbaresco 2017";"La Ca' Nova Barbaresco";"2017";"307.9";"0.75";"410.53";"RÃ¸dvin";"Glass";"13.5";"3.0409875"
"Vinmonopolet";"6904901";"Fontella Chianti";"Fontella Chianti";"2018";"169.9";"0.75";"226.53";"RÃ¸dvin";"Glass";"12.5";"1.8122666"
"Vinmonopolet";"6906301";"Maison Noir O.P.P. Pinot Noir 2015";"Maison Noir O.P.P. Pinot Noir";"2015";"255";"0.75";"340";"RÃ¸dvin";"Glass";"13";"2.6153846"
"Vinmonopolet";"6907702";"Hartwall Original Long drink";"Hartwall Original Long drink";"0";"44.4";"0.33";"128.49";"Other spirit";"Emballasje med pant";"5.5";"2.446281"
"Vinmonopolet";"6907802";"Kirow Rent Brennevin 60%";"Kirow Rent Brennevin 60%";"0";"339.9";"0.5";"679.8";"Vodka";"Plast";"60";"1.133"
"Vinmonopolet";"6907901";"Daniel Rion CÃ´te de Nuits-Villages Mosaic 2017";"Daniel Rion CÃ´te de Nuits-Villages Mosaic";"2017";"354.9";"0.75";"473.2";"RÃ¸dvin";"Glass";"12.5";"3.7856"
"Vinmonopolet";"6908301";"Dom. de Bellene Meursault Les Forges 2017";"Dom. de Bellene Meursault Les Forges";"2017";"649.9";"0.75";"866.53";"White wine";"Glass";"13";"6.6656413"
"Vinmonopolet";"6908901";"Dooley's White Chocolate Cream";"Dooley's White Chocolate Cream";"0";"212.9";"0.7";"304.14";"LikÃ¸r";"Glass";"15";"2.0276191"
"Vinmonopolet";"6909901";"Albert Boxler Sommerberg Grand Cru Riesling 2014";"Albert Boxler Sommerberg Grand Cru Riesling";"2014";"622.7";"0.75";"830.27";"White wine";"Glass";"13";"6.386667"
"Vinmonopolet";"6911202";"Mikkeller Spontan Figs";"Mikkeller Spontan Figs";"0";"99";"0.38";"264";"SurÃ¸l";"Glass";"7.7";"3.3834589"
"Vinmonopolet";"6911802";"Mauro Sebaste Grappa di Centobricchi";"Mauro Sebaste Grappa di Centobricchi";"0";"901.4";"0.5";"1802.8";"Grape spirit";"Glass";"40";"4.507"
"Vinmonopolet";"6912201";"Bristol Classic Demerara Rum Enmore Still 1988";"Bristol Classic Demerara Rum Enmore Still";"1988";"1717.6";"0.7";"2453.71";"Rum";"Glass";"43";"5.706312"
"Vinmonopolet";"6914301";"V8+ Sior Piero Valdobbiadene Prosecco Superiore Extra Dry";"V8+ Sior Piero Valdobbiadene Prosecco Superiore Extra Dry";"0";"175.2";"0.75";"233.6";"Sparkling wine";"Glass";"11.5";"2.0313044"
"Vinmonopolet";"6914501";"V8+ Sior Lele Spumante Brut";"V8+ Sior Lele Spumante Brut";"0";"175.2";"0.75";"233.6";"Musserende vin, rosÃ©";"Glass";"11";"2.1236362"
"Vinmonopolet";"6915201";"Mustiguillo Finca Calvestra Merseguera 2015";"Mustiguillo Finca Calvestra Merseguera";"2015";"268.7";"0.75";"358.27";"White wine";"Glass";"13.5";"2.6538272"
"Vinmonopolet";"6915301";"Doix Priorat 2012";"Doix Priorat";"2012";"831.9";"0.75";"1109.2";"RÃ¸dvin";"Glass";"14.5";"7.6496553"
"Vinmonopolet";"6915402";"Ximenez-Spinola Solera 1964";"Ximenez-Spinola Solera";"2016";"314.5";"0.5";"629";"Sherry";"Glass";"17";"3.7"
"Vinmonopolet";"6915706";"Marco Pontarelli Piemonte Barbera 2019";"Marco Pontarelli Piemonte Barbera";"2019";"469.9";"3";"156.63";"RÃ¸dvin";"Bag-in-box";"12.5";"1.2530667"
"Vinmonopolet";"6915801";"Revello Barolo Vigna Conca 2012";"Revello Barolo Vigna Conca";"2012";"555";"0.75";"740";"RÃ¸dvin";"Glass";"15";"4.9333334"
"Vinmonopolet";"6916002";"Vaona Le Peagne Recioto della Valpolicella Classico 2013";"Vaona Le Peagne Recioto della Valpolicella Classico";"2013";"263";"0.5";"526";"RÃ¸dvin";"Glass";"14";"3.7571428"
"Vinmonopolet";"6916101";"Ariyanas Tinto Petit Verdot 2015";"Ariyanas Tinto Petit Verdot";"2015";"355";"0.75";"473.33";"RÃ¸dvin";"Glass";"12.5";"3.7866666"
"Vinmonopolet";"6916301";"Vinding Montecarrubo Il Piccolo 2016";"Vinding Montecarrubo Il Piccolo";"2016";"299.9";"0.75";"399.87";"RÃ¸dvin";"Glass";"14";"2.8561904"
"Vinmonopolet";"6919701";"Ki No Bi Kyoto Dry Gin";"Ki No Bi Kyoto Dry Gin";"0";"779.9";"0.7";"1114.14";"Gin";"Glass";"45.7";"2.4379494"
"Vinmonopolet";"6920601";"Ch. Sainte Beatrice CuvÃ©e VaussiÃ¨re 2017";"Ch. Sainte Beatrice CuvÃ©e VaussiÃ¨re";"2017";"191.2";"0.75";"254.93";"White wine";"Glass";"13";"1.9610256"
"Vinmonopolet";"6921101";"Dagueneau Pouilly-sur-Loire La Centenaire";"Dagueneau Pouilly-sur-Loire La Centenaire";"2019";"219.9";"0.75";"293.2";"White wine";"Glass";"12.5";"2.3456"
"Vinmonopolet";"6921301";"Lafarge Vial Fleurie Clos Vernay 2015";"Lafarge Vial Fleurie Clos Vernay";"2015";"329.9";"0.75";"439.87";"RÃ¸dvin";"Glass";"13.5";"3.2582715"
"Vinmonopolet";"6921305";"Lafarge Vial Fleurie Clos Vernay 2015";"Lafarge Vial Fleurie Clos Vernay";"2015";"799.9";"1.5";"533.27";"RÃ¸dvin";"Glass";"13.5";"3.9501235"
"Vinmonopolet";"6921902";"La Debauche Cognac Barrel";"La Debauche Cognac Barrel";"0";"54.9";"0.33";"166.36";"Barley wine	";"Glass";"9.5";"1.7511961"
"Vinmonopolet";"6922001";"Vegaverde Blanco 2016";"Vegaverde Blanco";"2016";"97.8";"0.75";"130.4";"Sparkling wine";"Glass";"5";"2.608"
"Vinmonopolet";"6922101";"Vegaverde Rosado 2016";"Vegaverde Rosado";"2016";"97.8";"0.75";"130.4";"Musserende vin, rosÃ©";"Glass";"5";"2.608"
"Vinmonopolet";"6922201";"Vegaverde Azul 2016";"Vegaverde Azul";"2016";"97.8";"0.75";"130.4";"Flavoured wine	";"Glass";"5";"2.608"
"Vinmonopolet";"6922501";"Boscarelli De Ferrari 2018";"Boscarelli De Ferrari";"2018";"219.9";"0.75";"293.2";"RÃ¸dvin";"Glass";"13.5";"2.1718519"
"Vinmonopolet";"6923505";"Piollot PÃ¨re Champs RayÃ©s Brut Nature";"Piollot PÃ¨re Champs RayÃ©s Brut Nature";"2011";"949.9";"1.5";"633.27";"Champagne extra brut";"Glass";"12";"5.277222"
"Vinmonopolet";"6923601";"Piollot PÃ¨re Les GravelÃ©es RosÃ© Brut Nature 2012";"Piollot PÃ¨re Les GravelÃ©es RosÃ© Brut Nature";"2012";"496.7";"0.75";"662.27";"Champagne extra brut";"Glass";"12";"5.518889"
"Vinmonopolet";"6923801";"Piollot PÃ¨re Colas Robin Brut Nature 2013";"Piollot PÃ¨re Colas Robin Brut Nature";"2013";"499.9";"0.75";"666.53";"Champagne extra brut";"Glass";"12";"5.5544443"
"Vinmonopolet";"6923901";"Welmoed Chenin Blanc 2019";"Welmoed Chenin Blanc";"2019";"112.9";"0.75";"150.53";"White wine";"Glass";"13.5";"1.1150618"
"Vinmonopolet";"6924001";"Roger Manceaux Brut Nature";"Roger Manceaux Brut Nature";"0";"364";"0.75";"485.33";"Champagne extra brut";"Glass";"12";"4.0444446"
"Vinmonopolet";"6924107";"Roger Manceaux CuvÃ©e de RÃ©serve Brut";"Roger Manceaux CuvÃ©e de RÃ©serve Brut";"0";"1839";"3";"613";"Champagne, brut";"Glass";"12";"5.108333"
"Vinmonopolet";"6924201";"Constantia Glen THREE 2014";"Constantia Glen THREE";"2014";"238.9";"0.75";"318.53";"RÃ¸dvin";"Glass";"14.5";"2.1967816"
"Vinmonopolet";"6924502";"Sundbytunet Gin";"Sundbytunet Gin";"0";"358";"0.5";"716";"Gin";"Glass";"44";"1.6272727"
"Vinmonopolet";"6931701";"Ch. Le Puy Emilien 2016";"Ch. Le Puy Emilien";"2016";"374.9";"0.75";"499.87";"RÃ¸dvin";"Glass";"13";"3.845128"
"Vinmonopolet";"6931901";"Lafarge Vial Chiroubles 2015";"Lafarge Vial Chiroubles";"2015";"299.9";"0.75";"399.87";"RÃ¸dvin";"Glass";"13";"3.0758975"
"Vinmonopolet";"6932401";"David Reynaud 350 m Saint-Joseph 2018";"David Reynaud 350 m Saint-Joseph";"2018";"289.9";"0.75";"386.53";"RÃ¸dvin";"Glass";"14";"2.7609522"
"Vinmonopolet";"6932901";"Ch. Le Bon Pasteur 2006";"Ch. Le Bon Pasteur";"2006";"674.9";"0.75";"899.87";"RÃ¸dvin";"Glass";"13.5";"6.6656795"
"Vinmonopolet";"6933001";"Wilfrid Rousse Les Galuches Chinon 2015";"Wilfrid Rousse Les Galuches Chinon";"2015";"159.7";"0.75";"212.93";"RÃ¸dvin";"Glass";"12.5";"1.7034667"
"Vinmonopolet";"6933201";"Ch. Leoville Poyferre 2006";"Ch. Leoville Poyferre";"2006";"978.9";"0.75";"1305.2";"RÃ¸dvin";"Glass";"13";"10.04"
"Vinmonopolet";"6933402";"Frydenlund FatÃ¸l Export";"Frydenlund FatÃ¸l Export";"0";"29.9";"0.33";"84.55";"Light lager";"Emballasje med pant";"5.4";"1.67789"
"Vinmonopolet";"6933801";"Balthasar Ress Hallgarten Hendelberg Riesling 2017";"Balthasar Ress Hallgarten Hendelberg Riesling";"2017";"249.9";"0.75";"333.2";"White wine";"Glass";"11";"3.029091"
"Vinmonopolet";"6933901";"Balthasar Ress Oestricher Riesling Trocken 2017";"Balthasar Ress Oestricher Riesling Trocken";"2017";"239.9";"0.75";"319.87";"White wine";"Glass";"12";"2.6655555"
"Vinmonopolet";"6939901";"Ortega Quite 2016";"Ortega Quite";"2016";"209.9";"0.75";"279.87";"RÃ¸dvin";"Glass";"13";"2.1528203"
"Vinmonopolet";"6940401";"Ojai Bien Nacido Chardonnay 2017";"Ojai Bien Nacido Chardonnay";"2017";"359";"0.75";"478.67";"White wine";"Glass";"13";"3.6820512"
"Vinmonopolet";"6940501";"Ojai Santa Barbara Pinot Noir 2017";"Ojai Santa Barbara Pinot Noir";"2017";"375";"0.75";"500";"RÃ¸dvin";"Glass";"13";"3.8461537"
"Vinmonopolet";"6942201";"Occidental Freestone-Occidental Pinot Noir 2017";"Occidental Freestone-Occidental Pinot Noir";"2017";"629";"0.75";"838.67";"RÃ¸dvin";"Glass";"14.1";"5.9479904"
"Vinmonopolet";"6942401";"Occidental Bodega Headlands CuvÃ©e Elizabeth Pinot Noir 2016";"Occidental Bodega Headlands CuvÃ©e Elizabeth Pinot Noir";"2016";"889";"0.75";"1185.33";"RÃ¸dvin";"Glass";"13.4";"8.845772"
"Vinmonopolet";"6942501";"Au Bon Climat Santa Barbara Pinot Noir 2018";"Au Bon Climat Santa Barbara Pinot Noir";"2018";"319.9";"0.75";"426.53";"RÃ¸dvin";"Glass";"13.5";"3.159506"
"Vinmonopolet";"6942601";"Au Bon Climat Santa Barbara County Chardonnay 2017";"Au Bon Climat Santa Barbara County Chardonnay";"2017";"315";"0.75";"420";"White wine";"Glass";"13.5";"3.1111112"
"Vinmonopolet";"6943601";"Cavallotto Barolo Bricco Boschis Vigna San Giuseppe Riserva 2012";"Cavallotto Barolo Bricco Boschis Vigna San Giuseppe Riserva";"2012";"933";"0.75";"1244";"RÃ¸dvin";"Glass";"14.5";"8.57931"
"Vinmonopolet";"6947501";"Howard Park Leston Cabernet Sauvignon 2014";"Howard Park Leston Cabernet Sauvignon";"2014";"239.9";"0.75";"319.87";"RÃ¸dvin";"Glass";"14.5";"2.205977"
"Vinmonopolet";"6958101";"Greenall's London Dry Gin";"Greenall's London Dry Gin";"0";"369.9";"0.7";"528.43";"Gin";"Glass";"37.5";"1.4091429"
"Vinmonopolet";"6958702";"Grim&Gryt Den nye oljen Svart IPA";"Grim&Gryt Den nye oljen Svart IPA";"0";"39.8";"0.33";"120.61";"India pale ale";"Glass";"7";"1.7229437"
"Vinmonopolet";"6958801";"Ten. di Trinoro Le Cupole 2011";"Ten. di Trinoro Le Cupole";"2011";"389";"0.75";"518.67";"RÃ¸dvin";"Glass";"15";"3.4577777"
"Vinmonopolet";"6958901";"Ten. di Trinoro Le Cupole 2012";"Ten. di Trinoro Le Cupole";"2012";"389";"0.75";"518.67";"RÃ¸dvin";"Glass";"14.5";"3.5770116"
"Vinmonopolet";"6959201";"Fritz Haag Brauneberg Juffer Riesling Trocken GG 2017";"Fritz Haag Brauneberg Juffer Riesling Trocken GG";"2017";"309.9";"0.75";"413.2";"White wine";"Glass";"12.5";"3.3056"
"Vinmonopolet";"6959401";"Diel PittermÃ¤nchen Riesling GG 2016";"Diel PittermÃ¤nchen Riesling GG";"2016";"459.9";"0.75";"613.2";"White wine";"Glass";"12.5";"4.9056"
"Vinmonopolet";"6959601";"Passorosso 2013";"Passorosso";"2013";"449.1";"0.75";"598.8";"RÃ¸dvin";"Glass";"14";"4.277143"
"Vinmonopolet";"6959701";"Passopisciaro 2012";"Passopisciaro";"2012";"449.4";"0.75";"599.2";"RÃ¸dvin";"Glass";"15.5";"3.8658063"
"Vinmonopolet";"6959801";"Vasse Felix Heytesbury Chardonnay 2017";"Vasse Felix Heytesbury Chardonnay";"2017";"499";"0.75";"665.33";"White wine";"Glass";"13";"5.1179485"
"Vinmonopolet";"6960502";"Wild Beer Sleeping Lemons Export";"Wild Beer Sleeping Lemons Export";"0";"43.9";"0.33";"133.03";"SurÃ¸l";"Glass";"6";"2.2171717"
"Vinmonopolet";"6960702";"Amundsen Lush Rasp & Lime berliner";"Amundsen Lush Rasp & Lime berliner";"0";"46.9";"0.33";"136.06";"SurÃ¸l";"Emballasje med pant";"5.3";"2.6815321"
"Vinmonopolet";"6961501";"The Econic Organic Chardonnay by Bonterra 2017";"The Econic Organic Chardonnay by Bonterra";"2017";"149.9";"0.75";"199.87";"White wine";"Glass";"13.5";"1.4804938"
"Vinmonopolet";"6961701";"Cinque Campi Particella 128 2017";"Cinque Campi Particella 128";"2017";"269.9";"0.75";"359.87";"Sparkling wine";"Glass";"12";"2.9988887"
"Vinmonopolet";"6961801";"Riffault Auksinis Sancerre 2010";"Riffault Auksinis Sancerre";"2010";"379.9";"0.75";"506.53";"White wine";"Glass";"13";"3.8964102"
"Vinmonopolet";"6961901";"Cinque Campi Rio degli Sgoccioli 2017";"Cinque Campi Rio degli Sgoccioli";"2017";"279.9";"0.75";"373.2";"Sparkling wine";"Glass";"13";"2.8707693"
"Vinmonopolet";"6962101";"Cinque Campi L'Artiglio 2015";"Cinque Campi L'Artiglio";"2015";"389.9";"0.75";"519.87";"Sparkling wine";"Glass";"13";"3.9989743"
"Vinmonopolet";"6962401";"Delaire Graff Botmaskop 2014";"Delaire Graff Botmaskop";"2014";"208.7";"0.75";"278.27";"RÃ¸dvin";"Glass";"14.5";"1.9190804"
"Vinmonopolet";"6962501";"Delaire Graff Chenin Blanc Reserve 2014";"Delaire Graff Chenin Blanc Reserve";"2014";"199.6";"0.75";"266.13";"White wine";"Glass";"13.5";"1.9713581"
"Vinmonopolet";"6962601";"Cant. Terlano Pinot Noir 2017";"Cant. Terlano Pinot Noir";"2017";"254.5";"0.75";"339.33";"RÃ¸dvin";"Glass";"13.5";"2.5135803"
"Vinmonopolet";"6963902";"Veltins Grevensteiner Original";"Veltins Grevensteiner Original";"0";"55.9";"0.5";"111.8";"Light lager";"Glass";"5.2";"2.15"
"Vinmonopolet";"6965502";"Balholm Epledram 1833";"Balholm Epledram";"0";"269.9";"0.5";"539.8";"Other spirit";"Glass";"35";"1.5422857"
"Vinmonopolet";"6965601";"Rousse Chinon Les Puys 2014";"Rousse Chinon Les Puys";"2014";"179.7";"0.75";"239.6";"RÃ¸dvin";"Glass";"13";"1.843077"
"Vinmonopolet";"6965701";"Bowmore Vault First Edition";"Bowmore Vault First Edition";"0";"1039.9";"0.7";"1485.57";"Whisky";"Glass";"51.5";"2.884605"
"Vinmonopolet";"6965906";"Franco Francesco Langhe Bianco";"Franco Francesco Langhe Bianco";"0";"488";"3";"162.67";"White wine";"Bag-in-box";"12.5";"1.3013333"
"Vinmonopolet";"6966001";"Gamba Le Quare Valpolicella Ripasso Classico Superiore 2014";"Gamba Le Quare Valpolicella Ripasso Classico Superiore";"2014";"204.9";"0.75";"273.2";"RÃ¸dvin";"Glass";"14";"1.9514285"
"Vinmonopolet";"6966101";"Gamba Le Quare Amarone della Valpolicella Classico 2012";"Gamba Le Quare Amarone della Valpolicella Classico";"2012";"334.8";"0.75";"446.4";"RÃ¸dvin";"Glass";"15";"2.9759998"
"Vinmonopolet";"6966201";"Abbona Dogliani SorÃ¬ dij But Dogliani 2015";"Abbona Dogliani SorÃ¬ dij But Dogliani";"2015";"192";"0.75";"256";"RÃ¸dvin";"Glass";"13.5";"1.8962963"
"Vinmonopolet";"6966301";"Dom. de la Jobeline MÃ¢con VerzÃ© En PrÃ©visy 2016";"Dom. de la Jobeline MÃ¢con VerzÃ© En PrÃ©visy";"2016";"297";"0.75";"396";"White wine";"Glass";"13";"3.0461538"
"Vinmonopolet";"6966401";"Dom. de la Jobeline MÃ¢con-VerzÃ© 2016";"Dom. de la Jobeline MÃ¢con-VerzÃ©";"2016";"229.9";"0.75";"306.53";"White wine";"Glass";"13";"2.3579485"
"Vinmonopolet";"6966501";"Vajra Monterustico Dogliani 2018";"Vajra Monterustico Dogliani";"2018";"204.9";"0.75";"273.2";"RÃ¸dvin";"Glass";"14.5";"1.8841379"
"Vinmonopolet";"6966601";"Madonna dell'Uva Uva Rara 2015";"Madonna dell'Uva Uva Rara";"2015";"159.6";"0.75";"212.8";"RÃ¸dvin";"Glass";"12";"1.7733334"
"Vinmonopolet";"6966701";"Fabrice Gasnier l'Ethique Nature Chinon 2015";"Fabrice Gasnier l'Ethique Nature Chinon";"2015";"129.9";"0.75";"173.2";"RÃ¸dvin";"Glass";"12.4";"1.3967742"
"Vinmonopolet";"6966801";"Nittnaus BlaufrÃ¤nkisch Kalk & Schiefer 2017";"Nittnaus BlaufrÃ¤nkisch Kalk & Schiefer";"2017";"219.9";"0.75";"293.2";"RÃ¸dvin";"Glass";"12.5";"2.3456"
"Vinmonopolet";"6966901";"Charly ThÃ©venet RÃ©gniÃ© Grain & Granit 2014";"Charly ThÃ©venet RÃ©gniÃ© Grain & Granit";"2014";"269.9";"0.75";"359.87";"RÃ¸dvin";"Glass";"13";"2.7682052"
"Vinmonopolet";"6967005";"Allende Aurus 2007";"Allende Aurus";"2007";"2310";"1.5";"1540";"RÃ¸dvin";"Glass";"14";"11"
"Vinmonopolet";"6967105";"Allende Calvario 2006";"Allende Calvario";"2006";"1505";"1.5";"1003.33";"RÃ¸dvin";"Glass";"14";"7.1666665"
"Vinmonopolet";"6967201";"Allende Aurus 2007";"Allende Aurus";"2007";"1209.8";"0.75";"1613.07";"RÃ¸dvin";"Glass";"13.5";"11.948643"
"Vinmonopolet";"6967305";"Allende Calvario 2007";"Allende Calvario";"2007";"1500";"1.5";"1000";"RÃ¸dvin";"Glass";"14";"7.142857"
"Vinmonopolet";"6967401";"Allende Calvario 2007";"Allende Calvario";"2007";"699.9";"0.75";"933.2";"RÃ¸dvin";"Glass";"14";"6.6657147"
"Vinmonopolet";"6967501";"Allende Aurus 2008";"Allende Aurus";"2008";"1210";"0.75";"1613.33";"RÃ¸dvin";"Glass";"14";"11.523809"
"Vinmonopolet";"6967605";"Allende Aurus 2008";"Allende Aurus";"2008";"2310";"1.5";"1540";"RÃ¸dvin";"Glass";"14";"11"
"Vinmonopolet";"6967701";"Bernabeleva Carril del Rey 2017";"Bernabeleva Carril del Rey";"2017";"429.9";"0.75";"573.2";"RÃ¸dvin";"Glass";"13.5";"4.245926"
"Vinmonopolet";"6969101";"Ch. Meyre 2015";"Ch. Meyre";"2015";"249.9";"0.75";"333.2";"RÃ¸dvin";"Glass";"13";"2.563077"
"Vinmonopolet";"6969201";"Craigellachie 13 YO Speyside Single Malt";"Craigellachie 13 YO Speyside Single Malt";"0";"664.9";"0.7";"949.86";"Whisky";"Glass";"46";"2.0649068"
"Vinmonopolet";"6969501";"Pierre Paillard Les Parcelles Extra Brut";"Pierre Paillard Les Parcelles Extra Brut";"2014";"416.1";"0.75";"554.8";"Champagne extra brut";"Glass";"12.5";"4.4384003"
"Vinmonopolet";"6969601";"Emrich-SchÃ¶nleber Halgans Monzinger Riesling Trocken 2016";"Emrich-SchÃ¶nleber Halgans Monzinger Riesling Trocken";"2016";"328.9";"0.75";"438.53";"White wine";"Glass";"12";"3.6544445"
"Vinmonopolet";"6969705";"Pierre Paillard La Grande RÃ©colte Bouzy Grand Cru Extra Brut 2006";"Pierre Paillard La Grande RÃ©colte Bouzy Grand Cru Extra Brut";"2006";"1360";"1.5";"906.67";"Champagne extra brut";"Glass";"12.5";"7.2533336"
"Vinmonopolet";"6969801";"Pierre Paillard La Grande RÃ©colte Bouzy Grand Cru Extra Brut 2008";"Pierre Paillard La Grande RÃ©colte Bouzy Grand Cru Extra Brut";"2008";"680";"0.75";"906.67";"Champagne extra brut";"Glass";"12.5";"7.2533336"
"Vinmonopolet";"6970101";"Lamy Santenay 1er Cru Clos des GraviÃ¨res Rouge 2014";"Lamy Santenay 1er Cru Clos des GraviÃ¨res Rouge";"2014";"476";"0.75";"634.67";"RÃ¸dvin";"Glass";"13";"4.8820515"
"Vinmonopolet";"6970201";"Emrich-SchÃ¶nleber Lenz Riesling 2016";"Emrich-SchÃ¶nleber Lenz Riesling";"2016";"229.9";"0.75";"306.53";"White wine";"Glass";"11";"2.7866666"
"Vinmonopolet";"6970305";"DurochÃ© Gevrey-Chambertin 1er Cru Lavaut St-Jacques 2013";"DurochÃ© Gevrey-Chambertin 1er Cru Lavaut St-Jacques";"2013";"1306.8";"1.5";"871.2";"RÃ¸dvin";"Glass";"12.5";"6.9696"
"Vinmonopolet";"6970401";"Arlaud Morey-St-Denis 1er Cru Les Ruchots 2014";"Arlaud Morey-St-Denis 1er Cru Les Ruchots";"2014";"669.9";"0.75";"893.2";"RÃ¸dvin";"Glass";"13";"6.8707695"
"Vinmonopolet";"6970501";"Emrich-SchÃ¶nleber FrÃ¼htau Monzinger Riesling Trocken 2017";"Emrich-SchÃ¶nleber FrÃ¼htau Monzinger Riesling Trocken";"2017";"299.9";"0.75";"399.87";"White wine";"Glass";"12";"3.3322222"
"Vinmonopolet";"6970601";"Lamy Santenay Clos des HÃ¢tes 2012";"Lamy Santenay Clos des HÃ¢tes";"2012";"378";"0.75";"504";"RÃ¸dvin";"Glass";"13";"3.876923"
"Vinmonopolet";"6970701";"Guigal La Mouline 2012";"Guigal La Mouline";"2012";"2299.9";"0.75";"3066.53";"RÃ¸dvin";"Glass";"13.5";"22.715061"
"Vinmonopolet";"6970801";"Arlaud Charmes-Chambertin Grand Cru 2014";"Arlaud Charmes-Chambertin Grand Cru";"2014";"1109.9";"0.75";"1479.87";"RÃ¸dvin";"Glass";"13";"11.38359"
"Vinmonopolet";"6970901";"Guigal CÃ´te-RÃ´tie La Turque 2012";"Guigal CÃ´te-RÃ´tie La Turque";"2012";"2299.9";"0.75";"3066.53";"RÃ¸dvin";"Glass";"13.5";"22.715061"
"Vinmonopolet";"6971001";"Arlaud Morey-St-Denis 1er Cru Aux Cheseaux 2014";"Arlaud Morey-St-Denis 1er Cru Aux Cheseaux";"2014";"610";"0.75";"813.33";"RÃ¸dvin";"Glass";"13";"6.25641"
"Vinmonopolet";"6971701";"Richou Dom Nature 2011";"Richou Dom Nature";"2011";"199.8";"0.75";"266.4";"Sparkling white wine";"Glass";"12.5";"2.1312"
"Vinmonopolet";"6971901";"De Montille Pommard 1er Cru Les Rugiens-bas 2013";"De Montille Pommard 1er Cru Les Rugiens-bas";"2013";"1104.8";"0.75";"1473.07";"RÃ¸dvin";"Glass";"12.5";"11.7845335"
"Vinmonopolet";"6972101";"De Montille Pommard 1er Cru Les PÃ©zerolles 2012";"De Montille Pommard 1er Cru Les PÃ©zerolles";"2012";"908";"0.75";"1210.67";"RÃ¸dvin";"Glass";"12";"10.088889"
"Vinmonopolet";"6972201";"De Montille Pommard 1er Cru Les PÃ©zerolles 2013";"De Montille Pommard 1er Cru Les PÃ©zerolles";"2013";"912";"0.75";"1216";"RÃ¸dvin";"Glass";"12.5";"9.728"
"Vinmonopolet";"6972301";"Henri Milan Noveau 2016";"Henri Milan Noveau";"2016";"229";"0.75";"305.33";"RÃ¸dvin";"Glass";"12.5";"2.4426668"
"Vinmonopolet";"6973501";"BenoÃ®t Lahaye Brut Nature";"BenoÃ®t Lahaye Brut Nature";"0";"469.9";"0.75";"626.53";"Champagne extra brut";"Glass";"12";"5.221111"
"Vinmonopolet";"6974001";"Greenhook Ginsmith American Dry Gin";"Greenhook Ginsmith American Dry Gin";"0";"639.4";"0.7";"913.43";"Gin";"Glass";"47";"1.9434651"
"Vinmonopolet";"6974201";"Emrich-ShÃ¶nleber Monzinger Halenberg Riesling R 2007";"Emrich-ShÃ¶nleber Monzinger Halenberg Riesling R";"2007";"408.9";"0.75";"545.2";"White wine";"Glass";"13";"4.193846"
"Vinmonopolet";"6974301";"De Montille Corton Clos du Roi Grand Cru 2013";"De Montille Corton Clos du Roi Grand Cru";"2013";"1230";"0.75";"1640";"RÃ¸dvin";"Glass";"13";"12.615385"
"Vinmonopolet";"6974605";"Ch. de Beaucastel Chateuneuf-du-Pape 2014";"Ch. de Beaucastel Chateuneuf-du-Pape";"2014";"1399.9";"1.5";"933.27";"RÃ¸dvin";"Glass";"14.5";"6.4363217"
"Vinmonopolet";"6974701";"Kenwood Chardonnay 2017";"Kenwood Chardonnay";"2017";"219.9";"0.75";"293.2";"White wine";"Glass";"13.5";"2.1718519"
"Vinmonopolet";"6974801";"Kenwood Zinfandel 2015";"Kenwood Zinfandel";"2015";"219.9";"0.75";"293.2";"RÃ¸dvin";"Glass";"14.5";"2.022069"
"Vinmonopolet";"6975301";"Koyle Carmenere Gran Reserva 2013";"Koyle Carmenere Gran Reserva";"2013";"199.9";"0.75";"266.53";"RÃ¸dvin";"Glass";"14";"1.9038094"
"Vinmonopolet";"6975401";"Koyle Costa Quarzo Sauvignon Blanc 2016";"Koyle Costa Quarzo Sauvignon Blanc";"2016";"189.9";"0.75";"253.2";"White wine";"Glass";"13";"1.9476923"
"Vinmonopolet";"6975501";"Koyle Cabernet Sauvignon Gran Reserva 2013";"Koyle Cabernet Sauvignon Gran Reserva";"2013";"199.9";"0.75";"266.53";"RÃ¸dvin";"Glass";"14";"1.9038094"
"Vinmonopolet";"6975701";"Elgin Ridge Sauvignon Blanc 2016";"Elgin Ridge Sauvignon Blanc";"2016";"212";"0.75";"282.67";"White wine";"Glass";"14.5";"1.9494253"
"Vinmonopolet";"6976201";"R. Pouillon Chemin du Bois 2009";"R. Pouillon Chemin du Bois";"2009";"725";"0.75";"966.67";"Champagne extra brut";"Glass";"12";"8.055555"
"Vinmonopolet";"6976505";"Massolino Barolo Vigna Rionda X Anni Riserva 2006";"Massolino Barolo Vigna Rionda X Anni Riserva";"2006";"2125";"1.5";"1416.67";"RÃ¸dvin";"Glass";"14";"10.119047"
"Vinmonopolet";"6976701";"The Arran 18 YO";"The Arran 18 YO";"0";"1189";"0.7";"1698.57";"Whisky";"Glass";"46";"3.6925466"
"Vinmonopolet";"6976902";"Bivrost Vodka";"Bivrost Vodka";"0";"389.9";"0.5";"779.8";"Vodka";"Glass";"40";"1.9495"
"Vinmonopolet";"6977301";"ViÃ±a DoÃ±a Dolores Chardonnay 2015";"ViÃ±a DoÃ±a Dolores Chardonnay";"2015";"199.9";"0.75";"266.53";"White wine";"Glass";"12";"2.221111"
"Vinmonopolet";"6977401";"ViÃ±a DoÃ±a Dolores Tinto Crianza 2014";"ViÃ±a DoÃ±a Dolores Tinto Crianza";"2014";"199.9";"0.75";"266.53";"RÃ¸dvin";"Glass";"12";"2.221111"
"Vinmonopolet";"6977501";"DeLoach Pinot Noir Russian River Valley 2016";"DeLoach Pinot Noir Russian River Valley";"2016";"299.9";"0.75";"399.87";"RÃ¸dvin";"Glass";"14.5";"2.7577012"
"Vinmonopolet";"6977701";"Von-Oetinger Erbach Marcobrunn Riesling GG 2014";"Von-Oetinger Erbach Marcobrunn Riesling GG";"2014";"312.4";"0.75";"416.53";"White wine";"Glass";"12.5";"3.3322666"
"Vinmonopolet";"6978101";"Jean-Paul Brun Beaujolais Le Ronsay 2019";"Jean-Paul Brun Beaujolais Le Ronsay";"2019";"179.9";"0.75";"239.87";"RÃ¸dvin";"Glass";"12";"1.9988889"
"Vinmonopolet";"6978301";"Antica Cascina dei Conti di Roero Maria Teresa Brut RosÃ©";"Antica Cascina dei Conti di Roero Maria Teresa Brut RosÃ©";"0";"232.9";"0.75";"310.53";"Musserende vin, rosÃ©";"Glass";"12.5";"2.4842665"
"Vinmonopolet";"6978702";"Markus Molitor Zeltinger Sonnenuhr Riesling Beerenauslese* 2010";"Markus Molitor Zeltinger Sonnenuhr Riesling Beerenauslese*";"2010";"575.2";"0.38";"1533.87";"White wine";"Glass";"6";"25.228071"
"Vinmonopolet";"6978901";"Tyler Dierberg Vineyard Block 5 Pinot Noir 2016";"Tyler Dierberg Vineyard Block 5 Pinot Noir";"2016";"699";"0.75";"932";"RÃ¸dvin";"Glass";"13";"7.169231"
"Vinmonopolet";"6979001";"Tyler La Encantada Pinot Noir 2014";"Tyler La Encantada Pinot Noir";"2014";"549.9";"0.75";"733.2";"RÃ¸dvin";"Glass";"13";"5.6400003"
"Vinmonopolet";"6979201";"Tyler Zotovich Family Vineyard Chardonnay 2015";"Tyler Zotovich Family Vineyard Chardonnay";"2015";"639.9";"0.75";"853.2";"White wine";"Glass";"12.5";"6.8256"
"Vinmonopolet";"6979501";"Luis Seabra Xisto Ilimitado 2017";"Luis Seabra Xisto Ilimitado";"2017";"219.9";"0.75";"293.2";"RÃ¸dvin";"Glass";"13";"2.2553844"
"Vinmonopolet";"6979801";"Terroir al Limit Muscat Vinum Verum 2016";"Terroir al Limit Muscat Vinum Verum";"2016";"499.9";"0.75";"666.53";"White wine";"Glass";"13";"5.1271796"
"Vinmonopolet";"6979901";"Terroir al Limit Roc d'Aubaga Vinum Verum 2017";"Terroir al Limit Roc d'Aubaga Vinum Verum";"2017";"499.9";"0.75";"666.53";"RosÃ©vin";"Glass";"12.5";"5.332267"
"Vinmonopolet";"6980402";"Geiranger Bryggeri BÃ¸lga IPA";"Geiranger Bryggeri BÃ¸lga IPA";"0";"58.9";"0.33";"178.49";"India pale ale";"Glass";"7";"2.5497835"
"Vinmonopolet";"6980502";"Geiranger Bryggeri HelvetesgjÃ¸let Quadrupel";"Geiranger Bryggeri HelvetesgjÃ¸let Quadrupel";"0";"88.9";"0.33";"269.39";"Trappist";"Glass";"10";"2.6939394"
"Vinmonopolet";"6981401";"Dramm Licorice Cream";"Dramm Licorice Cream";"0";"239.9";"0.7";"342.71";"LikÃ¸r";"Glass";"14.5";"2.3635468"
"Vinmonopolet";"6981601";"Medici Ermete Concerto Reggiano Lambrusco Frizzante 2018";"Medici Ermete Concerto Reggiano Lambrusco Frizzante";"2018";"179.9";"0.75";"239.87";"Perlende vin, rÃ¸d";"Glass";"11.5";"2.085797"
"Vinmonopolet";"6981701";"Duquai VSOP";"Duquai VSOP";"0";"499.9";"0.7";"714.14";"Grape spirit";"Glass";"40";"1.7853571"
"Vinmonopolet";"6981801";"Ten. Viglione The Eco Zin Zinfandel 2015";"Ten. Viglione The Eco Zin Zinfandel";"2015";"129.9";"0.75";"173.2";"RÃ¸dvin";"Glass";"13";"1.3323076"
"Vinmonopolet";"6982101";"Agostino Pavia Barbera d'Asti La Marecialla Superiore";"Agostino Pavia Barbera d'Asti La Marecialla Superiore";"0";"299.4";"0.75";"399.2";"RÃ¸dvin";"Glass";"13";"3.070769"
"Vinmonopolet";"6982401";"Corbon Ã Avize Grand Cru MillÃ©sime Brut 2005";"Corbon Ã Avize Grand Cru MillÃ©sime Brut";"2005";"669.4";"0.75";"892.53";"Champagne, brut";"Glass";"12";"7.437778"
"Vinmonopolet";"6982502";"NÃ¸isom BringebÃ¦r og Chili Stout";"NÃ¸isom BringebÃ¦r og Chili Stout";"0";"78.3";"0.5";"156.6";"Porter and stout";"Glass";"9.2";"1.7021741"
"Vinmonopolet";"6982801";"Moutardier Brut 2008";"Moutardier Brut";"2008";"499.9";"0.75";"666.53";"Champagne, brut";"Glass";"12";"5.5544443"
"Vinmonopolet";"6982902";"Founders KBS Bourbon Barrel Aged Stout 2016";"Founders KBS Bourbon Barrel Aged Stout";"2016";"89.9";"0.35";"253.24";"Porter and stout";"Glass";"11.9";"2.1584635"
"Vinmonopolet";"6983901";"Lioco Sonoma Coast Pinot Noir Laguna 2017";"Lioco Sonoma Coast Pinot Noir Laguna";"2017";"504";"0.75";"672";"RÃ¸dvin";"Glass";"13.4";"5.0149255"
"Vinmonopolet";"6984001";"LIOCO Sonoma County Chardonnay 2017";"LIOCO Sonoma County Chardonnay";"2017";"354";"0.75";"472";"White wine";"Glass";"13.7";"3.4452555"
"Vinmonopolet";"6984101";"Lioco Demuth Chardonnay 2015";"Lioco Demuth Chardonnay";"2015";"594";"0.75";"792";"White wine";"Glass";"13.3";"5.954887"
"Vinmonopolet";"6984201";"Cafaggio Toscana Sangiovese 2018";"Cafaggio Toscana Sangiovese";"2018";"149.9";"0.75";"199.87";"RÃ¸dvin";"Glass";"12.5";"1.5989332"
"Vinmonopolet";"6984301";"Val de Mercy Chablis 2015";"Val de Mercy Chablis";"2015";"224.9";"0.75";"299.87";"White wine";"Glass";"12.5";"2.3989332"
"Vinmonopolet";"6984401";"Lady Saga Barbera 2014";"Lady Saga Barbera";"2014";"139.9";"0.75";"186.53";"RÃ¸dvin";"Glass";"13";"1.4348717"
"Vinmonopolet";"6984501";"Giacosa Fratelli Dolcetto d'Alba Madonna Como 2017";"Giacosa Fratelli Dolcetto d'Alba Madonna Como";"2017";"179.9";"0.75";"239.87";"RÃ¸dvin";"Glass";"14";"1.7133332"
"Vinmonopolet";"6984601";"Allendorf Quercus Pinot Noir 2014";"Allendorf Quercus Pinot Noir";"2014";"219.8";"0.75";"293.07";"RÃ¸dvin";"Glass";"13.5";"2.1708643"
"Vinmonopolet";"6984805";"Rocca Barolo Bricco Ravera 2009";"Rocca Barolo Bricco Ravera";"2009";"799.9";"1.5";"533.27";"RÃ¸dvin";"Glass";"14.5";"3.6777012"
"Vinmonopolet";"6984901";"Prieto Pariente 2014";"Prieto Pariente";"2014";"260.9";"0.75";"347.87";"RÃ¸dvin";"Glass";"14";"2.484762"
"Vinmonopolet";"6985101";"SchÃ¤tzel Riesling Pettenthal GG 2015";"SchÃ¤tzel Riesling Pettenthal GG";"2015";"1375.4";"0.75";"1833.87";"White wine";"Glass";"11.5";"15.946667"
"Vinmonopolet";"6985305";"SchÃ¤tzel ViniNor Nierstein Riesling 2013";"SchÃ¤tzel ViniNor Nierstein Riesling";"2013";"882.7";"1.5";"588.47";"White wine";"Glass";"11.5";"5.1171017"
"Vinmonopolet";"6985501";"Traversa Barbaresco Canova 2013";"Traversa Barbaresco Canova";"2013";"362";"0.75";"482.67";"RÃ¸dvin";"Glass";"14";"3.447619"
"Vinmonopolet";"6986001";"FÃ¼rst Pur Mineral Silvaner Trocken 2018";"FÃ¼rst Pur Mineral Silvaner Trocken";"2018";"198.9";"0.75";"265.2";"White wine";"Glass";"12.5";"2.1216"
"Vinmonopolet";"6986101";"MoltÃ³ Negre Cava Brut";"MoltÃ³ Negre Cava Brut";"0";"271.8";"0.75";"362.4";"Musserende vin, rosÃ©";"Glass";"11.5";"3.1513042"
"Vinmonopolet";"6986201";"Maquinon 2016";"Maquinon";"2016";"270.9";"0.75";"361.2";"RÃ¸dvin";"Glass";"14";"2.58"
"Vinmonopolet";"6986301";"Alexander VS The Ham Factory 2016";"Alexander VS The Ham Factory";"2016";"424.6";"0.75";"566.13";"RÃ¸dvin";"Glass";"14";"4.0438094"
"Vinmonopolet";"6986401";"The Orange Republic Godello Valdeorras 2017";"The Orange Republic Godello Valdeorras";"2017";"280.9";"0.75";"374.53";"White wine";"Glass";"13.5";"2.7743208"
"Vinmonopolet";"6986501";"Lensmandsaquavit";"Lensmandsaquavit";"0";"484.9";"0.7";"692.71";"Aquavit";"Glass";"41.5";"1.669191"
"Vinmonopolet";"6986701";"MMC1 MoÃ»t MutÃ© au Cognac";"MMC1 MoÃ»t MutÃ© au Cognac";"0";"449";"0.75";"598.67";"Fortified wine";"Glass";"17.5";"3.4209523"
"Vinmonopolet";"6986801";"MMC3 MoÃ»t MutÃ© au Cognac 1979";"MMC3 MoÃ»t MutÃ© au Cognac";"1979";"810";"0.75";"1080";"Fortified wine";"Glass";"17.5";"6.1714287"
"Vinmonopolet";"6988602";"Wettre Imperial Brown Cheese Stout";"Wettre Imperial Brown Cheese Stout";"0";"105";"0.5";"210";"Porter and stout";"Glass";"8";"2.625"
"Vinmonopolet";"6988801";"The Kincardine by Adelphi";"The Kincardine by Adelphi";"0";"1689";"0.7";"2412.86";"Whisky";"Glass";"52.9";"4.561167"
"Vinmonopolet";"6989101";"Kompis Soave Classico 2015";"Kompis Soave Classico";"2015";"134.7";"0.75";"179.6";"White wine";"Glass";"12.5";"1.4368"
"Vinmonopolet";"6989702";"Cervisiam Bhuthurt Imperial Maple Stout";"Cervisiam Bhuthurt Imperial Maple Stout";"0";"94.9";"0.33";"287.58";"Porter and stout";"Glass";"12";"2.3964646"
"Vinmonopolet";"6989802";"Oskar Blues Hotbox Coffee Porter";"Oskar Blues Hotbox Coffee Porter";"0";"61.9";"0.35";"174.37";"Porter and stout";"Metall";"6.5";"2.7208793"
"Vinmonopolet";"6990802";"Hitachino Nest Espresso Stout";"Hitachino Nest Espresso Stout";"0";"58.9";"0.33";"178.49";"Porter and stout";"Glass";"7";"2.5497835"
"Vinmonopolet";"6991501";"Emidio Pepe Montepulciano dÂ´Abruzzo 1983";"Emidio Pepe Montepulciano dÂ´Abruzzo";"1983";"3299.9";"0.75";"4399.87";"RÃ¸dvin";"Glass";"13.5";"32.591602"
"Vinmonopolet";"6991601";"Anna de CodornÃ­u Organic Brut";"Anna de CodornÃ­u Organic Brut";"0";"159.9";"0.75";"213.2";"Sparkling wine";"Glass";"11.5";"1.853913"
"Vinmonopolet";"6991701";"Villa Job Serious 2018";"Villa Job Serious";"2018";"315";"0.75";"420";"RÃ¸dvin";"Glass";"13";"3.2307692"
"Vinmonopolet";"6991801";"Villa Job Untitled 2018";"Villa Job Untitled";"2018";"315";"0.75";"420";"White wine";"Glass";"13";"3.2307692"
"Vinmonopolet";"6992301";"Rodenbach Alexander";"Rodenbach Alexander";"0";"164.9";"0.75";"219.87";"SurÃ¸l";"Glass";"5.6";"3.9261904"
"Vinmonopolet";"6992401";"RÃ¥stoff Ren Lakrids";"RÃ¥stoff Ren Lakrids";"2016";"234.9";"0.7";"335.57";"LikÃ¸r";"Glass";"16.4";"2.0461674"
"Vinmonopolet";"6992708";"SmÃ¥ Partymix (5x2cl)";"SmÃ¥ Partymix (5x2cl)";"0";"99.9";"0.1";"999";"LikÃ¸r";"Ãvrig";"16.4";"6.0914636"
"Vinmonopolet";"6992802";"Aja Saison terroir";"Aja Saison terroir";"0";"44.9";"0.33";"136.06";"Saison farmhouse ale";"Glass";"5.3";"2.567181"
"Vinmonopolet";"6992901";"Glazen Toren Canaster Winterscotch";"Glazen Toren Canaster Winterscotch";"0";"149.9";"0.75";"199.87";"Scotch ale";"Glass";"8.7";"2.297318"
"Vinmonopolet";"6993101";"Paul Devoille Libertine Fleur d'Absinthe";"Paul Devoille Libertine Fleur d'Absinthe";"0";"921";"0.7";"1315.71";"Other spirit";"Glass";"60";"2.1928573"
"Vinmonopolet";"6993201";"Paul Devoille Libertine Absinthe";"Paul Devoille Libertine Absinthe";"0";"862";"0.7";"1231.43";"Other spirit";"Glass";"55";"2.238961"
"Vinmonopolet";"6993301";"Jadot RÃ©sonance Vineyard Pinot Noir 2014";"Jadot RÃ©sonance Vineyard Pinot Noir";"2014";"549.2";"0.75";"732.27";"RÃ¸dvin";"Glass";"13";"5.6328206"
"Vinmonopolet";"6993402";"Churchill's 30 YO Tawny Port";"Churchill's 30 YO Tawny Port";"0";"639.9";"0.5";"1279.8";"Port wine";"Glass";"19.5";"6.563077"
"Vinmonopolet";"6993901";"La Paonnerie Simplement Gamay 2018";"La Paonnerie Simplement Gamay";"2018";"259";"0.75";"345.33";"RÃ¸dvin";"Glass";"12.5";"2.7626667"
"Vinmonopolet";"6995401";"Wanted Zin 2018";"Wanted Zin";"2018";"149.9";"0.75";"199.87";"RÃ¸dvin";"Glass";"14.5";"1.3783908"
"Vinmonopolet";"6995406";"Wanted Zin 2019";"Wanted Zin";"2019";"479.9";"3";"159.97";"RÃ¸dvin";"Bag-in-box";"14.5";"1.1032184"
"Vinmonopolet";"6995501";"Giusti Valpolicella Ripasso Superiore 2013";"Giusti Valpolicella Ripasso Superiore";"2013";"277.2";"0.75";"369.6";"RÃ¸dvin";"Glass";"14";"2.64"
"Vinmonopolet";"6995601";"Giusti Amarone della Valpolicella Classico 2012";"Giusti Amarone della Valpolicella Classico";"2012";"549.8";"0.75";"733.07";"RÃ¸dvin";"Glass";"16.5";"4.442828"
"Vinmonopolet";"6996001";"El Gordo Del Circo Verdejo 2015";"El Gordo Del Circo Verdejo";"2015";"234.9";"0.75";"313.2";"White wine";"Glass";"13.5";"2.32"
"Vinmonopolet";"6996201";"Mud House Sauvignon Blanc RosÃ© 2019";"Mud House Sauvignon Blanc RosÃ©";"2019";"139.9";"0.75";"186.53";"RosÃ©vin";"Glass";"12.5";"1.4922667"
"Vinmonopolet";"6996701";"Xavier Schneider Alcace Grand Cru Gewurztraminer Goldert 2013";"Xavier Schneider Alcace Grand Cru Gewurztraminer Goldert";"2013";"364.4";"0.75";"485.87";"White wine";"Glass";"13.5";"3.5990124"
"Vinmonopolet";"6996801";"Schneider Cremant d'Alsace";"Schneider Cremant d'Alsace";"0";"308.5";"0.75";"411.33";"Musserende vin, rosÃ©";"Glass";"12";"3.4277778"
"Vinmonopolet";"6996901";"Xavier Schneider Alcase Grand Cru Riesling Goldert 2013";"Xavier Schneider Alcase Grand Cru Riesling Goldert";"2013";"359.4";"0.75";"479.2";"White wine";"Glass";"12.5";"3.8336"
"Vinmonopolet";"6997001";"Schneider Alsace Pinot Gris Grand Cru Goldert 2015";"Schneider Alsace Pinot Gris Grand Cru Goldert";"2015";"375.5";"0.75";"500.67";"White wine";"Glass";"13";"3.8512821"
"Vinmonopolet";"6997101";"Inga Sarpsborg";"Inga Sarpsborg";"0";"119";"0.75";"158.67";"White wine";"Glass";"12.5";"1.2693334"
"Vinmonopolet";"6997202";"Medoff Classic";"Medoff Classic";"0";"244.5";"0.5";"489";"Vodka";"Glass";"40";"1.2225"
"Vinmonopolet";"6997306";"Geil Riesling";"Geil Riesling";"2019";"439";"3";"146.33";"White wine";"Bag-in-box";"10.5";"1.3936508"
"Vinmonopolet";"7011501";"Hardy Diamant";"Hardy Diamant";"0";"8900";"0.7";"12714.29";"Grape spirit";"Glass";"40";"31.785715"
"Vinmonopolet";"7018701";"F.lli. Giacosa Langhe Nebbiolo Leunin 2018";"F.lli. Giacosa Langhe Nebbiolo Leunin";"2018";"177.9";"0.75";"237.2";"RÃ¸dvin";"Glass";"14";"1.6942856"
"Vinmonopolet";"7019601";"Juillot Corton-PerriÃ¨res Grand Cru 2011";"Juillot Corton-PerriÃ¨res Grand Cru";"2011";"1049.9";"0.75";"1399.87";"RÃ¸dvin";"Glass";"13";"10.768206"
"Vinmonopolet";"7022302";"Northern Monk New World India Pale Ale";"Northern Monk New World India Pale Ale";"0";"53.9";"0.33";"157.27";"India pale ale";"Emballasje med pant";"6.2";"2.6344087"
"Vinmonopolet";"7022702";"Northern Monk Northern Star Mocha Porter";"Northern Monk Northern Star Mocha Porter";"0";"51.9";"0.33";"151.21";"Porter and stout";"Emballasje med pant";"5.2";"3.0244756"
"Vinmonopolet";"7022901";"Georg Breuer Berg Rottland Riesling 2017";"Georg Breuer Berg Rottland Riesling";"2017";"429.4";"0.75";"572.53";"White wine";"Glass";"12.5";"4.5802665"
"Vinmonopolet";"7068101";"Castelnau Brut RÃ©serve";"Castelnau Brut RÃ©serve";"0";"358.9";"0.75";"478.53";"Champagne, brut";"Glass";"12.5";"3.8282666"
"Vinmonopolet";"7070001";"Castelnau Brut 2006";"Castelnau Brut";"2006";"478.9";"0.75";"638.53";"Champagne, brut";"Glass";"12.5";"5.108267"
"Vinmonopolet";"7070101";"Castelnau Bl. de Bl. Brut 2004";"Castelnau Bl. de Bl. Brut";"2004";"519.9";"0.75";"693.2";"Champagne, brut";"Glass";"12.5";"5.5456004"
"Vinmonopolet";"7075901";"Santero 958 Ice Moscato Dry";"Santero 958 Ice Moscato Dry";"0";"68.8";"0.75";"91.73";"Sparkling wine";"Glass";"11";"0.83393943"
"Vinmonopolet";"7092901";"Santero DilÃ© Bianco";"Santero DilÃ© Bianco";"0";"159.9";"0.75";"213.2";"White wine";"Glass";"12.5";"1.7055999"
"Vinmonopolet";"7095801";"Santero DilÃ© Rosa";"Santero DilÃ© Rosa";"0";"159.3";"0.75";"212.4";"RosÃ©vin";"Glass";"12";"1.77"
"Vinmonopolet";"7097401";"Ch. de Montifaud Vieux Pineau des Charentes Blanc";"Ch. de Montifaud Vieux Pineau des Charentes Blanc";"0";"309.9";"0.75";"413.2";"Fortified wine";"Glass";"17";"2.4305882"
"Vinmonopolet";"7097601";"Hardy Noces dÂ´Albatre";"Hardy Noces dÂ´Albatre";"0";"17500";"0.7";"25000";"Grape spirit";"Glass";"40";"62.5"
"Vinmonopolet";"7104501";"Niepoort Redoma Reserva Branco 2016";"Niepoort Redoma Reserva Branco";"2016";"429.9";"0.75";"573.2";"White wine";"Glass";"11";"5.210909"
"Vinmonopolet";"7107401";"Peter & Paul Pet Nat 2018";"Peter & Paul Pet Nat";"2018";"204.9";"0.75";"273.2";"Sparkling white wine";"Glass";"10.5";"2.6019046"
"Vinmonopolet";"7108901";"Peter & Paul GrÃ¼ner Veltliner 2018";"Peter & Paul GrÃ¼ner Veltliner";"2018";"174.9";"0.75";"233.2";"White wine";"Glass";"11.5";"2.027826"
"Vinmonopolet";"7124301";"Louis Latour Chassagne-Montrachet Premier Cru 2017";"Louis Latour Chassagne-Montrachet Premier Cru";"2017";"569";"0.75";"758.67";"White wine";"Glass";"13.5";"5.619753"
"Vinmonopolet";"7127301";"Odinstal Riesling Muschelkalk 2016";"Odinstal Riesling Muschelkalk";"2016";"399";"0.75";"532";"White wine";"Glass";"12.5";"4.256"
"Vinmonopolet";"7143901";"Jonty's Ducks Pekin White 2017";"Jonty's Ducks Pekin White";"2017";"224.9";"0.75";"299.87";"White wine";"Glass";"13.5";"2.2212346"
"Vinmonopolet";"7155102";"Harviestoun Brewery Old Engine Oil Porter";"Harviestoun Brewery Old Engine Oil Porter";"0";"44.9";"0.33";"136.06";"Porter and stout";"Glass";"6";"2.2676768"
"Vinmonopolet";"7156401";"Avaniel Tempranillo Joven 2015";"Avaniel Tempranillo Joven";"2015";"179";"0.75";"238.67";"RÃ¸dvin";"Glass";"14";"1.7047619"
"Vinmonopolet";"7156501";"Primoris Totningen Rosso Salento 2017";"Primoris Totningen Rosso Salento";"2017";"159.8";"0.75";"213.07";"RÃ¸dvin";"Glass";"13";"1.6389744"
"Vinmonopolet";"7156601";"Primoris Bergen Kjuagutten Rosso Salento 2017";"Primoris Bergen Kjuagutten Rosso Salento";"2017";"159.8";"0.75";"213.07";"RÃ¸dvin";"Glass";"13";"1.6389744"
"Vinmonopolet";"7156701";"Corbon Ã Avize Grand Cru MillÃ©sime Brut 2006";"Corbon Ã Avize Grand Cru MillÃ©sime Brut";"2006";"549.4";"0.75";"732.53";"Champagne, brut";"Glass";"12";"6.1044445"
"Vinmonopolet";"7156801";"R. H. Coutier Brut Grand Cru";"R. H. Coutier Brut Grand Cru";"0";"390.1";"0.75";"520.13";"Champagne, brut";"Glass";"12";"4.3344445"
"Vinmonopolet";"7157301";"Latium Campo Prognai Valpolicella Superiore 2013";"Latium Campo Prognai Valpolicella Superiore";"2013";"159.9";"0.75";"213.2";"RÃ¸dvin";"Glass";"15";"1.4213333"
"Vinmonopolet";"7159101";"Chanin Bien Nacido Pinot Noir 2017";"Chanin Bien Nacido Pinot Noir";"2017";"549.9";"0.75";"733.2";"RÃ¸dvin";"Glass";"12.5";"5.8656"
"Vinmonopolet";"7159201";"Chanin Bien Nacido Vineyard Chardonnay 2017";"Chanin Bien Nacido Vineyard Chardonnay";"2017";"499.9";"0.75";"666.53";"White wine";"Glass";"12.5";"5.332267"
"Vinmonopolet";"7159701";"Von Buhl Forster Jesuitengarten Riesling Grosse Lage 2017";"Von Buhl Forster Jesuitengarten Riesling Grosse Lage";"2017";"589.9";"0.75";"786.53";"White wine";"Glass";"13";"6.0502567"
"Vinmonopolet";"7159801";"Von Buhl Forster Pechstein Riesling GL 2016";"Von Buhl Forster Pechstein Riesling GL";"2016";"549.9";"0.75";"733.2";"White wine";"Glass";"13";"5.6400003"
"Vinmonopolet";"7159901";"Von Buhl Forster FreundstÃ¼ck Riesling GG 2017";"Von Buhl Forster FreundstÃ¼ck Riesling GG";"2017";"549.9";"0.75";"733.2";"White wine";"Glass";"13";"5.6400003"
"Vinmonopolet";"7160101";"Corimbo 1 2011";"Corimbo 1";"2011";"440";"0.75";"586.67";"RÃ¸dvin";"Glass";"14.5";"4.045977"
"Vinmonopolet";"7160501";"Von Buhl Ruppertsberger Reiterpfad HofstÃ¼ck Riesling Grosse Lage 2017";"Von Buhl Ruppertsberger Reiterpfad HofstÃ¼ck Riesling Grosse Lage";"2017";"559.9";"0.75";"746.53";"White wine";"Glass";"12.5";"5.972267"
"Vinmonopolet";"7160601";"Dolin Bonal Gentiane-Quina";"Dolin Bonal Gentiane-Quina";"0";"229.9";"0.75";"306.53";"Flavoured wine	";"Glass";"16";"1.9158332"
"Vinmonopolet";"7160901";"Anzivino Gattinara 2012";"Anzivino Gattinara";"2012";"269.9";"0.75";"359.87";"RÃ¸dvin";"Glass";"13.5";"2.665679"
"Vinmonopolet";"7161001";"Anzivino Coste della Sesia Nebbiolo 2014";"Anzivino Coste della Sesia Nebbiolo";"2014";"219.9";"0.75";"293.2";"RÃ¸dvin";"Glass";"13.5";"2.1718519"
"Vinmonopolet";"7161301";"Craven Cinsaut 2018";"Craven Cinsaut";"2018";"289.9";"0.75";"386.53";"RÃ¸dvin";"Glass";"12.5";"3.0922666"
"Vinmonopolet";"7161401";"Craven Karibib Chenin Blanc 2019";"Craven Karibib Chenin Blanc";"2019";"284.9";"0.75";"379.87";"White wine";"Glass";"13";"2.9220512"
"Vinmonopolet";"7161501";"Brun Morgon CÃ´te du Py JaverniÃ¨res 2018";"Brun Morgon CÃ´te du Py JaverniÃ¨res";"2018";"299.9";"0.75";"399.87";"RÃ¸dvin";"Glass";"12.5";"3.1989334"
"Vinmonopolet";"7161601";"Jean-Paul Brun Saint-Amour 2017";"Jean-Paul Brun Saint-Amour";"2017";"279.9";"0.75";"373.2";"RÃ¸dvin";"Glass";"12.5";"2.9856"
"Vinmonopolet";"7161701";"Evil Twin-Westbrook Imperial Mexican Biscotti Cake Break 2017";"Evil Twin-Westbrook Imperial Mexican Biscotti Cake Break";"2017";"199";"0.65";"306.15";"Porter and stout";"Glass";"10.5";"2.915751"
"Vinmonopolet";"7162501";"Marimar Estate AlbariÃ±o 2016";"Marimar Estate AlbariÃ±o";"2016";"309.9";"0.75";"413.2";"White wine";"Glass";"13.5";"3.0607407"
"Vinmonopolet";"7162801";"Tamellini Extra Brut Millesimato 2010";"Tamellini Extra Brut Millesimato";"2010";"199.9";"0.75";"266.53";"Sparkling wine";"Glass";"12";"2.221111"
"Vinmonopolet";"7162901";"Ch. de Messey Macon-Cruzille Clos des Avoueries 2016";"Ch. de Messey Macon-Cruzille Clos des Avoueries";"2016";"129.6";"0.75";"172.8";"RosÃ©vin";"Glass";"12.5";"1.3824"
"Vinmonopolet";"7163003";"Szigeti RosÃ© Brut";"Szigeti RosÃ© Brut";"0";"69.9";"0.12";"559.2";"Musserende vin, rosÃ©";"Glass";"12";"4.854167"
"Vinmonopolet";"7163201";"Atenco Mezcal Espadin Joven";"Atenco Mezcal Espadin Joven";"0";"698.9";"0.7";"998.43";"Fruit spirit";"Glass";"45";"2.2187302"
"Vinmonopolet";"7164101";"Bouchard Les Deux Loup Coteaux Bourguignons 2015";"Bouchard Les Deux Loup Coteaux Bourguignons";"2015";"161.9";"0.75";"215.87";"White wine";"Glass";"12.5";"1.7269332"
"Vinmonopolet";"7164401";"Foillard Morgon Les Charmes Eponyme 2017";"Foillard Morgon Les Charmes Eponyme";"2017";"374.9";"0.75";"499.87";"RÃ¸dvin";"Glass";"14";"3.570476"
"Vinmonopolet";"7165201";"Rappenhof Oppenheimer Riesling Trocken 2017";"Rappenhof Oppenheimer Riesling Trocken";"2017";"199.9";"0.75";"266.53";"White wine";"Glass";"12.5";"2.1322665"
"Vinmonopolet";"7179801";"Redbreast";"Redbreast";"0";"559.9";"0.7";"799.86";"Whisky";"Glass";"40";"1.999643"
"Vinmonopolet";"7179901";"Villa Pillo Cingalino Rosso di Toscana 2017";"Villa Pillo Cingalino Rosso di Toscana";"2017";"169.6";"0.75";"226.13";"RÃ¸dvin";"Glass";"13.5";"1.6750618"
"Vinmonopolet";"7188705";"Gaston Chiquet Tradition Premier Cru Brut";"Gaston Chiquet Tradition Premier Cru Brut";"0";"849";"1.5";"566";"Champagne, brut";"Glass";"12.5";"4.528"
"Vinmonopolet";"7197102";"Alhambra Reserva";"Alhambra Reserva";"0";"38.9";"0.33";"117.88";"Light lager";"Glass";"6.4";"1.841856"
"Vinmonopolet";"7207702";"Paulaner Dunkel";"Paulaner Dunkel";"0";"49.9";"0.5";"99.8";"HveteÃ¸l";"Glass";"5.3";"1.8830189"
"Vinmonopolet";"7224801";"Eikendal Pinotage 2017";"Eikendal Pinotage";"2017";"267.8";"0.75";"357.07";"RÃ¸dvin";"Glass";"13";"2.7466664"
"Vinmonopolet";"7251501";"Agostino Barbera d'Asti Bricco Blina";"Agostino Barbera d'Asti Bricco Blina";"0";"199.9";"0.75";"266.53";"RÃ¸dvin";"Glass";"13.5";"1.9743209"
"Vinmonopolet";"7255105";"Laurent Perrier RosÃ© Brut";"Laurent Perrier RosÃ© Brut";"0";"1290";"1.5";"860";"Champagne, rosÃ©";"Glass";"12";"7.1666665"
"Vinmonopolet";"7262304";"Dunes & Greene Moscato Split Pick";"Dunes & Greene Moscato Split Pick";"0";"37.9";"0.2";"189.5";"Musserende vin, rosÃ©";"Glass";"8.5";"2.2294118"
"Vinmonopolet";"7262601";"Ch. Soucherie SavenniÃ¨res Clos des Perrieres 2014";"Ch. Soucherie SavenniÃ¨res Clos des Perrieres";"2014";"285";"0.75";"380";"White wine";"Glass";"13";"2.9230769"
"Vinmonopolet";"7262905";"Silvia Rivella Barbaresco 2014";"Silvia Rivella Barbaresco";"2014";"1250";"1.5";"833.33";"RÃ¸dvin";"Glass";"14";"5.952381"
"Vinmonopolet";"7263301";"Meloso Tempranillo Joven 2018";"Meloso Tempranillo Joven";"2018";"149";"0.75";"198.67";"RÃ¸dvin";"Glass";"14";"1.4190476"
"Vinmonopolet";"7263401";"Antoniolo Gattinara San Francesco 2013";"Antoniolo Gattinara San Francesco";"2013";"549";"0.75";"732";"RÃ¸dvin";"Glass";"13.5";"5.422222"
"Vinmonopolet";"7263501";"Clos du Moulin aux Moines Pommard 2016";"Clos du Moulin aux Moines Pommard";"2016";"489.9";"0.75";"653.2";"RÃ¸dvin";"Glass";"12.5";"5.2256"
"Vinmonopolet";"7264406";"Riva Leone Barbera 2019";"Riva Leone Barbera";"2019";"269.9";"1.5";"179.93";"RÃ¸dvin";"Pouch";"13";"1.3841026"
"Vinmonopolet";"7264601";"La Dame de Malescot 2014";"La Dame de Malescot";"2014";"369.9";"0.75";"493.2";"RÃ¸dvin";"Glass";"13.5";"3.6533332"
"Vinmonopolet";"7264701";"Markus Molitor Graacher Himmelreich Riesling SpÃ¤tlese Feinherb 2017";"Markus Molitor Graacher Himmelreich Riesling SpÃ¤tlese Feinherb";"2017";"229.8";"0.75";"306.4";"White wine";"Glass";"9.5";"3.225263"
"Vinmonopolet";"7264901";"Markus Molitor Bernkasteler Badstube Riesling Kabinett Feinherb 2018";"Markus Molitor Bernkasteler Badstube Riesling Kabinett Feinherb";"2018";"199.9";"0.75";"266.53";"White wine";"Glass";"9.5";"2.805614"
"Vinmonopolet";"7265001";"Markus Molitor Graacher Domprobst Riesling Kabinett TÃ¸rr 2018";"Markus Molitor Graacher Domprobst Riesling Kabinett TÃ¸rr";"2018";"214.9";"0.75";"286.53";"White wine";"Glass";"11";"2.6048484"
"Vinmonopolet";"7265101";"Markus Molitor Erdener Treppchen Riesling Auslese*** TÃ¸rr 2015";"Markus Molitor Erdener Treppchen Riesling Auslese*** TÃ¸rr";"2015";"615.4";"0.75";"820.53";"White wine";"Glass";"12";"6.837778"
"Vinmonopolet";"7265201";"Markus Molitor Zeltinger Sonnenuhr Riesling Kabinett TÃ¸rr - Fuder 6 â 2018";"Markus Molitor Zeltinger Sonnenuhr Riesling Kabinett TÃ¸rr - Fuder 6 â";"2018";"239.8";"0.75";"319.73";"White wine";"Glass";"10.5";"3.0450795"
"Vinmonopolet";"7265301";"Markus Molitor Wehlener Sonnenuhr Riesling SpÃ¤tlese 2017";"Markus Molitor Wehlener Sonnenuhr Riesling SpÃ¤tlese";"2017";"224.9";"0.75";"299.87";"White wine";"Glass";"7.5";"3.998222"
"Vinmonopolet";"7265401";"Markus Molitor Zeltinger Sonnenuhr Riesling SpÃ¤tlese 2015";"Markus Molitor Zeltinger Sonnenuhr Riesling SpÃ¤tlese";"2015";"220.3";"0.75";"293.73";"White wine";"Glass";"7.5";"3.9164445"
"Vinmonopolet";"7265501";"Markus Molitor Zeltinger Sonnenuhr Riesling SpÃ¤tlese TÃ¸rr 2015";"Markus Molitor Zeltinger Sonnenuhr Riesling SpÃ¤tlese TÃ¸rr";"2015";"225.2";"0.75";"300.27";"White wine";"Glass";"11";"2.729697"
"Vinmonopolet";"7265601";"Markus Molitor Zeltinger Sonnenuhr Riesling Auslese** 2017";"Markus Molitor Zeltinger Sonnenuhr Riesling Auslese**";"2017";"349.9";"0.75";"466.53";"White wine";"Glass";"7.5";"6.220444"
"Vinmonopolet";"7265701";"Markus Molitor Riesling Alte Reben TÃ¸rr 2018";"Markus Molitor Riesling Alte Reben TÃ¸rr";"2018";"239.9";"0.75";"319.87";"White wine";"Glass";"12";"2.6655555"
"Vinmonopolet";"7265901";"Markus Molitor Zeltinger Sonnenuhr Riesling Auslese*** 2015";"Markus Molitor Zeltinger Sonnenuhr Riesling Auslese***";"2015";"620.5";"0.75";"827.33";"White wine";"Glass";"7.5";"11.031111"
"Vinmonopolet";"7266001";"Markus Molitor Zeltinger Sonnenuhr Riesling Auslese TÃ¸rr*** 2015";"Markus Molitor Zeltinger Sonnenuhr Riesling Auslese TÃ¸rr***";"2015";"630.3";"0.75";"840.4";"White wine";"Glass";"12";"7.003333"
"Vinmonopolet";"7266101";"Markus Molitor Zeltinger Schlossberg Riesling Auslese*** 2015";"Markus Molitor Zeltinger Schlossberg Riesling Auslese***";"2015";"600.3";"0.75";"800.4";"White wine";"Glass";"7";"11.434285"
"Vinmonopolet";"7266501";"Markus Molitor Bernkasteler Lay Riesling Auslese** TÃ¸rr 2015";"Markus Molitor Bernkasteler Lay Riesling Auslese** TÃ¸rr";"2015";"340.3";"0.75";"453.73";"White wine";"Glass";"12";"3.781111"
"Vinmonopolet";"7266701";"Markus Molitor Ãrziger WÃ¼rzgarten Riesling Auslese*** 2015";"Markus Molitor Ãrziger WÃ¼rzgarten Riesling Auslese***";"2015";"600.3";"0.75";"800.4";"White wine";"Glass";"7.5";"10.672"
"Vinmonopolet";"7266801";"Markus Molitor Bernkasteler Badstube Riesling SpÃ¤tlese Feinherb 2018";"Markus Molitor Bernkasteler Badstube Riesling SpÃ¤tlese Feinherb";"2018";"239.9";"0.75";"319.87";"White wine";"Glass";"10.5";"3.046349"
"Vinmonopolet";"7266901";"Markus Molitor Haus Klosterberg Riesling Feinherb 2018";"Markus Molitor Haus Klosterberg Riesling Feinherb";"2018";"164.4";"0.75";"219.2";"White wine";"Glass";"11";"1.9927272"
"Vinmonopolet";"7267001";"Markus Molitor Kinheimer Hubertuslay Riesling Auslese*** TÃ¸rr 2017";"Markus Molitor Kinheimer Hubertuslay Riesling Auslese*** TÃ¸rr";"2017";"609.8";"0.75";"813.07";"White wine";"Glass";"11";"7.391515"
"Vinmonopolet";"7267101";"Markus Molitor Ãrziger WÃ¼rzgarten Riesling Auslese*** TÃ¸rr 2015";"Markus Molitor Ãrziger WÃ¼rzgarten Riesling Auslese*** TÃ¸rr";"2015";"615";"0.75";"820";"White wine";"Glass";"12";"6.8333335"
"Vinmonopolet";"7267201";"Markus Molitor Ãrziger WÃ¼rzgarten Riesling SpÃ¤tlese TÃ¸rr 2017";"Markus Molitor Ãrziger WÃ¼rzgarten Riesling SpÃ¤tlese TÃ¸rr";"2017";"234.8";"0.75";"313.07";"White wine";"Glass";"11";"2.8460608"
"Vinmonopolet";"7267401";"Markus Molitor Bernkasteler Lay Riesling Auslese*** 2015";"Markus Molitor Bernkasteler Lay Riesling Auslese***";"2015";"600.3";"0.75";"800.4";"White wine";"Glass";"7.5";"10.672"
"Vinmonopolet";"7267501";"Saint Mont TÃ©moignage 2015";"Saint Mont TÃ©moignage";"2015";"154.9";"0.75";"206.53";"White wine";"Glass";"13";"1.5887179"
"Vinmonopolet";"7267701";"Black Stallion Los Carneros Pinot Noir 2016";"Black Stallion Los Carneros Pinot Noir";"2016";"299.9";"0.75";"399.87";"RÃ¸dvin";"Glass";"14.5";"2.7577012"
"Vinmonopolet";"7267801";"Pino Pino Vino Frizzante Pinot Noir RosÃ©";"Pino Pino Vino Frizzante Pinot Noir RosÃ©";"0";"149.9";"0.75";"199.87";"Perlende vin, rosÃ©";"Glass";"11.5";"1.737971"
"Vinmonopolet";"7267901";"Pino Pino Vino Frizzante Pinot Noir";"Pino Pino Vino Frizzante Pinot Noir";"0";"149.9";"0.75";"199.87";"Sparkling white wine";"Glass";"11.5";"1.737971"
"Vinmonopolet";"7268001";"Gnarly Head Pinot Noir 2017";"Gnarly Head Pinot Noir";"2017";"154.9";"0.75";"206.53";"RÃ¸dvin";"Glass";"13.5";"1.5298765"
"Vinmonopolet";"7268006";"Gnarly Head Pinot Noir";"Gnarly Head Pinot Noir";"2019";"474.9";"3";"158.3";"RÃ¸dvin";"Bag-in-box";"13.5";"1.1725925"
"Vinmonopolet";"7268101";"Royal Tokaji Dry Furmint Vineyard Selection 2015";"Royal Tokaji Dry Furmint Vineyard Selection";"2015";"239.9";"0.75";"319.87";"White wine";"Glass";"13";"2.4605129"
"Vinmonopolet";"7268201";"Meffre Ch. Grand Escalion CostiÃ¨res de NÃ®mes 2016";"Meffre Ch. Grand Escalion CostiÃ¨res de NÃ®mes";"2016";"184.9";"0.75";"246.53";"RosÃ©vin";"Glass";"13.5";"1.8261728"
"Vinmonopolet";"7269401";"Primoris Bergen Kjuagutten Bianco Spumante Extra Dry";"Primoris Bergen Kjuagutten Bianco Spumante Extra Dry";"0";"139";"0.75";"185.33";"Sparkling wine";"Glass";"11.5";"1.6115942"
"Vinmonopolet";"7269501";"Primoris Bergen Kjuagutten Vespaiolo Breganze Superiore 2016";"Primoris Bergen Kjuagutten Vespaiolo Breganze Superiore";"2016";"155";"0.75";"206.67";"White wine";"Glass";"12.5";"1.6533333"
"Vinmonopolet";"7269601";"Primoris Voss Bianco Spumante Extra Dry";"Primoris Voss Bianco Spumante Extra Dry";"0";"159.6";"0.75";"212.8";"Sparkling wine";"Glass";"11.5";"1.8504349"
"Vinmonopolet";"7269701";"Primoris Totningen Bianco Spumante Extra Dry";"Primoris Totningen Bianco Spumante Extra Dry";"0";"159.6";"0.75";"212.8";"Sparkling wine";"Glass";"11.5";"1.8504349"
"Vinmonopolet";"7269801";"Primoris Voss Merlot Superiore Breganze 2015";"Primoris Voss Merlot Superiore Breganze";"2015";"165";"0.75";"220";"RÃ¸dvin";"Glass";"13";"1.6923077"
"Vinmonopolet";"7269901";"Primoris Totningen Veneto Chardonnay 2016";"Primoris Totningen Veneto Chardonnay";"2016";"154.7";"0.75";"206.27";"White wine";"Glass";"12";"1.7188889"
"Vinmonopolet";"7270001";"Primoris Voss Veneto Tai Pinot Grigio 2016";"Primoris Voss Veneto Tai Pinot Grigio";"2016";"165";"0.75";"220";"White wine";"Glass";"12";"1.8333334"
"Vinmonopolet";"7270102";"Himkok Aquavit";"Himkok Aquavit";"0";"439.9";"0.5";"879.8";"Aquavit";"Glass";"41";"2.1458535"
"Vinmonopolet";"7271102";"SmÃ¥ sure Sour Shot Bubble Fizz";"SmÃ¥ sure Sour Shot Bubble Fizz";"0";"159.9";"0.5";"319.8";"LikÃ¸r";"Plast";"16.4";"1.9499999"
"Vinmonopolet";"7271301";"Delord Bas Armagnac 25 ans";"Delord Bas Armagnac 25 ans";"0";"740";"0.7";"1057.14";"Grape spirit";"Glass";"40";"2.642857"
"Vinmonopolet";"7274802";"Ch. D'Yquem Sauternes 2009";"Ch. D'Yquem Sauternes";"2009";"2250";"0.38";"6000";"White wine";"Glass";"14";"42.293232"
"Vinmonopolet";"7274901";"Ch. Malescasse 2008";"Ch. Malescasse";"2008";"239.9";"0.75";"319.87";"RÃ¸dvin";"Glass";"13";"2.4605129"
"Vinmonopolet";"7275001";"Ch. de Romance 2015";"Ch. de Romance";"2015";"205";"0.75";"273.33";"White wine";"Glass";"12.5";"2.1866667"
"Vinmonopolet";"7275201";"Barramundi Chardonnay Viognier 2017";"Barramundi Chardonnay Viognier";"2017";"134.9";"0.75";"179.87";"White wine";"Glass";"13.5";"1.3323456"
"Vinmonopolet";"7275301";"Barramundi Shiraz 2019";"Barramundi Shiraz";"2019";"134.9";"0.75";"179.87";"RÃ¸dvin";"Glass";"14";"1.2847619"
"Vinmonopolet";"7275501";"Hebrart Premier Cru Blanc de Blancs Brut";"Hebrart Premier Cru Blanc de Blancs Brut";"0";"360";"0.75";"480";"Champagne, brut";"Glass";"12";"4"
"Vinmonopolet";"7275601";"Ch. Le Grand Verdus 2015";"Ch. Le Grand Verdus";"2015";"164.7";"0.75";"219.6";"RÃ¸dvin";"Glass";"13.5";"1.6266667"
"Vinmonopolet";"7285501";"Perrier-JouÃ«t Belle Epoque RosÃ© 2006";"Perrier-JouÃ«t Belle Epoque RosÃ©";"2006";"2649";"0.75";"3532";"Champagne, rosÃ©";"Glass";"12.5";"28.256"
"Vinmonopolet";"7290301";"Stellenrust Old Bush Vine Chenin Blanc 2017";"Stellenrust Old Bush Vine Chenin Blanc";"2017";"182.9";"0.75";"243.87";"White wine";"Glass";"14";"1.7419047"
"Vinmonopolet";"7290406";"CuvÃ©e AdÃ¨le CÃ´tes du RhÃ´ne 2019";"CuvÃ©e AdÃ¨le CÃ´tes du RhÃ´ne";"2019";"279.9";"1.5";"186.6";"RÃ¸dvin";"Pouch";"13.5";"1.3822222"
"Vinmonopolet";"7295902";"JosÃ© Pariente Apasionado 2017";"JosÃ© Pariente Apasionado";"2017";"206.3";"0.5";"412.6";"White wine";"Glass";"11";"3.750909"
"Vinmonopolet";"7296001";"JosÃ© Pariente CuvÃ©e Especial 2017";"JosÃ© Pariente CuvÃ©e Especial";"2017";"364.4";"0.75";"485.87";"White wine";"Glass";"13.5";"3.5990124"
"Vinmonopolet";"7296101";"Confines de Prieto Pariente 2016";"Confines de Prieto Pariente";"2016";"357.5";"0.75";"476.67";"RÃ¸dvin";"Glass";"14.5";"3.2873564"
"Vinmonopolet";"7300401";"Dom. Moines SavenniÃ¨res Roche aux Moines 2017";"Dom. Moines SavenniÃ¨res Roche aux Moines";"2017";"349.9";"0.75";"466.53";"White wine";"Glass";"13.5";"3.4558024"
"Vinmonopolet";"7300701";"Rivella Dolcetto d'Alba";"Rivella Dolcetto d'Alba";"2015";"299.9";"0.75";"399.87";"RÃ¸dvin";"Glass";"13.5";"2.9619753"
"Vinmonopolet";"7300901";"Leiner TertiÃ¤r Riesling Trocken 2016";"Leiner TertiÃ¤r Riesling Trocken";"2016";"289.9";"0.75";"386.53";"White wine";"Glass";"12.5";"3.0922666"
"Vinmonopolet";"7301101";"Suertes del MarquÃ©s La Solana 2015";"Suertes del MarquÃ©s La Solana";"2015";"279.9";"0.75";"373.2";"RÃ¸dvin";"Glass";"13.5";"2.7644444"
"Vinmonopolet";"7301401";"Alonso Etayo ViÃ±a IlusiÃ³n 2016";"Alonso Etayo ViÃ±a IlusiÃ³n";"2016";"189.9";"0.75";"253.2";"RÃ¸dvin";"Glass";"13.5";"1.8755555"
"Vinmonopolet";"7301601";"Berthelemot Meursault Les Tillet 2016";"Berthelemot Meursault Les Tillet";"2016";"495";"0.75";"660";"White wine";"Glass";"13";"5.076923"
"Vinmonopolet";"7304901";"Monte del FrÃ  Skravlevin Custoza 2018";"Monte del FrÃ  Skravlevin Custoza";"2018";"149.9";"0.75";"199.87";"White wine";"Glass";"12.5";"1.5989332"
"Vinmonopolet";"7310201";"I heart Cava Brut";"I heart Cava Brut";"0";"149.5";"0.75";"199.33";"Sparkling wine";"Glass";"11.5";"1.7333333"
"Vinmonopolet";"7310301";"Marco Pontarelli Prosecco Frizzante Spago";"Marco Pontarelli Prosecco Frizzante Spago";"0";"139.9";"0.75";"186.53";"Sparkling white wine";"Glass";"11";"1.6957575"
"Vinmonopolet";"7310401";"Pietradolce Etna Rosso 2017";"Pietradolce Etna Rosso";"2017";"279.3";"0.75";"372.4";"RÃ¸dvin";"Glass";"14.5";"2.5682757"
"Vinmonopolet";"7310501";"Fattori Amarone della Valpolicella Col de la Bastia 2013";"Fattori Amarone della Valpolicella Col de la Bastia";"2013";"445";"0.75";"593.33";"RÃ¸dvin";"Glass";"15.5";"3.827957"
"Vinmonopolet";"7310601";"Girolamo Russo 'a Rina Etna Rosso 2015";"Girolamo Russo 'a Rina Etna Rosso";"2015";"314.9";"0.75";"419.87";"RÃ¸dvin";"Glass";"14";"2.9990475"
"Vinmonopolet";"7310902";"Lervig Tasty Juice IPA";"Lervig Tasty Juice IPA";"0";"75.5";"0.5";"147";"India pale ale";"Emballasje med pant";"6";"2.5166667"
"Vinmonopolet";"7311301";"Ch. La CottiÃ¨re 2007";"Ch. La CottiÃ¨re";"2007";"169.9";"0.75";"226.53";"RÃ¸dvin";"Glass";"13";"1.7425641"
"Vinmonopolet";"7311601";"Mustiguillo Mestizaje Blanco 2015";"Mustiguillo Mestizaje Blanco";"2015";"182.1";"0.75";"242.8";"White wine";"Glass";"13.5";"1.7985185"
"Vinmonopolet";"7311701";"Aroa Larossa 2016";"Aroa Larossa";"2016";"99.8";"0.75";"133.07";"RosÃ©vin";"Glass";"13";"1.0235897"
"Vinmonopolet";"7311901";"Lisa Bunn Pinot Noir vom LÃ¶ss trocken 2016";"Lisa Bunn Pinot Noir vom LÃ¶ss trocken";"2016";"273";"0.75";"364";"RÃ¸dvin";"Glass";"13.5";"2.6962962"
"Vinmonopolet";"7312101";"Allesverloren Chenin Blanc 2019";"Allesverloren Chenin Blanc";"2019";"159.9";"0.75";"213.2";"White wine";"Glass";"13";"1.64"
"Vinmonopolet";"7312701";"La Dama Amarone della Valpolicella Classico 2015";"La Dama Amarone della Valpolicella Classico";"2015";"308.9";"0.75";"411.87";"RÃ¸dvin";"Glass";"16";"2.5741665"
"Vinmonopolet";"7312801";"Bache-Gabrielsen American Oak";"Bache-Gabrielsen American Oak";"0";"464.9";"0.7";"664.14";"Grape spirit";"Glass";"40";"1.6603571"
"Vinmonopolet";"7313401";"Campo Alegre Rueda 2017";"Campo Alegre Rueda";"2017";"147.9";"0.75";"197.2";"White wine";"Glass";"13.5";"1.4607407"
"Vinmonopolet";"7313501";"Campo Alegre Toro 2013";"Campo Alegre Toro";"2013";"199.9";"0.75";"266.53";"RÃ¸dvin";"Glass";"14.5";"1.8381609"
"Vinmonopolet";"7313601";"Pietro di Campo Chardonnay 2018";"Pietro di Campo Chardonnay";"2018";"134.9";"0.75";"179.87";"White wine";"Glass";"12";"1.4988889"
"Vinmonopolet";"7313802";"Sierra Nevada Nooner Pilsner";"Sierra Nevada Nooner Pilsner";"0";"39.9";"0.35";"112.39";"Light lager";"Metall";"5.2";"2.192308"
"Vinmonopolet";"7313902";"Veltins Pilsener";"Veltins Pilsener";"0";"39.9";"0.33";"120.91";"Light lager";"Glass";"4.8";"2.5189393"
"Vinmonopolet";"7314001";"MalvirÃ  Grappa di Birbet";"MalvirÃ  Grappa di Birbet";"0";"590";"0.7";"842.86";"Grape spirit";"Glass";"42";"2.0068028"
"Vinmonopolet";"7314101";"MalvirÃ  Grappa di Nebbiolo";"MalvirÃ  Grappa di Nebbiolo";"0";"590";"0.7";"842.86";"Grape spirit";"Glass";"42";"2.0068028"
"Vinmonopolet";"7314201";"Lustau Vermut Red";"Lustau Vermut Red";"0";"249.9";"0.75";"333.2";"Vermouth";"Glass";"15";"2.2213333"
"Vinmonopolet";"7314301";"MalvirÃ  Grappa di Arneis";"MalvirÃ  Grappa di Arneis";"0";"590";"0.7";"842.86";"Grape spirit";"Glass";"42";"2.0068028"
"Vinmonopolet";"7314601";"Birichino Bechthold Cinsault Old Vines 2015";"Birichino Bechthold Cinsault Old Vines";"2015";"299.9";"0.75";"399.87";"RÃ¸dvin";"Glass";"13.5";"2.9619753"
"Vinmonopolet";"7315201";"Sella Lessona 2012";"Sella Lessona";"2012";"299.9";"0.75";"399.87";"RÃ¸dvin";"Glass";"13";"3.0758975"
"Vinmonopolet";"7315301";"Anzivino Gattinara Riserva 2011";"Anzivino Gattinara Riserva";"2011";"359.9";"0.75";"479.87";"RÃ¸dvin";"Glass";"14";"3.427619"
"Vinmonopolet";"7315401";"Anzivino Bramaterra 2013";"Anzivino Bramaterra";"2013";"259.9";"0.75";"346.53";"RÃ¸dvin";"Glass";"13.5";"2.5669136"
"Vinmonopolet";"7315501";"Amore in Rosa 2018";"Amore in Rosa";"2018";"155";"0.75";"206.67";"RosÃ©vin";"Glass";"13";"1.5897436"
"Vinmonopolet";"7315701";"Giacosa Fratelli Grignolino d'Asti 2016";"Giacosa Fratelli Grignolino d'Asti";"2016";"169.9";"0.75";"226.53";"RÃ¸dvin";"Glass";"12.5";"1.8122666"
"Vinmonopolet";"7316005";"Azelia Barolo Margheria 2011";"Azelia Barolo Margheria";"2011";"1490";"1.5";"993.33";"RÃ¸dvin";"Glass";"14.5";"6.8505745"
"Vinmonopolet";"7316201";"Dal Cero Vermentino Chardonnay 2018";"Dal Cero Vermentino Chardonnay";"2018";"169.9";"0.75";"226.53";"White wine";"Glass";"12.5";"1.8122666"
"Vinmonopolet";"7316301";"Brancaia Il Blu 2015";"Brancaia Il Blu";"2015";"619.9";"0.75";"826.53";"RÃ¸dvin";"Glass";"14.5";"5.70023"
"Vinmonopolet";"7316502";"Oslo Brewing Dream Porter";"Oslo Brewing Dream Porter";"0";"60.9";"0.33";"184.55";"Porter and stout";"Glass";"6.5";"2.8391607"
"Vinmonopolet";"7316701";"Antoniolo Gattinara 2014";"Antoniolo Gattinara";"2014";"389";"0.75";"518.67";"RÃ¸dvin";"Glass";"13.5";"3.8419752"
"Vinmonopolet";"7317001";"Antoniolo Gattinara Osso San Grato 2012";"Antoniolo Gattinara Osso San Grato";"2012";"595";"0.75";"793.33";"RÃ¸dvin";"Glass";"14";"5.6666665"
"Vinmonopolet";"7317401";"Lisa Bunn Hipping Riesling Trocken 2015";"Lisa Bunn Hipping Riesling Trocken";"2015";"348.3";"0.75";"464.4";"White wine";"Glass";"13";"3.5723076"
"Vinmonopolet";"7317601";"Cottini Recioto della Valpolicella Classico 2014";"Cottini Recioto della Valpolicella Classico";"2014";"329.9";"0.75";"439.87";"RÃ¸dvin";"Glass";"14.5";"3.0335631"
"Vinmonopolet";"7318001";"Donna Olimpia Bolgheri Bianco 2016";"Donna Olimpia Bolgheri Bianco";"2016";"194.6";"0.75";"259.47";"White wine";"Glass";"14";"1.8533334"
"Vinmonopolet";"7318301";"Sadie Kokerboom 2018";"Sadie Kokerboom";"2018";"459";"0.75";"612";"White wine";"Glass";"13.5";"4.5333333"
"Vinmonopolet";"7318401";"Compagniesdrift Unwooded Chardonnay 2015";"Compagniesdrift Unwooded Chardonnay";"2015";"159.9";"0.75";"213.2";"White wine";"Glass";"13";"1.64"
"Vinmonopolet";"7318501";"Meerlust Pinot Noir 2016";"Meerlust Pinot Noir";"2016";"269.8";"0.75";"359.73";"RÃ¸dvin";"Glass";"13";"2.7671793"
"Vinmonopolet";"7318601";"Compagniesdrift Cabernet Sauvignon Merlot 2017";"Compagniesdrift Cabernet Sauvignon Merlot";"2017";"159.9";"0.75";"213.2";"RÃ¸dvin";"Glass";"14";"1.5228571"
"Vinmonopolet";"7318701";"Meerlust Cabernet Sauvignon 2013";"Meerlust Cabernet Sauvignon";"2013";"274.8";"0.75";"366.4";"RÃ¸dvin";"Glass";"13.5";"2.714074"
"Vinmonopolet";"7318901";"Terre d'Aione Greco di Tufo 2015";"Terre d'Aione Greco di Tufo";"2015";"169.9";"0.75";"226.53";"White wine";"Glass";"13";"1.7425641"
"Vinmonopolet";"7319001";"Terre d'Aione Falanghina 2015";"Terre d'Aione Falanghina";"2015";"154.6";"0.75";"206.13";"White wine";"Glass";"13";"1.5856411"
"Vinmonopolet";"7319101";"Meerlust Rubicon 2014";"Meerlust Rubicon";"2014";"314.8";"0.75";"419.73";"RÃ¸dvin";"Glass";"14";"2.998095"
"Vinmonopolet";"7319301";"Meerlust Merlot 2014";"Meerlust Merlot";"2014";"269.9";"0.75";"359.87";"RÃ¸dvin";"Glass";"14";"2.570476"
"Vinmonopolet";"7319401";"Terre d'Aione Aglianico 2014";"Terre d'Aione Aglianico";"2014";"129.6";"0.75";"172.8";"RÃ¸dvin";"Glass";"13";"1.3292308"
"Vinmonopolet";"7319501";"Bayou Select";"Bayou Select";"0";"489.9";"0.7";"699.86";"Rum";"Glass";"40";"1.7496428"
"Vinmonopolet";"7319601";"Bayou Spiced";"Bayou Spiced";"0";"449.9";"0.7";"642.71";"Other spirit";"Glass";"40";"1.6067858"
"Vinmonopolet";"7319701";"Bayou Silver";"Bayou Silver";"0";"419.9";"0.7";"599.86";"Rum";"Glass";"40";"1.4996428"
"Vinmonopolet";"7319801";"I heart RosÃ©";"I heart RosÃ©";"0";"133.5";"0.75";"178";"RosÃ©vin";"Glass";"12";"1.4833333"
"Vinmonopolet";"7320101";"Sadie Mev. Kirsten 2018";"Sadie Mev. Kirsten";"2018";"899";"0.75";"1198.67";"White wine";"Glass";"13.5";"8.879012"
"Vinmonopolet";"7320201";"Tavernello Sangiovese 2016";"Tavernello Sangiovese";"2016";"169.9";"0.75";"226.53";"RÃ¸dvin";"Glass";"12.5";"1.8122666"
"Vinmonopolet";"7320401";"Tavernello Trebbiano Chardonnay";"Tavernello Trebbiano Chardonnay";"2018";"159.9";"0.75";"213.2";"White wine";"Glass";"12";"1.7766666"
"Vinmonopolet";"7320601";"The Dubliner Irish Whiskey";"The Dubliner Irish Whiskey";"0";"419.9";"0.7";"599.86";"Whisky";"Glass";"40";"1.4996428"
"Vinmonopolet";"7320701";"Ga-Jol BlÃ¥bÃ¦r";"Ga-Jol BlÃ¥bÃ¦r";"0";"359.9";"0.7";"514.14";"LikÃ¸r";"Glass";"30";"1.7138095"
"Vinmonopolet";"7320801";"Perrier-JouÃ«t Blason RosÃ©";"Perrier-JouÃ«t Blason RosÃ©";"0";"499.9";"0.75";"666.53";"Champagne, rosÃ©";"Glass";"12";"5.5544443"
"Vinmonopolet";"7320901";"Perrier-JouÃ«t Belle Epoque Blanc de Blancs 2004";"Perrier-JouÃ«t Belle Epoque Blanc de Blancs";"2004";"3149";"0.75";"4198.67";"Champagne, brut";"Glass";"12.5";"33.589333"
"Vinmonopolet";"7321001";"Coppo Pomorosso 2014";"Coppo Pomorosso";"2014";"559.9";"0.75";"746.53";"RÃ¸dvin";"Glass";"14.5";"5.148506"
"Vinmonopolet";"7321301";"Barefoot Bubbly Pinot Grigio";"Barefoot Bubbly Pinot Grigio";"0";"129.9";"0.75";"173.2";"Sparkling wine";"Glass";"8";"2.165"
"Vinmonopolet";"7321502";"Slogen Blond";"Slogen Blond";"0";"69.9";"0.5";"139.8";"Light ale";"Glass";"6";"2.3300002"
"Vinmonopolet";"7321602";"Slogen Fjellbokk";"Slogen Fjellbokk";"0";"75.3";"0.5";"150.6";"MÃ¸rk lager";"Glass";"7";"2.1514287"
"Vinmonopolet";"7322001";"Graillot Crozes-Hermitage 2017";"Graillot Crozes-Hermitage";"2017";"318";"0.75";"424";"RÃ¸dvin";"Glass";"13.5";"3.1407406"
"Vinmonopolet";"7322201";"Digioia-Royer Chambolle-Musigny Les FremiÃ¨res Vieilles Vignes 2013";"Digioia-Royer Chambolle-Musigny Les FremiÃ¨res Vieilles Vignes";"2013";"574";"0.75";"765.33";"RÃ¸dvin";"Glass";"13";"5.8871794"
"Vinmonopolet";"7322305";"Wittmann Niersteiner Riesling Trocken 2017";"Wittmann Niersteiner Riesling Trocken";"2017";"635";"1.5";"423.33";"White wine";"Glass";"13";"3.2564104"
"Vinmonopolet";"7322402";"Poppels Passion Pale Ale";"Poppels Passion Pale Ale";"0";"52.9";"0.33";"160.3";"Pale ale";"Glass";"5.2";"3.0827506"
"Vinmonopolet";"7322505";"Graillot Crozes-Hermitage 2017";"Graillot Crozes-Hermitage";"2017";"629.9";"1.5";"419.93";"RÃ¸dvin";"Glass";"13.5";"3.1106174"
"Vinmonopolet";"7322601";"Wittmann Niersteiner Riesling Trocken 2017";"Wittmann Niersteiner Riesling Trocken";"2017";"294.8";"0.75";"393.07";"White wine";"Glass";"13.5";"2.911605"
"Vinmonopolet";"7322701";"Birichino Antle Vineyard Pinot Noir 2014";"Birichino Antle Vineyard Pinot Noir";"2014";"399.9";"0.75";"533.2";"RÃ¸dvin";"Glass";"13";"4.101538"
"Vinmonopolet";"7322801";"Digioia-Royer Chambolle-Musigny Vieilles Vignes 2014";"Digioia-Royer Chambolle-Musigny Vieilles Vignes";"2014";"584.9";"0.75";"779.87";"RÃ¸dvin";"Glass";"13";"5.998975"
"Vinmonopolet";"7322901";"Digioia-Royer Chambolle-Musigny 2014";"Digioia-Royer Chambolle-Musigny";"2014";"499.9";"0.75";"666.53";"RÃ¸dvin";"Glass";"13";"5.1271796"
"Vinmonopolet";"7324001";"Stolichnaya Corn and Buckwheat";"Stolichnaya Corn and Buckwheat";"0";"469.9";"0.7";"671.29";"Vodka";"Glass";"40";"1.6782143"
"Vinmonopolet";"7324101";"Loimer Extra Brut";"Loimer Extra Brut";"2018";"259.9";"0.75";"346.53";"Sparkling wine";"Glass";"12";"2.8877778"
"Vinmonopolet";"7324302";"Dom. de La Rectorie Banyuls 2015";"Dom. de La Rectorie Banyuls";"2015";"259.9";"0.5";"519.8";"Fortified wine";"Glass";"16.5";"3.150303"
"Vinmonopolet";"7324402";"Dom. de La Rectorie CuvÃ©e Pierre Rapidel Banyuls 2008";"Dom. de La Rectorie CuvÃ©e Pierre Rapidel Banyuls";"2008";"269.9";"0.5";"539.8";"Fortified wine";"Glass";"16";"3.37375"
"Vinmonopolet";"7324501";"Loimer Brut RosÃ©";"Loimer Brut RosÃ©";"2018";"259.9";"0.75";"346.53";"Sparkling wine";"Glass";"12";"2.8877778"
"Vinmonopolet";"7324901";"Gut Hermannsberg Vom Vulkan Riesling 2017";"Gut Hermannsberg Vom Vulkan Riesling";"2017";"269";"0.75";"358.67";"White wine";"Glass";"12.5";"2.8693333"
"Vinmonopolet";"7325001";"Gut Hermannsberg Vom Schiefer Riesling 2017";"Gut Hermannsberg Vom Schiefer Riesling";"2017";"269";"0.75";"358.67";"White wine";"Glass";"12.5";"2.8693333"
"Vinmonopolet";"7325101";"Gut Hermannsberg Weiss Burg 2017";"Gut Hermannsberg Weiss Burg";"2017";"199.9";"0.75";"266.53";"White wine";"Glass";"12.5";"2.1322665"
"Vinmonopolet";"7325201";"Olivier Riviere Gabaxo 2016";"Olivier Riviere Gabaxo";"2016";"239.9";"0.75";"319.87";"RÃ¸dvin";"Glass";"14";"2.284762"
"Vinmonopolet";"7325401";"La Dame de Montrose 2014";"La Dame de Montrose";"2014";"735";"0.75";"980";"RÃ¸dvin";"Glass";"13.5";"7.259259"
"Vinmonopolet";"7325501";"Ch. Cantemerle 2014";"Ch. Cantemerle";"2014";"599";"0.75";"798.67";"RÃ¸dvin";"Glass";"13";"6.14359"
"Vinmonopolet";"7325505";"Ch. Cantemerle 2014";"Ch. Cantemerle";"2014";"1094.9";"1.5";"729.93";"RÃ¸dvin";"Glass";"13";"5.614872"
"Vinmonopolet";"7325601";"Ch. PhÃ©lan-SÃ©gur 2014";"Ch. PhÃ©lan-SÃ©gur";"2014";"735";"0.75";"980";"RÃ¸dvin";"Glass";"13.5";"7.259259"
"Vinmonopolet";"7325705";"Ch. Beychevelle 2014";"Ch. Beychevelle";"2014";"2268";"1.5";"1512";"RÃ¸dvin";"Glass";"14";"10.8"
"Vinmonopolet";"7325801";"Ch. Haut-Batailley 2014";"Ch. Haut-Batailley";"2014";"769";"0.75";"1025.33";"RÃ¸dvin";"Glass";"13.5";"7.595062"
"Vinmonopolet";"7325802";"Ch. Haut-Batailley 2014";"Ch. Haut-Batailley";"2014";"459";"0.38";"1224";"RÃ¸dvin";"Glass";"13.5";"8.947369"
"Vinmonopolet";"7325901";"Ch. Grand Puy Lacoste 2014";"Ch. Grand Puy Lacoste";"2014";"1320";"0.75";"1760";"RÃ¸dvin";"Glass";"13.5";"13.037037"
"Vinmonopolet";"7326001";"Blason d Issan 2014";"Blason d Issan";"2014";"498";"0.75";"664";"RÃ¸dvin";"Glass";"13";"5.1076922"
"Vinmonopolet";"7326101";"Dom. de Chevalier 2014";"Dom. de Chevalier";"2014";"1065";"0.75";"1420";"RÃ¸dvin";"Glass";"13.5";"10.518518"
"Vinmonopolet";"7326102";"Dom. de Chevalier 2014";"Dom. de Chevalier";"2014";"585";"0.38";"1560";"RÃ¸dvin";"Glass";"13.5";"11.403509"
"Vinmonopolet";"7326205";"Clos de l'Oratoire 2014";"Clos de l'Oratoire";"2014";"1125";"1.5";"750";"RÃ¸dvin";"Glass";"14";"5.357143"
"Vinmonopolet";"7326601";"Ch. Fleur Cardinale 2014";"Ch. Fleur Cardinale";"2014";"690";"0.75";"920";"RÃ¸dvin";"Glass";"14.5";"6.3448277"
"Vinmonopolet";"7327101";"Ch. Chasse-Spleen 2014";"Ch. Chasse-Spleen";"2014";"639";"0.75";"852";"RÃ¸dvin";"Glass";"13";"6.5538464"
"Vinmonopolet";"7327105";"Ch. Chasse-Spleen 2014";"Ch. Chasse-Spleen";"2014";"1125";"1.5";"750";"RÃ¸dvin";"Glass";"13";"5.769231"
"Vinmonopolet";"7327301";"Schug Sonoma Valley Cabernet Sauvignon 2016";"Schug Sonoma Valley Cabernet Sauvignon";"2016";"359.9";"0.75";"479.87";"RÃ¸dvin";"Glass";"14";"3.427619"
"Vinmonopolet";"7327401";"Casa Silva Cool Coast Pinot Noir 2016";"Casa Silva Cool Coast Pinot Noir";"2016";"159.9";"0.75";"213.2";"RÃ¸dvin";"Glass";"14";"1.5228571"
"Vinmonopolet";"7327601";"Bocelli Tenor Red 2016";"Bocelli Tenor Red";"2016";"209.9";"0.75";"279.87";"RÃ¸dvin";"Glass";"13.5";"2.0730863"
"Vinmonopolet";"7327701";"Alpha Box & Dice Wightmare 2016";"Alpha Box & Dice Wightmare";"2016";"159.9";"0.75";"213.2";"White wine";"Glass";"12";"1.7766666"
"Vinmonopolet";"7327801";"Bocelli Chianti 2017";"Bocelli Chianti";"2017";"209.9";"0.75";"279.87";"RÃ¸dvin";"Glass";"13.5";"2.0730863"
"Vinmonopolet";"7328001";"Alpha Box & Dice Tarot";"Alpha Box & Dice Tarot";"2016";"169.9";"0.75";"226.53";"RÃ¸dvin";"Glass";"13.5";"1.6780246"
"Vinmonopolet";"7328101";"Bessa Petit Enira 2014";"Bessa Petit Enira";"2014";"185";"0.75";"246.67";"RÃ¸dvin";"Glass";"13.5";"1.8271605"
"Vinmonopolet";"7328201";"Alpha Box & Dice Kit & Kaboodle 2014";"Alpha Box & Dice Kit & Kaboodle";"2014";"189.9";"0.75";"253.2";"RÃ¸dvin";"Glass";"14";"1.8085713"
"Vinmonopolet";"7328301";"Bessa Enira Reserva 2014";"Bessa Enira Reserva";"2014";"279.9";"0.75";"373.2";"RÃ¸dvin";"Glass";"13.5";"2.7644444"
"Vinmonopolet";"7328501";"Bessa Enira 2014";"Bessa Enira";"2014";"209.9";"0.75";"279.87";"RÃ¸dvin";"Glass";"13.5";"2.0730863"
"Vinmonopolet";"7328601";"Alpha Box & Dice Zaptung 2016";"Alpha Box & Dice Zaptung";"2016";"149.9";"0.75";"199.87";"Sparkling wine";"Glass";"11";"1.8169696"
"Vinmonopolet";"7328801";"Alpha Box & Dice Dead Winemakers Society 2015";"Alpha Box & Dice Dead Winemakers Society";"2015";"195";"0.75";"260";"RÃ¸dvin";"Glass";"13.5";"1.925926"
"Vinmonopolet";"7328901";"Bocelli Prosecco Extra Dry";"Bocelli Prosecco Extra Dry";"0";"175";"0.75";"233.33";"Sparkling wine";"Glass";"11.5";"2.0289855"
"Vinmonopolet";"7329001";"Valle Reale Vigna del Convento Montepulciano d'Abruzzo 2011";"Valle Reale Vigna del Convento Montepulciano d'Abruzzo";"2011";"499.9";"0.75";"666.53";"RÃ¸dvin";"Glass";"13";"5.1271796"
"Vinmonopolet";"7329408";"Totally Twisted Shots Kamikaze (3x3cl)";"Totally Twisted Shots Kamikaze (3x3cl)";"0";"74.9";"0.09";"832.22";"LikÃ¸r";"Ãvrig";"16";"5.201389"
"Vinmonopolet";"7329908";"Totally Twisted Shots Pink'n Peachy (3x3cl)";"Totally Twisted Shots Pink'n Peachy (3x3cl)";"0";"74.9";"0.09";"832.22";"LikÃ¸r";"Ãvrig";"16";"5.201389"
"Vinmonopolet";"7330105";"Ch. Lanessan 2014";"Ch. Lanessan";"2014";"588";"1.5";"392";"RÃ¸dvin";"Glass";"13.5";"2.9037037"
"Vinmonopolet";"7330201";"Girardin Meursault Premier Cru Blagny 2014";"Girardin Meursault Premier Cru Blagny";"2014";"658.1";"0.75";"877.47";"White wine";"Glass";"13.5";"6.499753"
"Vinmonopolet";"7330501";"Kante Chardonnay 2013";"Kante Chardonnay";"2013";"298";"0.75";"397.33";"White wine";"Glass";"12.5";"3.1786666"
"Vinmonopolet";"7330601";"Chemarin P'tit Grobis Beaujolais-Villages 2018";"Chemarin P'tit Grobis Beaujolais-Villages";"2018";"202";"0.75";"269.33";"RÃ¸dvin";"Glass";"12.5";"2.1546667"
"Vinmonopolet";"7330701";"Chemarin Beaujolais-Villages Les Vignes de Jeannot 2016";"Chemarin Beaujolais-Villages Les Vignes de Jeannot";"2016";"226";"0.75";"301.33";"RÃ¸dvin";"Glass";"12.5";"2.4106667"
"Vinmonopolet";"7330801";"Betulle Ribolla Gialla 2018";"Betulle Ribolla Gialla";"2018";"241";"0.75";"321.33";"White wine";"Glass";"12.5";"2.5706666"
"Vinmonopolet";"7330901";"Betulle Rosazzo Pignolo 2008";"Betulle Rosazzo Pignolo";"2008";"395";"0.75";"526.67";"RÃ¸dvin";"Glass";"14.5";"3.6321838"
"Vinmonopolet";"7331001";"Betulle Colli Orientali Friulano 2016";"Betulle Colli Orientali Friulano";"2016";"238";"0.75";"317.33";"White wine";"Glass";"13.5";"2.3506172"
"Vinmonopolet";"7331101";"Kante Vitovska 2014";"Kante Vitovska";"2014";"288";"0.75";"384";"White wine";"Glass";"12";"3.2"
"Vinmonopolet";"7331201";"Kante Malvasia 2014";"Kante Malvasia";"2014";"299";"0.75";"398.67";"White wine";"Glass";"12.5";"3.1893334"
"Vinmonopolet";"7331301";"Kante Sauvignon 2014";"Kante Sauvignon";"2014";"298";"0.75";"397.33";"White wine";"Glass";"12";"3.3111112"
"Vinmonopolet";"7332101";"Girardin Puligny-Montrachet Premier Cru Les Referts 2015";"Girardin Puligny-Montrachet Premier Cru Les Referts";"2015";"780";"0.75";"1040";"White wine";"Glass";"13.5";"7.703704"
"Vinmonopolet";"7332201";"Girardin Saint-Aubin Premier Cru En Remilly 2016";"Girardin Saint-Aubin Premier Cru En Remilly";"2016";"462";"0.75";"616";"White wine";"Glass";"13.5";"4.562963"
"Vinmonopolet";"7332401";"Girardin Meursault Les Narvaux 2016";"Girardin Meursault Les Narvaux";"2016";"570";"0.75";"760";"White wine";"Glass";"13";"5.8461537"
"Vinmonopolet";"7332601";"Luigi Baudana Dragon Langhe Bianco 2018";"Luigi Baudana Dragon Langhe Bianco";"2018";"225";"0.75";"300";"White wine";"Glass";"13";"2.3076923"
"Vinmonopolet";"7333301";"Against The Grain Bo & Luke Imperial Smoked Stout aged in Bourgon Barrels";"Against The Grain Bo & Luke Imperial Smoked Stout aged in Bourgon Barrels";"0";"259.9";"0.75";"346.53";"Porter and stout";"Glass";"13";"2.665641"
"Vinmonopolet";"7334701";"Louis Boillot Gevrey-Chambertin 2011";"Louis Boillot Gevrey-Chambertin";"2011";"399.8";"0.75";"533.07";"RÃ¸dvin";"Glass";"13";"4.1005125"
"Vinmonopolet";"7334801";"Louis Boillot Gevrey-Chambertin 2014";"Louis Boillot Gevrey-Chambertin";"2014";"399.8";"0.75";"533.07";"RÃ¸dvin";"Glass";"13";"4.1005125"
"Vinmonopolet";"7334901";"Louis Boillot Gevrey-Chambertin Les Evocelles 2011";"Louis Boillot Gevrey-Chambertin Les Evocelles";"2011";"515";"0.75";"686.67";"RÃ¸dvin";"Glass";"13";"5.282051"
"Vinmonopolet";"7335001";"Louis Boillot Gevrey-Chambertin Les Evocelles 2012";"Louis Boillot Gevrey-Chambertin Les Evocelles";"2012";"548";"0.75";"730.67";"RÃ¸dvin";"Glass";"13";"5.620513"
"Vinmonopolet";"7335501";"Badenhorst Raaigras Grenache 2016";"Badenhorst Raaigras Grenache";"2016";"429.9";"0.75";"573.2";"RÃ¸dvin";"Glass";"12.5";"4.5856"
"Vinmonopolet";"7335601";"A.A. Badenhorst Dassiekop Chenin Blanc";"A.A. Badenhorst Dassiekop Chenin Blanc";"2018";"429.9";"0.75";"573.2";"White wine";"Glass";"14.5";"3.9531033"
"Vinmonopolet";"7335701";"A.A. Badenhorst Sout van de aarde Palomino 2018";"A.A. Badenhorst Sout van de aarde Palomino";"2018";"429.9";"0.75";"573.2";"White wine";"Glass";"12";"4.7766666"
"Vinmonopolet";"7336201";"Ch. Clarke Baron Edmond de Rothschild 2011";"Ch. Clarke Baron Edmond de Rothschild";"2011";"349.9";"0.75";"466.53";"RÃ¸dvin";"Glass";"14";"3.332381"
"Vinmonopolet";"7336301";"Ch. Malmaison Baronne Nadine Rothschild 2012";"Ch. Malmaison Baronne Nadine Rothschild";"2012";"259.9";"0.75";"346.53";"RÃ¸dvin";"Glass";"13.5";"2.5669136"
"Vinmonopolet";"7336401";"Ch. des Laurets Baron Edmond Rothschild 2014";"Ch. des Laurets Baron Edmond Rothschild";"2014";"239.9";"0.75";"319.87";"RÃ¸dvin";"Glass";"13.5";"2.3693826"
"Vinmonopolet";"7336501";"Rotari Blanc de Blancs Extra Brut 2012";"Rotari Blanc de Blancs Extra Brut";"2012";"229.9";"0.75";"306.53";"Sparkling wine";"Glass";"12.5";"2.4522667"
"Vinmonopolet";"7336701";"Mezzacorona Castel Firmian Chardonnay 2015";"Mezzacorona Castel Firmian Chardonnay";"2015";"169.9";"0.75";"226.53";"White wine";"Glass";"12.5";"1.8122666"
"Vinmonopolet";"7336901";"Roubine La Vie en Rose Brut";"Roubine La Vie en Rose Brut";"0";"109.9";"0.75";"146.53";"Musserende vin, rosÃ©";"Glass";"12";"1.2211112"
"Vinmonopolet";"7337201";"Bruichladdich Port Charlotte 10YO Heavy Peated Islay Single Malt";"Bruichladdich Port Charlotte 10YO Heavy Peated Islay Single Malt";"0";"709.9";"0.7";"1014.14";"Whisky";"Glass";"50";"2.0282857"
"Vinmonopolet";"7337401";"Lenotti Soave Classico 2018";"Lenotti Soave Classico";"2018";"139.9";"0.75";"186.53";"White wine";"Glass";"12.5";"1.4922667"
"Vinmonopolet";"7337501";"Bruichladdich Octomore 10 YO";"Bruichladdich Octomore 10 YO";"0";"2149.9";"0.7";"3071.29";"Whisky";"Glass";"57.3";"5.3600097"
"Vinmonopolet";"7338201";"Rimapere Sauvignon Blanc 2015";"Rimapere Sauvignon Blanc";"2015";"219.9";"0.75";"293.2";"White wine";"Glass";"12.5";"2.3456"
"Vinmonopolet";"7338301";"Rimapere Pinot Noir 2014";"Rimapere Pinot Noir";"2014";"269.9";"0.75";"359.87";"RÃ¸dvin";"Glass";"13.5";"2.665679"
"Vinmonopolet";"7338404";"Bitter Truth Cucumber Bitters";"Bitter Truth Cucumber Bitters";"0";"234.9";"0.2";"1174.5";"Bitter	";"Glass";"39";"3.0115383"
"Vinmonopolet";"7338504";"Bitter Truth Tonic Bitters";"Bitter Truth Tonic Bitters";"0";"234.9";"0.2";"1174.5";"Bitter	";"Glass";"43";"2.7313952"
"Vinmonopolet";"7338602";"Bitter Truth Pimento Dram";"Bitter Truth Pimento Dram";"0";"364.9";"0.5";"729.8";"LikÃ¸r";"Glass";"22";"3.3172727"
"Vinmonopolet";"7338901";"Cipriani Bellini";"Cipriani Bellini";"0";"135.9";"0.75";"181.2";"Flavoured wine	";"Glass";"5.5";"3.2945454"
"Vinmonopolet";"7339901";"Grand Bateau Blanc 2018";"Grand Bateau Blanc";"2018";"189";"0.75";"252";"White wine";"Glass";"13";"1.9384615"
"Vinmonopolet";"7340006";"Concha y Toro Chardonnay 2019";"Concha y Toro Chardonnay";"2019";"344.9";"3";"114.97";"White wine";"Bag-in-box";"11.5";"0.99971014"
"Vinmonopolet";"7340206";"La Baume Chardonnay 2019";"La Baume Chardonnay";"2019";"464.9";"3";"154.97";"White wine";"Bag-in-box";"12.5";"1.2397333"
"Vinmonopolet";"7340401";"Mengoba Godello sobre lias 2016";"Mengoba Godello sobre lias";"2016";"261.3";"0.75";"348.4";"White wine";"Glass";"13";"2.6799998"
"Vinmonopolet";"7340501";"Aroa Laia 2016";"Aroa Laia";"2016";"168";"0.75";"224";"White wine";"Glass";"13";"1.7230769"
"Vinmonopolet";"7340601";"La Rose de LabÃ©gorce 2012";"La Rose de LabÃ©gorce";"2012";"299.9";"0.75";"399.87";"RÃ¸dvin";"Glass";"13";"3.0758975"
"Vinmonopolet";"7340701";"Lacroix-Martillac 2008";"Lacroix-Martillac";"2008";"299.9";"0.75";"399.87";"RÃ¸dvin";"Glass";"13";"3.0758975"
"Vinmonopolet";"7341001";"JuvÃ© y Camps La Capella 2010";"JuvÃ© y Camps La Capella";"2010";"1050";"0.75";"1400";"Sparkling wine";"Glass";"12";"11.666667"
"Vinmonopolet";"7341401";"Camparo Nebbiolo d'Alba 2018";"Camparo Nebbiolo d'Alba";"2018";"219.9";"0.75";"293.2";"RÃ¸dvin";"Glass";"14.5";"2.022069"
"Vinmonopolet";"7342306";"Dom. Graveirette Ju de Vie 2017";"Dom. Graveirette Ju de Vie";"2017";"539.9";"3";"179.97";"RÃ¸dvin";"Bag-in-box";"13.5";"1.3330865"
"Vinmonopolet";"7342401";"Tetramythos Roditis 2017";"Tetramythos Roditis";"2017";"189.9";"0.75";"253.2";"White wine";"Glass";"12";"2.11"
"Vinmonopolet";"7342606";"Lunaria Terre di Chieti Pecorino 2018";"Lunaria Terre di Chieti Pecorino";"2018";"499.9";"3";"166.63";"White wine";"Bag-in-box";"13";"1.2817949"
"Vinmonopolet";"7342801";"Tetramythos Agiorgitiko 2017";"Tetramythos Agiorgitiko";"2017";"199.9";"0.75";"266.53";"RÃ¸dvin";"Glass";"13.5";"1.9743209"
"Vinmonopolet";"7343001";"Tetramythos Retsina 2017";"Tetramythos Retsina";"2017";"179.9";"0.75";"239.87";"White wine";"Glass";"12.5";"1.9189333"
"Vinmonopolet";"7343201";"Bocelli Poggioncino 2015";"Bocelli Poggioncino";"2015";"336";"0.75";"448";"RÃ¸dvin";"Glass";"12.5";"3.584"
"Vinmonopolet";"7343301";"Bocelli In canto 2013";"Bocelli In canto";"2013";"350";"0.75";"466.67";"RÃ¸dvin";"Glass";"12.5";"3.7333333"
"Vinmonopolet";"7343402";"Haandbryggeriet Raspberry Export Stout";"Haandbryggeriet Raspberry Export Stout";"0";"68.3";"0.33";"206.97";"Porter and stout";"Glass";"7.6";"2.7232854"
"Vinmonopolet";"7344001";"Louis Jadot Saint-Romain 2015";"Louis Jadot Saint-Romain";"2015";"329.9";"0.75";"439.87";"White wine";"Glass";"13";"3.3835897"
"Vinmonopolet";"7344201";"Kloster Eberbach RÃ¼desheimer Riesling SpÃ¤tlese 2013";"Kloster Eberbach RÃ¼desheimer Riesling SpÃ¤tlese";"2013";"199.9";"0.75";"266.53";"White wine";"Glass";"9";"2.9614813"
"Vinmonopolet";"7344306";"ViÃ±a Maipo Mi Pueblo RosÃ© 2019";"ViÃ±a Maipo Mi Pueblo RosÃ©";"2019";"349.9";"3";"116.63";"RosÃ©vin";"Bag-in-box";"12";"0.97194445"
"Vinmonopolet";"7344701";"LabourÃ©-Roi Chablis Le Beaunois";"LabourÃ©-Roi Chablis Le Beaunois";"2018";"239.9";"0.75";"319.87";"White wine";"Glass";"12.5";"2.5589333"
"Vinmonopolet";"7344901";"Nyetimber RosÃ© Multi-Vintage";"Nyetimber RosÃ© Multi-Vintage";"0";"399.9";"0.75";"533.2";"Musserende vin, rosÃ©";"Glass";"12";"4.443333"
"Vinmonopolet";"7345001";"Tutum Ba Cava Brut";"Tutum Ba Cava Brut";"0";"209";"0.75";"278.67";"Sparkling wine";"Glass";"12";"2.3222222"
"Vinmonopolet";"7345101";"Nyetimber Classic Cuvee";"Nyetimber Classic Cuvee";"0";"399.9";"0.75";"533.2";"Sparkling wine";"Glass";"12";"4.443333"
"Vinmonopolet";"7345102";"Nyetimber Classic Cuvee";"Nyetimber Classic Cuvee";"0";"239.9";"0.38";"639.73";"Sparkling wine";"Glass";"12";"5.260965"
"Vinmonopolet";"7345105";"Nyetimber Classic Cuvee";"Nyetimber Classic Cuvee";"0";"969";"1.5";"646";"Sparkling wine";"Glass";"12";"5.383333"
"Vinmonopolet";"7345201";"Schloss Neuweier RS Riesling Trocken 2017";"Schloss Neuweier RS Riesling Trocken";"2017";"184.9";"0.75";"246.53";"White wine";"Glass";"11.5";"2.143768"
"Vinmonopolet";"7345401";"Acham-Magin Riesling Ungeheere Trocken 2018";"Acham-Magin Riesling Ungeheere Trocken";"2018";"249.9";"0.75";"333.2";"White wine";"Glass";"12.5";"2.6655998"
"Vinmonopolet";"7345701";"La Fourmone Gigondas Le Secret 2015";"La Fourmone Gigondas Le Secret";"2015";"225";"0.75";"300";"RÃ¸dvin";"Glass";"14";"2.142857"
"Vinmonopolet";"7345801";"Ch. Grand'Grange La Tour Vieilles Vignes 2015";"Ch. Grand'Grange La Tour Vieilles Vignes";"2015";"180.2";"0.75";"240.27";"RÃ¸dvin";"Glass";"13";"1.8482051"
"Vinmonopolet";"7345901";"Cune Monopole Clasico 2016";"Cune Monopole Clasico";"2016";"299.9";"0.75";"399.87";"White wine";"Glass";"13.5";"2.9619753"
"Vinmonopolet";"7346001";"K.H. Schneider Sobernheim Savignon Blanc Trocken 2016";"K.H. Schneider Sobernheim Savignon Blanc Trocken";"2016";"249.9";"0.75";"333.2";"White wine";"Glass";"12.5";"2.6655998"
"Vinmonopolet";"7346401";"Damilano Brut";"Damilano Brut";"0";"349.9";"0.75";"466.53";"Sparkling wine";"Glass";"12.5";"3.7322667"
"Vinmonopolet";"7346602";"Dom. de la Rectorie Banyuls ThÃ©resÃ¨ Reig 2016";"Dom. de la Rectorie Banyuls ThÃ©resÃ¨ Reig";"2016";"239.9";"0.5";"479.8";"Fortified wine";"Glass";"17";"2.822353"
"Vinmonopolet";"7346701";"Ruby Zin";"Ruby Zin";"0";"130.9";"0.75";"174.53";"RÃ¸dvin";"Glass";"12.5";"1.3962666"
"Vinmonopolet";"7346801";"Villa Triscani Chianti 2015";"Villa Triscani Chianti";"2015";"129.9";"0.75";"173.2";"RÃ¸dvin";"Glass";"13";"1.3323076"
"Vinmonopolet";"7347101";"Arras Grand Vintage 2007";"Arras Grand Vintage";"2007";"590";"0.75";"786.67";"Sparkling wine";"Glass";"12.5";"6.2933335"
"Vinmonopolet";"7347201";"Bergdolt Deidesheimer MÃ¤ushÃ¶hle Riesling 2018";"Bergdolt Deidesheimer MÃ¤ushÃ¶hle Riesling";"2018";"269.9";"0.75";"359.87";"White wine";"Glass";"12.5";"2.8789332"
"Vinmonopolet";"7347301";"Bergdolt Duttweiler Riesling 2018";"Bergdolt Duttweiler Riesling";"2018";"219.9";"0.75";"293.2";"White wine";"Glass";"12";"2.4433331"
"Vinmonopolet";"7347401";"Bergdolt Reiterpfad Achtmorgen Riesling GG 2017";"Bergdolt Reiterpfad Achtmorgen Riesling GG";"2017";"399.9";"0.75";"533.2";"White wine";"Glass";"13";"4.101538"
"Vinmonopolet";"7347501";"Bergdolt Buntsandstein Riesling Trocken 2018";"Bergdolt Buntsandstein Riesling Trocken";"2018";"189.9";"0.75";"253.2";"White wine";"Glass";"12";"2.11"
"Vinmonopolet";"7348001";"Finca Bacara 3015 Monastrell 2019";"Finca Bacara  Monastrell";"2019";"139.5";"0.75";"186";"RÃ¸dvin";"Glass";"14";"1.3285714"
"Vinmonopolet";"7348101";"Pierre Deschamps Chardonnay Vielles Vignes 2016";"Pierre Deschamps Chardonnay Vielles Vignes";"2016";"109.7";"0.75";"146.27";"White wine";"Glass";"12.5";"1.1701334"
"Vinmonopolet";"7348301";"Tandem Casual 2016";"Tandem Casual";"2016";"199.9";"0.75";"266.53";"RosÃ©vin";"Glass";"14";"1.9038094"
"Vinmonopolet";"7348705";"Terroir Al LÃ­mit Torroja 2016";"Terroir Al LÃ­mit Torroja";"2016";"839.9";"1.5";"559.93";"RÃ¸dvin";"Glass";"13.5";"4.1476545"
"Vinmonopolet";"7349002";"Captain Lawrence Hop Commander IPA";"Captain Lawrence Hop Commander IPA";"0";"57.8";"0.35";"162.82";"India pale ale";"Glass";"6.5";"2.5406594"
"Vinmonopolet";"7349202";"Captain Lawrence Clearwater KÃ¶lsch";"Captain Lawrence Clearwater KÃ¶lsch";"0";"49.8";"0.35";"140.28";"Light ale";"Glass";"4.8";"2.9642856"
"Vinmonopolet";"7349502";"To Ãl Sur Citra";"To Ãl Sur Citra";"0";"49.9";"0.33";"151.21";"SurÃ¸l";"Glass";"5.5";"2.7493112"
"Vinmonopolet";"7350001";"Larmandier-Bernier Longitude Premier Cru";"Larmandier-Bernier Longitude Premier Cru";"0";"589";"0.75";"785.33";"Champagne extra brut";"Glass";"12.5";"6.2826667"
"Vinmonopolet";"7350101";"Larmandier-Bernier Premier Cru Terre de Vertus";"Larmandier-Bernier Premier Cru Terre de Vertus";"2012";"739";"0.75";"985.33";"Champagne extra brut";"Glass";"12.5";"7.8826666"
"Vinmonopolet";"7350801";"Ph. Bouchard CÃ´tes du RhÃ´ne 2017";"Ph. Bouchard CÃ´tes du RhÃ´ne";"2017";"169.9";"0.75";"226.53";"RÃ¸dvin";"Glass";"13.5";"1.6780246"
"Vinmonopolet";"7350901";"The Quiet Man Blended Irish Whiskey";"The Quiet Man Blended Irish Whiskey";"0";"463.2";"0.7";"661.71";"Whisky";"Glass";"40";"1.6542858"
"Vinmonopolet";"7351001";"Ch. Moulin du Rouge 2015";"Ch. Moulin du Rouge";"2015";"259.5";"0.75";"346";"RÃ¸dvin";"Glass";"13";"2.6615384"
"Vinmonopolet";"7351102";"RÃ¸ros Bryggeri EggelikÃ¸r";"RÃ¸ros Bryggeri EggelikÃ¸r";"0";"199";"0.35";"568.57";"LikÃ¸r";"Glass";"20";"2.8428571"
"Vinmonopolet";"7352001";"Fresita Blueberry & Raspberry";"Fresita Blueberry & Raspberry";"0";"89.7";"0.75";"119.6";"Flavoured wine	";"Glass";"8";"1.495"
"Vinmonopolet";"7352401";"RÃ¸ros Bryggeri PÃ¥ske Blond";"RÃ¸ros Bryggeri PÃ¥ske Blond";"0";"118.9";"0.75";"158.53";"Light ale";"Glass";"5.7";"2.7812867"
"Vinmonopolet";"7352601";"Ch. La Fleur Morange Mathilde 2008";"Ch. La Fleur Morange Mathilde";"2008";"328.9";"0.75";"438.53";"RÃ¸dvin";"Glass";"13.5";"3.248395"
"Vinmonopolet";"7352801";"Begude BWE Chardonnay II 2016";"Begude BWE Chardonnay II";"2016";"379";"0.75";"505.33";"White wine";"Glass";"13.5";"3.7432098"
"Vinmonopolet";"7352902";"Eiker KalvÃ¶ Ãstersstout";"Eiker KalvÃ¶ Ãstersstout";"0";"69.8";"0.33";"211.52";"Porter and stout";"Glass";"5.5";"3.84573"
"Vinmonopolet";"7353001";"Hirsch Raschen Ridge Pinot Noir 2014";"Hirsch Raschen Ridge Pinot Noir";"2014";"819.9";"0.75";"1093.2";"RÃ¸dvin";"Glass";"12.1";"9.034711"
"Vinmonopolet";"7353201";"Hirsch Block 8 Pinot Noir 2016";"Hirsch Block 8 Pinot Noir";"2016";"849.9";"0.75";"1133.2";"RÃ¸dvin";"Glass";"13.4";"8.456717"
"Vinmonopolet";"7353301";"Marques de Somera Garnacha 2016";"Marques de Somera Garnacha";"2016";"149.9";"0.75";"199.87";"RosÃ©vin";"Glass";"13";"1.5374359"
"Vinmonopolet";"7353501";"Jean-Claude Boisset Saint-Aubin 1er Cru Sur Gamay 2017";"Jean-Claude Boisset Saint-Aubin 1er Cru Sur Gamay";"2017";"499.9";"0.75";"666.53";"White wine";"Glass";"13.5";"4.937284"
"Vinmonopolet";"7353601";"Pietro Cassina Rosa Rosarum 2017";"Pietro Cassina Rosa Rosarum";"2017";"129.7";"0.75";"172.93";"RosÃ©vin";"Glass";"12";"1.4411111"
"Vinmonopolet";"7353701";"Pietro Cassina Coste della Sesia Severina 2016";"Pietro Cassina Coste della Sesia Severina";"2016";"169.9";"0.75";"226.53";"RÃ¸dvin";"Glass";"13";"1.7425641"
"Vinmonopolet";"7353901";"Jean-Claude Boisset Bourgogne Chardonnay Les Ursulines 2017";"Jean-Claude Boisset Bourgogne Chardonnay Les Ursulines";"2017";"249.9";"0.75";"333.2";"White wine";"Glass";"12.5";"2.6655998"
"Vinmonopolet";"7354401";"Lauder's Oloroso Cask";"Lauder's Oloroso Cask";"0";"699.9";"1";"699.9";"Whisky";"Glass";"40";"1.74975"
"Vinmonopolet";"7354501";"Lauder's Blended Scotch Whisky";"Lauder's Blended Scotch Whisky";"0";"499.9";"1";"499.9";"Whisky";"Glass";"40";"1.24975"
"Vinmonopolet";"7355601";"Massi di Mandorlaia Riserva 2013";"Massi di Mandorlaia Riserva";"2013";"269.2";"0.75";"358.93";"RÃ¸dvin";"Glass";"14.5";"2.4754024"
"Vinmonopolet";"7355901";"Pittnauer St. Laurent Dorflagen 2017";"Pittnauer St. Laurent Dorflagen";"2017";"264";"0.75";"352";"RÃ¸dvin";"Glass";"12.5";"2.816"
"Vinmonopolet";"7356702";"HernÃ¶ Old Tom Gin";"HernÃ¶ Old Tom Gin";"0";"449.9";"0.5";"899.8";"Gin";"Glass";"43";"2.0925581"
"Vinmonopolet";"7356802";"HernÃ¶ Juniper Cask Gin";"HernÃ¶ Juniper Cask Gin";"0";"699.9";"0.5";"1399.8";"Gin";"Glass";"47";"2.978298"
"Vinmonopolet";"7356901";"Markus Molitor Kinheimer Hubertuslay Riesling Auslese*** 2017";"Markus Molitor Kinheimer Hubertuslay Riesling Auslese***";"2017";"609.8";"0.75";"813.07";"White wine";"Glass";"7";"11.615238"
"Vinmonopolet";"7357101";"Markus Molitor Bernkasteler Badstube Riesling Auslese** Feinherb 2017";"Markus Molitor Bernkasteler Badstube Riesling Auslese** Feinherb";"2017";"349.8";"0.75";"466.4";"White wine";"Glass";"10";"4.664"
"Vinmonopolet";"7357201";"Berthelemot Chassagne-Montrachet 1er Cru Abbaye de Morgeot 2016";"Berthelemot Chassagne-Montrachet 1er Cru Abbaye de Morgeot";"2016";"598";"0.75";"797.33";"White wine";"Glass";"13";"6.133333"
"Vinmonopolet";"7357301";"Berthelemot Meursault 2016";"Berthelemot Meursault";"2016";"469";"0.75";"625.33";"White wine";"Glass";"13";"4.8102565"
"Vinmonopolet";"7357401";"Viviana Tequila Blanco";"Viviana Tequila Blanco";"0";"459.9";"0.7";"657";"Fruit spirit";"Glass";"38";"1.7289474"
"Vinmonopolet";"7357501";"Viviana Tequila Reposado";"Viviana Tequila Reposado";"0";"499.9";"0.7";"714.14";"Fruit spirit";"Glass";"38";"1.8793234"
"Vinmonopolet";"7357601";"Tequila Los Tres ToÃ±os Reposado";"Tequila Los Tres ToÃ±os Reposado";"0";"569.9";"0.7";"814.14";"Fruit spirit";"Glass";"38";"2.1424813"
"Vinmonopolet";"7358001";"Bourgogne AligotÃ© 2017";"Bourgogne AligotÃ©";"2017";"264.9";"0.75";"353.2";"White wine";"Glass";"12";"2.9433331"
"Vinmonopolet";"7358501";"JÃ©rÃ´me Arnoux Subtil Arbois Poulsard 2015";"JÃ©rÃ´me Arnoux Subtil Arbois Poulsard";"2015";"199.9";"0.75";"266.53";"RÃ¸dvin";"Glass";"13";"2.0502563"
"Vinmonopolet";"7358601";"JÃ©rÃ´me Arnoux RÃ©vÃ©lation Arbois Pinot Noir 2014";"JÃ©rÃ´me Arnoux RÃ©vÃ©lation Arbois Pinot Noir";"2014";"199.8";"0.75";"266.4";"RÃ¸dvin";"Glass";"12.5";"2.1312"
"Vinmonopolet";"7358701";"AndrÃ© Legrand Brut";"AndrÃ© Legrand Brut";"0";"269.9";"0.75";"359.87";"Champagne, brut";"Glass";"12";"2.9988887"
"Vinmonopolet";"7358901";"Stolpman Love You Bunches Carbonic Sangiovese 2018";"Stolpman Love You Bunches Carbonic Sangiovese";"2018";"319.9";"0.75";"426.53";"RÃ¸dvin";"Glass";"12";"3.5544443"
"Vinmonopolet";"7359001";"Stolpman Estate Grown Roussanne 2016";"Stolpman Estate Grown Roussanne";"2016";"379.9";"0.75";"506.53";"White wine";"Glass";"12";"4.221111"
"Vinmonopolet";"7359101";"Castelforte Spumante Brut";"Castelforte Spumante Brut";"0";"102.9";"0.75";"137.2";"Sparkling wine";"Glass";"11";"1.2472727"
"Vinmonopolet";"7359201";"Casa Nostra Organica";"Casa Nostra Organica";"2017";"119.9";"0.75";"159.87";"RÃ¸dvin";"Glass";"12.5";"1.2789334"
"Vinmonopolet";"7359801";"Kein Name Rheinhessen Riesling Trocken 2018";"Kein Name Rheinhessen Riesling Trocken";"2018";"119.9";"0.75";"159.87";"White wine";"Glass";"12";"1.3322222"
"Vinmonopolet";"7359902";"Sierra Nevada Hop Hunter IPA";"Sierra Nevada Hop Hunter IPA";"0";"49.8";"0.35";"140.28";"India pale ale";"Glass";"6.2";"2.294931"
"Vinmonopolet";"7360001";"Malfy Gin Con Limone";"Malfy Gin Con Limone";"0";"469.9";"0.7";"671.29";"Gin";"Glass";"41";"1.6372823"
"Vinmonopolet";"7360102";"Cervisiam Jungle Juice Imperial IPA";"Cervisiam Jungle Juice Imperial IPA";"0";"73.9";"0.33";"217.88";"India pale ale";"Emballasje med pant";"8.5";"2.634581"
"Vinmonopolet";"7360502";"Cervisiam Toxic Alevenger American Pale Ale";"Cervisiam Toxic Alevenger American Pale Ale";"0";"59.9";"0.33";"175.45";"Pale ale";"Emballasje med pant";"6";"3.0252526"
"Vinmonopolet";"7363501";"Vermell Celler del Roure 2016";"Vermell Celler del Roure";"2016";"189.6";"0.75";"252.8";"RÃ¸dvin";"Glass";"13.5";"1.8725927"
"Vinmonopolet";"7364402";"Strand BrÃ¦nderi Dry Aquavit";"Strand BrÃ¦nderi Dry Aquavit";"0";"399.9";"0.5";"799.8";"Aquavit";"Glass";"40";"1.9994999"
"Vinmonopolet";"7365102";"PÃ¼haste Dekadents Imperial Stout";"PÃ¼haste Dekadents Imperial Stout";"0";"81.9";"0.33";"248.18";"Porter and stout";"Glass";"11.2";"2.215909"
"Vinmonopolet";"7365402";"Frydenlund BokkÃ¸l";"Frydenlund BokkÃ¸l";"0";"33.9";"0.33";"102.73";"MÃ¸rk lager";"Glass";"6.5";"1.5804195"
"Vinmonopolet";"7365501";"AmByth Maiestas 2012";"AmByth Maiestas";"2012";"459";"0.75";"612";"RÃ¸dvin";"Glass";"13.3";"4.601504"
"Vinmonopolet";"7365601";"AmByth Tempranillo 2012";"AmByth Tempranillo";"2012";"459";"0.75";"612";"RÃ¸dvin";"Glass";"12.5";"4.896"
"Vinmonopolet";"7366701";"Petritegi Sidra Natural";"Petritegi Sidra Natural";"0";"114.9";"0.75";"153.2";"Cider";"Glass";"6";"2.5533333"
"Vinmonopolet";"7366801";"Sobrero Moscato d'Asti 2018";"Sobrero Moscato d'Asti";"2018";"169.9";"0.75";"226.53";"Sparkling wine";"Glass";"5";"4.5306664"
"Vinmonopolet";"7366901";"Sobrero Langhe Nebbiolo 2017";"Sobrero Langhe Nebbiolo";"2017";"259.9";"0.75";"346.53";"RÃ¸dvin";"Glass";"13.5";"2.5669136"
"Vinmonopolet";"7367001";"Sobrero Barbera d`Alba Selectio 2018";"Sobrero Barbera d`Alba Selectio";"2018";"239.9";"0.75";"319.87";"RÃ¸dvin";"Glass";"15";"2.1324444"
"Vinmonopolet";"7367301";"Solo TiÃ³lico Blanco 2016";"Solo TiÃ³lico Blanco";"2016";"149.6";"0.75";"199.47";"White wine";"Glass";"13.5";"1.477531"
"Vinmonopolet";"7367501";"SafrÃ  Celler del Roure 2016";"SafrÃ  Celler del Roure";"2016";"199.8";"0.75";"266.4";"RÃ¸dvin";"Glass";"12.5";"2.1312"
"Vinmonopolet";"7367601";"Parotet Celler del Roure 2013";"Parotet Celler del Roure";"2013";"249.9";"0.75";"333.2";"RÃ¸dvin";"Glass";"14";"2.3799999"
"Vinmonopolet";"7367702";"Lustau Palo Cortado VORS 30 YO";"Lustau Palo Cortado VORS 30 YO";"0";"720.1";"0.5";"1440.2";"Sherry";"Glass";"20.5";"7.025366"
"Vinmonopolet";"7367902";"Alvinne Sigma";"Alvinne Sigma";"0";"38.9";"0.33";"117.88";"SurÃ¸l";"Glass";"10";"1.1787878"
"Vinmonopolet";"7368401";"Stolpman Para Maria 2017";"Stolpman Para Maria";"2017";"319.9";"0.75";"426.53";"RÃ¸dvin";"Glass";"14.1";"3.025059"
"Vinmonopolet";"7368501";"Stolpman Combe Trousseau 2018";"Stolpman Combe Trousseau";"2018";"399.9";"0.75";"533.2";"RÃ¸dvin";"Glass";"12";"4.443333"
"Vinmonopolet";"7368601";"Black Sheep Finds Holus Bolus Franc de Pied Syrah 2017";"Black Sheep Finds Holus Bolus Franc de Pied Syrah";"2017";"429";"0.75";"572";"RÃ¸dvin";"Glass";"13.5";"4.237037"
"Vinmonopolet";"7369101";"Solter RosÃ© Brut 2013";"Solter RosÃ© Brut";"2013";"237.9";"0.75";"317.2";"Musserende vin, rosÃ©";"Glass";"12.5";"2.5376"
"Vinmonopolet";"7369201";"Solter Rheingau Riesling RÃ©serve Brut 2012";"Solter Rheingau Riesling RÃ©serve Brut";"2012";"367.3";"0.75";"489.73";"Sparkling wine";"Glass";"12.5";"3.9178665"
"Vinmonopolet";"7369401";"Schloss Neuweier Mauerberg Riesling Trocken 2017";"Schloss Neuweier Mauerberg Riesling Trocken";"2017";"235";"0.75";"313.33";"White wine";"Glass";"12.5";"2.5066667"
"Vinmonopolet";"7370605";"Olivier Guyot Gevrey-Chambertin 1er Cru Les Champeaux 2013";"Olivier Guyot Gevrey-Chambertin 1er Cru Les Champeaux";"2013";"1925.9";"1.5";"1283.93";"RÃ¸dvin";"Glass";"12.5";"10.271467"
"Vinmonopolet";"7371701";"Palladino Nebbiolo d'Alba 2016";"Palladino Nebbiolo d'Alba";"2016";"275";"0.75";"366.67";"RÃ¸dvin";"Glass";"14";"2.6190476"
"Vinmonopolet";"7371801";"R. H. Coutier Blanc de Blancs Grand Cru Brut";"R. H. Coutier Blanc de Blancs Grand Cru Brut";"0";"404.8";"0.75";"539.73";"Champagne, brut";"Glass";"12";"4.4977775"
"Vinmonopolet";"7372501";"Suenen Ã Cramant RosÃ© Grand Cru Brut";"Suenen Ã Cramant RosÃ© Grand Cru Brut";"0";"500";"0.75";"666.67";"Champagne, rosÃ©";"Glass";"12";"5.5555553"
"Vinmonopolet";"7372701";"Le Dom d'Henri Heritage Chablis 1er Cru Fourchaume 2015";"Le Dom d'Henri Heritage Chablis 1er Cru Fourchaume";"2015";"625";"0.75";"833.33";"White wine";"Glass";"13";"6.4102564"
"Vinmonopolet";"7372801";"Le Dom. d'Henri Chablis Saint Pierre 2015";"Le Dom. d'Henri Chablis Saint Pierre";"2015";"320";"0.75";"426.67";"White wine";"Glass";"13";"3.2820513"
"Vinmonopolet";"7372805";"Le Dom. d'Henri Chablis Saint Pierre";"Le Dom. d'Henri Chablis Saint Pierre";"2015";"699.9";"1.5";"466.6";"White wine";"Glass";"13";"3.5892308"
"Vinmonopolet";"7372901";"Le Dom. d'Henri Chablis Premier Cru Fourchaume 2017";"Le Dom. d'Henri Chablis Premier Cru Fourchaume";"2017";"470";"0.75";"626.67";"White wine";"Glass";"13";"4.820513"
"Vinmonopolet";"7372905";"Le Dom. d'Henri Chablis Premier Cru Fourchaume 2014";"Le Dom. d'Henri Chablis Premier Cru Fourchaume";"2014";"999.9";"1.5";"666.6";"White wine";"Glass";"13";"5.127692"
"Vinmonopolet";"7373201";"Castillo D Montblanc Brut";"Castillo D Montblanc Brut";"0";"252";"0.75";"336";"Sparkling wine";"Glass";"12";"2.8"
"Vinmonopolet";"7373301";"Ch. Barde-Haut 2014";"Ch. Barde-Haut";"2014";"539";"0.75";"718.67";"RÃ¸dvin";"Glass";"14.5";"4.9563217"
"Vinmonopolet";"7373501";"Ch. PÃ©desclaux 2014";"Ch. PÃ©desclaux";"2014";"769";"0.75";"1025.33";"RÃ¸dvin";"Glass";"14";"7.3238096"
"Vinmonopolet";"7373601";"Caballero de Olmedo Verdejo 2017";"Caballero de Olmedo Verdejo";"2017";"165.6";"0.75";"220.8";"White wine";"Glass";"13";"1.6984617"
"Vinmonopolet";"7374001";"Plantation Gran Anejo";"Plantation Gran Anejo";"0";"609.9";"0.7";"871.29";"Rum";"Glass";"42";"2.0744898"
"Vinmonopolet";"7374501";"Black Stallion Chardonnay 2017";"Black Stallion Chardonnay";"2017";"269.9";"0.75";"359.87";"White wine";"Glass";"14.5";"2.481839"
"Vinmonopolet";"7374601";"Gnarly Head Chardonnay 2017";"Gnarly Head Chardonnay";"2017";"164.9";"0.75";"219.87";"White wine";"Glass";"13.5";"1.628642"
"Vinmonopolet";"7374701";"Selva Capuzza San Biagio 2017";"Selva Capuzza San Biagio";"2017";"199.9";"0.75";"266.53";"RÃ¸dvin";"Glass";"12.5";"2.1322665"
"Vinmonopolet";"7374801";"Proyecto Cu4tro";"Proyecto Cu4tro";"0";"256";"0.75";"341.33";"RÃ¸dvin";"Glass";"14";"2.4380953"
"Vinmonopolet";"7375301";"Dom. Jolivet L'Instinct Saint-Joseph 2015";"Dom. Jolivet L'Instinct Saint-Joseph";"2015";"350.2";"0.75";"466.93";"RÃ¸dvin";"Glass";"14.5";"3.22023"
"Vinmonopolet";"7375901";"Anna de CodornÃ­u Brut RosÃ©";"Anna de CodornÃ­u Brut RosÃ©";"0";"169.9";"0.75";"226.53";"Musserende vin, rosÃ©";"Glass";"11.5";"1.969855"
"Vinmonopolet";"7376001";"Foradori Fuoripista Pinot Grigio 2018";"Foradori Fuoripista Pinot Grigio";"2018";"389.9";"0.75";"519.87";"White wine";"Glass";"13";"3.9989743"
"Vinmonopolet";"7376801";"Ganevat Les Grands Teppes Vieilles Vignes 2016";"Ganevat Les Grands Teppes Vieilles Vignes";"2016";"679.9";"0.75";"906.53";"White wine";"Glass";"13";"6.9733334"
"Vinmonopolet";"7377401";"Meyer McLean Creek Road Pinot Noir 2018";"Meyer McLean Creek Road Pinot Noir";"2018";"369";"0.75";"492";"RÃ¸dvin";"Glass";"13.5";"3.6444445"
"Vinmonopolet";"7377501";"Meyer Pinot Noir 2018";"Meyer Pinot Noir";"2018";"269.9";"0.75";"359.87";"RÃ¸dvin";"Glass";"13.5";"2.665679"
"Vinmonopolet";"7377701";"Blue Mountain Chardonnay 2017";"Blue Mountain Chardonnay";"2017";"259.9";"0.75";"346.53";"White wine";"Glass";"13.5";"2.5669136"
"Vinmonopolet";"7377801";"Blue Mountain Gold Label Brut";"Blue Mountain Gold Label Brut";"0";"259.9";"0.75";"346.53";"Sparkling wine";"Glass";"12";"2.8877778"
"Vinmonopolet";"7378201";"Dr Crusius Felsenberg GG 2016";"Dr Crusius Felsenberg GG";"2016";"385";"0.75";"513.33";"White wine";"Glass";"13";"3.9487178"
"Vinmonopolet";"7378301";"O.P. Anderson Petronella";"O.P. Anderson Petronella";"0";"289.9";"0.7";"414.14";"Other spirit";"Glass";"30";"1.3804762"
"Vinmonopolet";"7380206";"Tabiso Shiraz Cabernet Sauvignon";"Tabiso Shiraz Cabernet Sauvignon";"0";"479.9";"3";"159.97";"RÃ¸dvin";"Bag-in-box";"15";"1.0664444"
"Vinmonopolet";"7380401";"Ãtienne Calsac les Rocheforts Premier Cru Extra Brut";"Ãtienne Calsac les Rocheforts Premier Cru Extra Brut";"2014";"450.4";"0.75";"600.53";"Champagne extra brut";"Glass";"12";"5.0044446"
"Vinmonopolet";"7380501";"Amuse RosÃ© 2016";"Amuse RosÃ©";"2016";"187.7";"0.75";"250.27";"RosÃ©vin";"Glass";"13";"1.9251282"
"Vinmonopolet";"7380702";"Siren Craft Brew Pompelmocello";"Siren Craft Brew Pompelmocello";"0";"62.3";"0.33";"188.79";"India pale ale";"Glass";"6";"3.1464646"
"Vinmonopolet";"7381901";"Muses Estate Mouhtaro 2014";"Muses Estate Mouhtaro";"2014";"227";"0.75";"302.67";"RÃ¸dvin";"Glass";"13";"2.328205"
"Vinmonopolet";"7382105";"Moutardier Carte d'Or Brut";"Moutardier Carte d'Or Brut";"0";"649.6";"1.5";"433.07";"Champagne, brut";"Glass";"12";"3.6088889"
"Vinmonopolet";"7382201";"Suenen Oiry Blanc de Blancs Grand Cru Extra Brut 2013";"Suenen Oiry Blanc de Blancs Grand Cru Extra Brut";"2013";"500.3";"0.75";"667.07";"Champagne extra brut";"Glass";"12";"5.558889"
"Vinmonopolet";"7382301";"Suenen C+C Blanc de Blanc Grand Cru Extra Brut 2013";"Suenen C+C Blanc de Blanc Grand Cru Extra Brut";"2013";"579.4";"0.75";"772.53";"Champagne extra brut";"Glass";"12";"6.437778"
"Vinmonopolet";"7382401";"Plaimont Terroirs de Tilhet La RÃ©serve 2015";"Plaimont Terroirs de Tilhet La RÃ©serve";"2015";"139.9";"0.75";"186.53";"RÃ¸dvin";"Glass";"13";"1.4348717"
"Vinmonopolet";"7382501";"Zorita Criado en Barrica 2014";"Zorita Criado en Barrica";"2014";"117.9";"0.75";"157.2";"RÃ¸dvin";"Glass";"14";"1.1228572"
"Vinmonopolet";"7382702";"Lofotpils Nordlands IPA";"Lofotpils Nordlands IPA";"0";"57.8";"0.33";"175.15";"India pale ale";"Glass";"8";"2.1893938"
"Vinmonopolet";"7382801";"Dominic Basket Case Pinot Noir 2017";"Dominic Basket Case Pinot Noir";"2017";"145";"0.75";"193.33";"RÃ¸dvin";"Glass";"13";"1.4871795"
"Vinmonopolet";"7384301";"Solo Craft Gin";"Solo Craft Gin";"0";"347.8";"0.7";"496.86";"Gin";"Glass";"40";"1.2421428"
"Vinmonopolet";"7385601";"Lotherus Sider";"Lotherus Sider";"2018";"164.9";"0.75";"219.87";"Cider";"Glass";"6.9";"3.1864734"
"Vinmonopolet";"7387201";"Ch. d'Issan 2014";"Ch. d'Issan";"2014";"904.9";"0.75";"1206.53";"RÃ¸dvin";"Glass";"13";"9.281026"
"Vinmonopolet";"7387301";"Ch. Fonroque 2014";"Ch. Fonroque";"2014";"475";"0.75";"633.33";"RÃ¸dvin";"Glass";"13.5";"4.691358"
"Vinmonopolet";"7387401";"Ch. Sociando-Mallet 2014";"Ch. Sociando-Mallet";"2014";"625";"0.75";"833.33";"RÃ¸dvin";"Glass";"13.5";"6.1728396"
"Vinmonopolet";"7387502";"Sundbytunet Gardspils";"Sundbytunet Gardspils";"0";"45.9";"0.33";"139.09";"Light lager";"Glass";"5.5";"2.5289257"
"Vinmonopolet";"7387701";"Ch. Poujeaux 2014";"Ch. Poujeaux";"2014";"575";"0.75";"766.67";"RÃ¸dvin";"Glass";"13.5";"5.6790123"
"Vinmonopolet";"7387901";"Ch. Talbot 2014";"Ch. Talbot";"2014";"1045";"0.75";"1393.33";"RÃ¸dvin";"Glass";"13.5";"10.320988"
"Vinmonopolet";"7388101";"Ch. de Gironville 2010";"Ch. de Gironville";"2010";"335";"0.75";"446.67";"RÃ¸dvin";"Glass";"13.5";"3.308642"
"Vinmonopolet";"7388401";"Witches Falls Prophecy Cabernet Sauvignon 2014";"Witches Falls Prophecy Cabernet Sauvignon";"2014";"350";"0.75";"466.67";"RÃ¸dvin";"Glass";"13.4";"3.482587"
"Vinmonopolet";"7388501";"Witches Falls Wild Ferment Garnacha 2016";"Witches Falls Wild Ferment Garnacha";"2016";"220";"0.75";"293.33";"RÃ¸dvin";"Glass";"14.6";"2.0091324"
"Vinmonopolet";"7388601";"Witches Falls Granite Belt Cabernet Sauvignon 2015";"Witches Falls Granite Belt Cabernet Sauvignon";"2015";"205";"0.75";"273.33";"RÃ¸dvin";"Glass";"13.5";"2.0246913"
"Vinmonopolet";"7388701";"Anna de CodornÃ­u Blanc de Noirs";"Anna de CodornÃ­u Blanc de Noirs";"0";"159.9";"0.75";"213.2";"Sparkling wine";"Glass";"11.5";"1.853913"
"Vinmonopolet";"7388804";"Anna de CodornÃ­u Blanc de Blancs Reserva Brut";"Anna de CodornÃ­u Blanc de Blancs Reserva Brut";"0";"51.9";"0.2";"259.5";"Sparkling wine";"Glass";"11.5";"2.2565217"
"Vinmonopolet";"7388805";"Anna de CodornÃ­u Blanc de Blancs Reserva Brut";"Anna de CodornÃ­u Blanc de Blancs Reserva Brut";"0";"324.7";"1.5";"216.47";"Sparkling wine";"Glass";"11.5";"1.8823189"
"Vinmonopolet";"7389701";"Ch. Brillette 2009";"Ch. Brillette";"2009";"385.4";"0.75";"513.87";"RÃ¸dvin";"Glass";"14.5";"3.5439079"
"Vinmonopolet";"7389901";"Ch. Sociando-Mallet 2002";"Ch. Sociando-Mallet";"2002";"745";"0.75";"993.33";"RÃ¸dvin";"Glass";"12.5";"7.9466667"
"Vinmonopolet";"7390101";"Ch. Berliquet 2014";"Ch. Berliquet";"2014";"635";"0.75";"846.67";"RÃ¸dvin";"Glass";"13.5";"6.271605"
"Vinmonopolet";"7390201";"Ch. Marsac SÃ©guineau 2010";"Ch. Marsac SÃ©guineau";"2010";"349.3";"0.75";"465.73";"RÃ¸dvin";"Glass";"14";"3.3266666"
"Vinmonopolet";"7390301";"Ch. Les Grands ChÃ©nes 2009";"Ch. Les Grands ChÃ©nes";"2009";"398.4";"0.75";"531.2";"RÃ¸dvin";"Glass";"14";"3.7942858"
"Vinmonopolet";"7390501";"Ch. Les Grands ChÃ©nes 2010";"Ch. Les Grands ChÃ©nes";"2010";"429";"0.75";"572";"RÃ¸dvin";"Glass";"13.5";"4.237037"
"Vinmonopolet";"7390901";"Suenen Ã Cramant Bl de Bl GC Extra Brut 2009";"Suenen Ã Cramant Bl de Bl GC Extra Brut";"2009";"600.3";"0.75";"800.4";"Champagne extra brut";"Glass";"12";"6.67"
"Vinmonopolet";"7391202";"Wolfberger Cremant d'Alsace Brut";"Wolfberger Cremant d'Alsace Brut";"0";"125";"0.38";"333.33";"Sparkling wine";"Glass";"12.5";"2.631579"
"Vinmonopolet";"7391404";"Verrocchio Prosecco Extra Dry";"Verrocchio Prosecco Extra Dry";"0";"49.9";"0.2";"249.5";"Sparkling wine";"Glass";"11";"2.2681818"
"Vinmonopolet";"7391501";"Heavy Metal CabernHell";"Heavy Metal CabernHell";"0";"125";"0.75";"166.67";"RÃ¸dvin";"Glass";"13";"1.2820513"
"Vinmonopolet";"7391701";"Heavy Metal Hellysium";"Heavy Metal Hellysium";"0";"110";"0.75";"146.67";"White wine";"Glass";"14";"1.0476191"
"Vinmonopolet";"7392001";"The City Runner Cabernet Sauvignon 2016";"The City Runner Cabernet Sauvignon";"2016";"155";"0.75";"206.67";"RÃ¸dvin";"Glass";"13.5";"1.5308642"
"Vinmonopolet";"7392501";"Giffard Ginger of the Indies";"Giffard Ginger of the Indies";"0";"389.9";"0.7";"557";"LikÃ¸r";"Glass";"35";"1.5914285"
"Vinmonopolet";"7392702";"Giffard CrÃ¨me de MÃ»re";"Giffard CrÃ¨me de MÃ»re";"0";"209.9";"0.5";"419.8";"LikÃ¸r";"Glass";"16";"2.62375"
"Vinmonopolet";"7392802";"Giffard CrÃ¨me de PÃªche";"Giffard CrÃ¨me de PÃªche";"0";"194.9";"0.5";"389.8";"LikÃ¸r";"Glass";"16";"2.43625"
"Vinmonopolet";"7392902";"Giffard Caramel & Cognac Liqueur";"Giffard Caramel & Cognac Liqueur";"0";"274.9";"0.5";"549.8";"LikÃ¸r";"Glass";"25";"2.1992"
"Vinmonopolet";"7393002";"Giffard CrÃ¨me de Cassis dâAnjou";"Giffard CrÃ¨me de Cassis dâAnjou";"0";"294.9";"0.5";"589.8";"LikÃ¸r";"Glass";"16";"3.68625"
"Vinmonopolet";"7393101";"Giffard Abricot du Roussillon";"Giffard Abricot du Roussillon";"0";"369.9";"0.7";"528.43";"LikÃ¸r";"Glass";"25";"2.1137142"
"Vinmonopolet";"7393201";"Nordic Vodka";"Nordic Vodka";"0";"348.7";"0.7";"498.14";"Vodka";"Metall";"40";"1.2453572"
"Vinmonopolet";"7393302";"Giffard CrÃ¨me de Fraise des Bois";"Giffard CrÃ¨me de Fraise des Bois";"0";"214.9";"0.5";"429.8";"LikÃ¸r";"Glass";"16";"2.68625"
"Vinmonopolet";"7393401";"Giffard CrÃ¨me de Fruit de la Passion";"Giffard CrÃ¨me de Fruit de la Passion";"0";"239.9";"0.7";"342.71";"LikÃ¸r";"Glass";"16";"2.1419642"
"Vinmonopolet";"7393602";"Troubadour Obscura";"Troubadour Obscura";"0";"54.8";"0.33";"166.06";"Pale ale";"Glass";"8.2";"2.0251293"
"Vinmonopolet";"7393802";"Troubadour Magma";"Troubadour Magma";"0";"59.8";"0.33";"181.21";"India pale ale";"Glass";"9";"2.0134678"
"Vinmonopolet";"7395901";"Haywire Secrest Mountain Gamay 2017";"Haywire Secrest Mountain Gamay";"2017";"279";"0.75";"372";"RÃ¸dvin";"Glass";"13.5";"2.7555556"
"Vinmonopolet";"7396101";"Blue Mountain Gamay Noir 2017";"Blue Mountain Gamay Noir";"2017";"269";"0.75";"358.67";"RÃ¸dvin";"Glass";"13";"2.7589743"
"Vinmonopolet";"7396201";"Blue Mountain Estate CuvÃ©e Pinot Noir 2017";"Blue Mountain Estate CuvÃ©e Pinot Noir";"2017";"339";"0.75";"452";"RÃ¸dvin";"Glass";"13";"3.476923"
"Vinmonopolet";"7396301";"Nichol Nate's Vineyard Syrah 2017";"Nichol Nate's Vineyard Syrah";"2017";"289";"0.75";"385.33";"RÃ¸dvin";"Glass";"12.5";"3.0826666"
"Vinmonopolet";"7396501";"Lock & Worth Semillon 2017";"Lock & Worth Semillon";"2017";"300";"0.75";"400";"White wine";"Glass";"12.4";"3.2258065"
"Vinmonopolet";"7396601";"Lock & Worth Cabernet Franc 2017";"Lock & Worth Cabernet Franc";"2017";"309";"0.75";"412";"RÃ¸dvin";"Glass";"12.4";"3.3225808"
"Vinmonopolet";"7397002";"Giffard Rhubarb Liqueur";"Giffard Rhubarb Liqueur";"0";"246.9";"0.5";"493.8";"LikÃ¸r";"Glass";"20";"2.4689999"
"Vinmonopolet";"7397102";"Kuehn Mystique IPA 2017";"Kuehn Mystique IPA";"2017";"55.1";"0.33";"166.97";"India pale ale";"Glass";"7";"2.3852813"
"Vinmonopolet";"7397202";"Kuehn Kerlig Hell 2017";"Kuehn Kerlig Hell";"2017";"48.7";"0.33";"147.58";"Light lager";"Glass";"5.2";"2.8379953"
"Vinmonopolet";"7397402";"Kuehnes Blondes 2017";"Kuehnes Blondes";"2017";"46.3";"0.33";"140.3";"HveteÃ¸l";"Glass";"4.9";"2.863327"
"Vinmonopolet";"7400101";"Grand Enclos du Chateau de Cerons 2016";"Grand Enclos du Chateau de Cerons";"2016";"247.8";"0.75";"330.4";"White wine";"Glass";"13.5";"2.4474075"
"Vinmonopolet";"7400201";"Plantation Original Dark Rum";"Plantation Original Dark Rum";"0";"404.9";"0.7";"578.43";"Rum";"Glass";"40";"1.4460714"
"Vinmonopolet";"7400401";"Reverdy & Fils La VillaudiÃ¨re Sauvignon Blanc 2019";"Reverdy & Fils La VillaudiÃ¨re Sauvignon Blanc";"2019";"139.9";"0.75";"186.53";"White wine";"Glass";"12.5";"1.4922667"
"Vinmonopolet";"7401004";"Delorme CrÃ©mant de Bourgogne Brut";"Delorme CrÃ©mant de Bourgogne Brut";"0";"74.9";"0.2";"374.5";"Sparkling wine";"Glass";"12";"3.1208334"
"Vinmonopolet";"7401101";"Delorme CrÃ©mant de Bourgogne Ice";"Delorme CrÃ©mant de Bourgogne Ice";"2019";"199.9";"0.75";"266.53";"Sparkling wine";"Glass";"12";"2.221111"
"Vinmonopolet";"7401701";"Ch. de Mascaraas 2014";"Ch. de Mascaraas";"2014";"186";"0.75";"248";"RÃ¸dvin";"Glass";"13.5";"1.8370371"
"Vinmonopolet";"7401802";"Nonino Bianco il Prosecco di Grappa";"Nonino Bianco il Prosecco di Grappa";"0";"375";"0.5";"750";"Grape spirit";"Glass";"38";"1.9736842"
"Vinmonopolet";"7401901";"Musella Drago Valpolicella Superiore 2017";"Musella Drago Valpolicella Superiore";"2017";"209.9";"0.75";"279.87";"RÃ¸dvin";"Glass";"13";"2.1528203"
"Vinmonopolet";"7402501";"Poiron Dabin Ch. ThÃ©baud Muscadet SÃ¨vre et Maine Clos des TabardiÃ¨res 2010";"Poiron Dabin Ch. ThÃ©baud Muscadet SÃ¨vre et Maine Clos des TabardiÃ¨res";"2010";"250.2";"0.75";"333.6";"White wine";"Glass";"12";"2.78"
"Vinmonopolet";"7402706";"Moncaro Bianco 2018";"Moncaro Bianco";"2018";"429.9";"3";"143.3";"White wine";"Bag-in-box";"12.5";"1.1464"
"Vinmonopolet";"7403102";"O. P. Anderson Petronella";"O. P. Anderson Petronella";"0";"149.9";"0.35";"428.29";"Other spirit";"Glass";"30";"1.427619"
"Vinmonopolet";"7403201";"O.P. Anderson Klar";"O.P. Anderson Klar";"0";"349.9";"0.7";"499.86";"Aquavit";"Glass";"40";"1.2496428"
"Vinmonopolet";"7404802";"Cornarea Tarasco Passito 2011";"Cornarea Tarasco Passito";"2011";"254.9";"0.38";"679.73";"White wine";"Glass";"12.5";"5.366316"
"Vinmonopolet";"7404901";"Kruger-Rumpf DautenpflÃ¤nzer Riesling GG 2017";"Kruger-Rumpf DautenpflÃ¤nzer Riesling GG";"2017";"339.9";"0.75";"453.2";"White wine";"Glass";"13";"3.4861538"
"Vinmonopolet";"7405001";"Kruger-Rumpf Pitterberg Riesling GG 2018";"Kruger-Rumpf Pitterberg Riesling GG";"2018";"339.9";"0.75";"453.2";"White wine";"Glass";"13";"3.4861538"
"Vinmonopolet";"7405101";"Desvignes Chardonnay Reserve 2018";"Desvignes Chardonnay Reserve";"2018";"144.9";"0.75";"193.2";"White wine";"Glass";"13";"1.4861538"
"Vinmonopolet";"7405201";"Federico Paternina Reserva 2012";"Federico Paternina Reserva";"2012";"159.9";"0.75";"213.2";"RÃ¸dvin";"Glass";"13.5";"1.5792592"
"Vinmonopolet";"7405306";"Fynbos Chenin Blanc 2019";"Fynbos Chenin Blanc";"2019";"379.9";"3";"126.63";"White wine";"Bag-in-box";"13";"0.97410256"
"Vinmonopolet";"7406001";"Creation Chardonnay 2017";"Creation Chardonnay";"2017";"289";"0.75";"385.33";"White wine";"Glass";"14";"2.7523808"
"Vinmonopolet";"7406101";"Chakana Ayni Malbec Paraje Altamira 2017";"Chakana Ayni Malbec Paraje Altamira";"2017";"238";"0.75";"317.33";"RÃ¸dvin";"Glass";"13";"2.4410257"
"Vinmonopolet";"7406201";"Pod. Ruggeri Corsini Barolo San Pietro 2015";"Pod. Ruggeri Corsini Barolo San Pietro";"2015";"329.8";"0.75";"439.73";"RÃ¸dvin";"Glass";"14";"3.1409523"
"Vinmonopolet";"7406501";"Finca Las Moras Gran Syrah 2014";"Finca Las Moras Gran Syrah";"2014";"259.9";"0.75";"346.53";"RÃ¸dvin";"Glass";"14.5";"2.389885"
"Vinmonopolet";"7406701";"Plantation Rum Jamaica 2005";"Plantation Rum Jamaica";"2005";"656.9";"0.7";"938.43";"Rum";"Glass";"45.2";"2.0761695"
"Vinmonopolet";"7406901";"Primoris KragerÃ¸ Bianco Spumante Extra Dry";"Primoris KragerÃ¸ Bianco Spumante Extra Dry";"0";"159.9";"0.75";"213.2";"Sparkling wine";"Glass";"11.5";"1.853913"
"Vinmonopolet";"7407001";"Primoris Ãlesund Bianco Spumante Extra Dry";"Primoris Ãlesund Bianco Spumante Extra Dry";"0";"159.7";"0.75";"212.93";"Sparkling wine";"Glass";"11.5";"1.8515942"
"Vinmonopolet";"7407101";"CamaleÃ£o Loureiro e Alvarinho 2019";"CamaleÃ£o Loureiro e Alvarinho";"2019";"159.9";"0.75";"213.2";"White wine";"Glass";"12";"1.7766666"
"Vinmonopolet";"7407106";"CamaleÃ£o Loureiro e Alvarinho";"CamaleÃ£o Loureiro e Alvarinho";"2019";"409.9";"3";"136.63";"White wine";"Bag-in-box";"11";"1.2421212"
"Vinmonopolet";"7407201";"CamaleÃ£o Alvarinho 2019";"CamaleÃ£o Alvarinho";"2019";"195";"0.75";"260";"White wine";"Glass";"13";"2"
"Vinmonopolet";"7407501";"Primoris KragerÃ¸ Merlot Superiore Breganze 2015";"Primoris KragerÃ¸ Merlot Superiore Breganze";"2015";"165";"0.75";"220";"RÃ¸dvin";"Glass";"13";"1.6923077"
"Vinmonopolet";"7407706";"Tommasi Pinot Grigio 2019";"Tommasi Pinot Grigio";"2019";"435";"3";"145";"White wine";"Bag-in-box";"12";"1.2083334"
"Vinmonopolet";"7408101";"Dom. Antugnac CÃ´tÃ© Pierre Lys Pinot Noir 2016";"Dom. Antugnac CÃ´tÃ© Pierre Lys Pinot Noir";"2016";"215";"0.75";"286.67";"RÃ¸dvin";"Glass";"13";"2.2051282"
"Vinmonopolet";"7408601";"Lafage Miraflors 2019";"Lafage Miraflors";"2019";"179.9";"0.75";"239.87";"RosÃ©vin";"Glass";"12.5";"1.9189333"
"Vinmonopolet";"7409501";"Thomas Morey Bourgogne Chardonnay 2018";"Thomas Morey Bourgogne Chardonnay";"2018";"353.8";"0.75";"471.73";"White wine";"Glass";"13";"3.628718"
"Vinmonopolet";"7409701";"Santa Margherita Prosecco Extra Dry";"Santa Margherita Prosecco Extra Dry";"0";"217.6";"0.75";"290.13";"Sparkling wine";"Glass";"11.5";"2.5228987"
"Vinmonopolet";"7410801";"Cocchi Bianco Americano";"Cocchi Bianco Americano";"0";"316.9";"0.75";"422.53";"Flavoured wine	";"Glass";"16.5";"2.560808"
"Vinmonopolet";"7410901";"Amrut Rye";"Amrut Rye";"0";"2060";"0.7";"2942.86";"Whisky";"Glass";"50";"5.8857145"
"Vinmonopolet";"7411202";"Spirit of Hven Tycho's Star Single Malt";"Spirit of Hven Tycho's Star Single Malt";"0";"798.9";"0.5";"1597.8";"Whisky";"Glass";"41.8";"3.8224883"
"Vinmonopolet";"7411301";"Amrut 7 YO Double Cask";"Amrut 7 YO Double Cask";"0";"2025";"0.7";"2892.86";"Whisky";"Glass";"46";"6.28882"
"Vinmonopolet";"7411502";"Spirit of Hven Navy Strength Gin";"Spirit of Hven Navy Strength Gin";"0";"690.1";"0.5";"1380.2";"Gin";"Glass";"57.1";"2.417163"
"Vinmonopolet";"7411702";"Cocchi Barolo Chinato";"Cocchi Barolo Chinato";"0";"389.9";"0.5";"779.8";"Flavoured wine	";"Glass";"16.5";"4.7260604"
"Vinmonopolet";"7411801";"Cocchi Dopo Teatro Vermouth Amaro";"Cocchi Dopo Teatro Vermouth Amaro";"2016";"316.9";"0.75";"422.53";"Vermouth";"Glass";"16";"2.6408334"
"Vinmonopolet";"7411901";"Cocchi Vermouth di Torino";"Cocchi Vermouth di Torino";"2016";"316.9";"0.75";"422.53";"Vermouth";"Glass";"16";"2.6408334"
"Vinmonopolet";"7412001";"Pavelot Savigny-les-Beaune 1er Cru Aux Guettes 2014";"Pavelot Savigny-les-Beaune 1er Cru Aux Guettes";"2014";"374.8";"0.75";"499.73";"RÃ¸dvin";"Glass";"13";"3.8441024"
"Vinmonopolet";"7412101";"Pavelot Savigny-les-Beaune 1er Cru Aux Gravains 2014";"Pavelot Savigny-les-Beaune 1er Cru Aux Gravains";"2014";"412";"0.75";"549.33";"RÃ¸dvin";"Glass";"13";"4.2256413"
"Vinmonopolet";"7412201";"Devevey Rully La Chaume Rouge 2014";"Devevey Rully La Chaume Rouge";"2014";"309";"0.75";"412";"RÃ¸dvin";"Glass";"12.5";"3.296"
"Vinmonopolet";"7412301";"Sacred Vodka";"Sacred Vodka";"0";"528.5";"0.7";"755";"Vodka";"Glass";"40";"1.8875"
"Vinmonopolet";"7412401";"Pavelot Savigny-les-Beaune 1er Cru La Dominode 2014";"Pavelot Savigny-les-Beaune 1er Cru La Dominode";"2014";"438";"0.75";"584";"RÃ¸dvin";"Glass";"13";"4.4923077"
"Vinmonopolet";"7412601";"Digioia-Royer Chambolle-Musigny 2011";"Digioia-Royer Chambolle-Musigny";"2011";"429.9";"0.75";"573.2";"RÃ¸dvin";"Glass";"13";"4.4092307"
"Vinmonopolet";"7412901";"Digioia-Royer Chambolle-Musigny 2013";"Digioia-Royer Chambolle-Musigny";"2013";"499.9";"0.75";"666.53";"RÃ¸dvin";"Glass";"13";"5.1271796"
"Vinmonopolet";"7419301";"Marchesi di Gresy Langhe Martinenga Nebbiolo 2015";"Marchesi di Gresy Langhe Martinenga Nebbiolo";"2015";"339.9";"0.75";"453.2";"RÃ¸dvin";"Glass";"14";"3.2371428"
"Vinmonopolet";"7419401";"Marc Morey Chassagne-Montrachet 2017";"Marc Morey Chassagne-Montrachet";"2017";"599.9";"0.75";"799.87";"White wine";"Glass";"13.5";"5.9249387"
"Vinmonopolet";"7419501";"Paolo Leo Passitivo Primitivo RosÃ¨ 2016";"Paolo Leo Passitivo Primitivo RosÃ¨";"2016";"179.9";"0.75";"239.87";"RosÃ©vin";"Glass";"12.5";"1.9189333"
"Vinmonopolet";"7419701";"Pierre Luneau-Papin Le Verger 2018";"Pierre Luneau-Papin Le Verger";"2018";"189.9";"0.75";"253.2";"White wine";"Glass";"12.5";"2.0256"
"Vinmonopolet";"7419801";"Pierre Luneau-Papin Terre de Pierre 2018";"Pierre Luneau-Papin Terre de Pierre";"2018";"259.9";"0.75";"346.53";"White wine";"Glass";"12";"2.8877778"
"Vinmonopolet";"7419901";"Pierre Luneau-Papin La Grange Vieilles Vignes 2017";"Pierre Luneau-Papin La Grange Vieilles Vignes";"2017";"209.9";"0.75";"279.87";"White wine";"Glass";"12";"2.3322222"
"Vinmonopolet";"7420001";"Pierre Luneau-Papin Vera Cruz 2018";"Pierre Luneau-Papin Vera Cruz";"2018";"239.9";"0.75";"319.87";"White wine";"Glass";"12";"2.6655555"
"Vinmonopolet";"7420101";"Les Vins ContÃ©s Bois Sans Soif 2017";"Les Vins ContÃ©s Bois Sans Soif";"2017";"249";"0.75";"332";"White wine";"Glass";"11.5";"2.8869565"
"Vinmonopolet";"7420201";"Les Vins ContÃ©s R18 2018";"Les Vins ContÃ©s R18";"2018";"239";"0.75";"318.67";"RÃ¸dvin";"Glass";"11";"2.8969698"
"Vinmonopolet";"7420901";"SchÃ¤fer-FrÃ¶hlich FrÃ¼hlingsplÃ¤tzchen Riesling GG 2015";"SchÃ¤fer-FrÃ¶hlich FrÃ¼hlingsplÃ¤tzchen Riesling GG";"2015";"487.8";"0.75";"650.4";"White wine";"Glass";"12.5";"5.2032"
"Vinmonopolet";"7421101";"Marc Morey Chassagne-Montrachet 1er Cru Les Caillerets 2016";"Marc Morey Chassagne-Montrachet 1er Cru Les Caillerets";"2016";"989.9";"0.75";"1319.87";"White wine";"Glass";"13.5";"9.776791"
"Vinmonopolet";"7421301";"Nittardi Belcanto Chianti Classico 2016";"Nittardi Belcanto Chianti Classico";"2016";"265";"0.75";"353.33";"RÃ¸dvin";"Glass";"13";"2.7179487"
"Vinmonopolet";"7422101";"Dom. Hatzimichalis Alfega Rose 2018";"Dom. Hatzimichalis Alfega Rose";"2018";"174.9";"0.75";"233.2";"RosÃ©vin";"Glass";"13.5";"1.7274073"
"Vinmonopolet";"7422701";"Ch. Certan de May 2014";"Ch. Certan de May";"2014";"981.3";"0.75";"1308.4";"RÃ¸dvin";"Glass";"13.5";"9.691852"
"Vinmonopolet";"7423901";"A Tribute to Grace Santa Barbara Highlands Grenache 2017";"A Tribute to Grace Santa Barbara Highlands Grenache";"2017";"474";"0.75";"632";"RÃ¸dvin";"Glass";"14.4";"4.388889"
"Vinmonopolet";"7424001";"A Tribute to Grace Vie Caprice Grenache 2015";"A Tribute to Grace Vie Caprice Grenache";"2015";"429";"0.75";"572";"RÃ¸dvin";"Glass";"13.7";"4.1751823"
"Vinmonopolet";"7424101";"Poe Van der Kamp Pinot Noir 2015";"Poe Van der Kamp Pinot Noir";"2015";"449";"0.75";"598.67";"RÃ¸dvin";"Glass";"13.6";"4.401961"
"Vinmonopolet";"7424301";"Poe Manchester Ridge Pinot Noir 2014";"Poe Manchester Ridge Pinot Noir";"2014";"498";"0.75";"664";"RÃ¸dvin";"Glass";"13.6";"4.882353"
"Vinmonopolet";"7424501";"Ayunta Piante/Sparse Etna Bianco 2015";"Ayunta Piante/Sparse Etna Bianco";"2015";"247.9";"0.75";"330.53";"White wine";"Glass";"12.5";"2.6442666"
"Vinmonopolet";"7424701";"La Taille aux Loups Triple ZÃ©ro 2017";"La Taille aux Loups Triple ZÃ©ro";"2017";"375.4";"0.75";"500.53";"Sparkling wine";"Glass";"12.5";"4.0042667"
"Vinmonopolet";"7424901";"Pares Balta Cava Pink Brut";"Pares Balta Cava Pink Brut";"0";"149.9";"0.75";"199.87";"Musserende vin, rosÃ©";"Glass";"11.5";"1.737971"
"Vinmonopolet";"7425107";"Ioppa Colline Novaresi Rusin Nebbiolo 2019";"Ioppa Colline Novaresi Rusin Nebbiolo";"2019";"699.9";"3";"233.3";"RosÃ©vin";"Glass";"12.5";"1.8664001"
"Vinmonopolet";"7425902";"Bivrost Cask Aquavit";"Bivrost Cask Aquavit";"0";"409.9";"0.5";"819.8";"Aquavit";"Glass";"40";"2.0495"
"Vinmonopolet";"7426601";"Capanna Rosso di Montalcino 2016";"Capanna Rosso di Montalcino";"2016";"279.5";"0.75";"372.67";"RÃ¸dvin";"Glass";"14.5";"2.5701149"
"Vinmonopolet";"7427001";"Vincent CallÃ© Je t'aime mais j'ai soif 2016";"Vincent CallÃ© Je t'aime mais j'ai soif";"2016";"179.9";"0.75";"239.87";"White wine";"Glass";"12";"1.9988889"
"Vinmonopolet";"7427101";"Cin Cin Prosecco Frizzante";"Cin Cin Prosecco Frizzante";"0";"119.9";"0.75";"159.87";"Sparkling white wine";"Glass";"10";"1.5986667"
"Vinmonopolet";"7427301";"Ch. Bolaire 2015";"Ch. Bolaire";"2015";"249.9";"0.75";"333.2";"RÃ¸dvin";"Glass";"13.5";"2.468148"
"Vinmonopolet";"7427401";"Ch. Belle-Vue 2015";"Ch. Belle-Vue";"2015";"369.9";"0.75";"493.2";"RÃ¸dvin";"Glass";"13.5";"3.6533332"
"Vinmonopolet";"7427702";"XimÃ©nez-SpÃ­nola AÃ±da 2014";"XimÃ©nez-SpÃ­nola AÃ±da";"2014";"264.1";"0.38";"704.27";"White wine";"Glass";"12";"5.791667"
"Vinmonopolet";"7428601";"Scarbolo Refosco 2013";"Scarbolo Refosco";"2013";"274.9";"0.75";"366.53";"RÃ¸dvin";"Glass";"13";"2.819487"
"Vinmonopolet";"7428705";"La Mano Verde Terra Rossa 2015";"La Mano Verde Terra Rossa";"2015";"519.6";"1.5";"346.4";"RÃ¸dvin";"Glass";"14";"2.4742856"
"Vinmonopolet";"7429001";"Marc Kreydenweiss CrÃ©mant d'Alsace";"Marc Kreydenweiss CrÃ©mant d'Alsace";"2015";"294.9";"0.75";"393.2";"Sparkling wine";"Glass";"12.5";"3.1455998"
"Vinmonopolet";"7429101";"Castellblanc Reserva Brut";"Castellblanc Reserva Brut";"0";"189.9";"0.75";"253.2";"Sparkling wine";"Glass";"11.5";"2.201739"
"Vinmonopolet";"7429205";"Segura Viudas Brut Reserva";"Segura Viudas Brut Reserva";"0";"329.9";"1.5";"219.93";"Sparkling wine";"Glass";"12";"1.8327777"
"Vinmonopolet";"7429301";"Campos de Luz Garnacha RosÃ© 2016";"Campos de Luz Garnacha RosÃ©";"2016";"129.9";"0.75";"173.2";"RosÃ©vin";"Glass";"13";"1.3323076"
"Vinmonopolet";"7430102";"Van Steenberge Gulden Draak";"Van Steenberge Gulden Draak";"0";"56.6";"0.33";"171.52";"Trappist";"Glass";"10.5";"1.6334776"
"Vinmonopolet";"7430502";"Glutenberg India Pale Ale";"Glutenberg India Pale Ale";"0";"59.8";"0.47";"126.43";"India pale ale";"Metall";"6";"2.1205673"
"Vinmonopolet";"7431102";"Glutenberg Blanche";"Glutenberg Blanche";"0";"59.8";"0.47";"126.43";"Light ale";"Metall";"5";"2.5446808"
"Vinmonopolet";"7431201";"Claus Preisinger Heideboden 2016";"Claus Preisinger Heideboden";"2016";"259.9";"0.75";"346.53";"RÃ¸dvin";"Glass";"13.5";"2.5669136"
"Vinmonopolet";"7431601";"Thomas Lehner Heideboden Rot No 1 2015";"Thomas Lehner Heideboden Rot No 1";"2015";"199.9";"0.75";"266.53";"RÃ¸dvin";"Glass";"13";"2.0502563"
"Vinmonopolet";"7431701";"Claus Preisinger Zweigelt Kieselstein 2018";"Claus Preisinger Zweigelt Kieselstein";"2018";"199.9";"0.75";"266.53";"RÃ¸dvin";"Glass";"12.5";"2.1322665"
"Vinmonopolet";"7431801";"Claus Preisinger Pinot Noir 2017";"Claus Preisinger Pinot Noir";"2017";"399.9";"0.75";"533.2";"RÃ¸dvin";"Glass";"11.5";"4.636522"
"Vinmonopolet";"7432202";"OppigÃ¥rds New Sweden IPA";"OppigÃ¥rds New Sweden IPA";"0";"42.5";"0.33";"128.79";"India pale ale";"Glass";"6.2";"2.0772238"
"Vinmonopolet";"7432302";"Nordic Spirits Lab Gin";"Nordic Spirits Lab Gin";"0";"349.9";"0.5";"699.8";"Gin";"Glass";"41";"1.7068292"
"Vinmonopolet";"7432601";"VIP Norway Black Crowberry 2016";"VIP Norway Black Crowberry";"2016";"199.9";"0.75";"266.53";"Flavoured wine	";"Glass";"11";"2.4230301"
"Vinmonopolet";"7432701";"Frey Riesling 2016";"Frey Riesling";"2016";"119.9";"0.75";"159.87";"White wine";"Glass";"12.5";"1.2789334"
"Vinmonopolet";"7432801";"EsterhÃ¡zy GrÃ¼ner Veltliner 2016";"EsterhÃ¡zy GrÃ¼ner Veltliner";"2016";"119.9";"0.75";"159.87";"White wine";"Glass";"12.5";"1.2789334"
"Vinmonopolet";"7433101";"BrÃ¼ndlmayer Brut RosÃ©";"BrÃ¼ndlmayer Brut RosÃ©";"0";"289.9";"0.75";"386.53";"Musserende vin, rosÃ©";"Glass";"11.5";"3.3611593"
"Vinmonopolet";"7433201";"BrÃ¼ndlmayer GrÃ¼ner Veltiner Alte Reben 2016";"BrÃ¼ndlmayer GrÃ¼ner Veltiner Alte Reben";"2016";"299.8";"0.75";"399.73";"White wine";"Glass";"13.5";"2.9609876"
"Vinmonopolet";"7433301";"Brundlmayer Heligenstein Riesling 2016";"Brundlmayer Heligenstein Riesling";"2016";"279.9";"0.75";"373.2";"White wine";"Glass";"12.5";"2.9856"
"Vinmonopolet";"7434601";"BrÃ¼ndlmayer Heligenstein Lyra Riesling 2015";"BrÃ¼ndlmayer Heligenstein Lyra Riesling";"2015";"399.8";"0.75";"533.07";"White wine";"Glass";"13.5";"3.9486418"
"Vinmonopolet";"7434701";"Le Fief Seigneur Muscadet SÃ¨vre et Maine Sur Lie 2017";"Le Fief Seigneur Muscadet SÃ¨vre et Maine Sur Lie";"2017";"199.9";"0.75";"266.53";"White wine";"Glass";"12";"2.221111"
"Vinmonopolet";"7436102";"Ostmost Wild Outcider";"Ostmost Wild Outcider";"0";"54.6";"0.33";"165.46";"Cider";"Glass";"5.5";"3.0082643"
"Vinmonopolet";"7436901";"VÃ©rtice CuvÃ©e";"VÃ©rtice CuvÃ©e";"2015";"227.5";"0.75";"303.33";"Sparkling wine";"Glass";"12.5";"2.4266667"
"Vinmonopolet";"7437401";"Sagrado Reserva 2011";"Sagrado Reserva";"2011";"247.5";"0.75";"330";"RÃ¸dvin";"Glass";"14.5";"2.275862"
"Vinmonopolet";"7437501";"Piano Reserva Tinto 2017";"Piano Reserva Tinto";"2017";"191.9";"0.75";"255.87";"RÃ¸dvin";"Glass";"14.5";"1.7645977"
"Vinmonopolet";"7438001";"El Dorado Rum 12 YO";"El Dorado Rum 12 YO";"0";"569.9";"0.7";"814.14";"Rum";"Glass";"40";"2.0353572"
"Vinmonopolet";"7438101";"El Dorado Rum 21 YO";"El Dorado Rum 21 YO";"0";"969.9";"0.7";"1385.57";"Rum";"Glass";"43";"3.2222593"
"Vinmonopolet";"7438401";"Vimbio 2016";"Vimbio";"2016";"303";"0.75";"404";"White wine";"Glass";"12.5";"3.232"
"Vinmonopolet";"7438601";"Jean-Marc Burgaud Morgon CÃ´te du Py 2018";"Jean-Marc Burgaud Morgon CÃ´te du Py";"2018";"249.9";"0.75";"333.2";"RÃ¸dvin";"Glass";"13";"2.563077"
"Vinmonopolet";"7438701";"Skin n Bones Pinot Noir 2017";"Skin n Bones Pinot Noir";"2017";"249.9";"0.75";"333.2";"RÃ¸dvin";"Glass";"12.2";"2.7311475"
"Vinmonopolet";"7439301";"Xavier Schneider Pinot Noir FÃ»t de ChÃªne 2012";"Xavier Schneider Pinot Noir FÃ»t de ChÃªne";"2012";"304.8";"0.75";"406.4";"RÃ¸dvin";"Glass";"13";"3.1261537"
"Vinmonopolet";"7439501";"Valdepablo Biomio White Sangria";"Valdepablo Biomio White Sangria";"0";"125";"0.75";"166.67";"Flavoured wine	";"Glass";"6.5";"2.5641026"
"Vinmonopolet";"7439601";"Valdepablo Biomio Red Sangria";"Valdepablo Biomio Red Sangria";"0";"125";"0.75";"166.67";"Flavoured wine	";"Glass";"6.5";"2.5641026"
"Vinmonopolet";"7439801";"Realuna Lessini Durello";"Realuna Lessini Durello";"0";"124.9";"0.75";"166.53";"Sparkling wine";"Glass";"11.5";"1.448116"
"Vinmonopolet";"7439901";"Ãkre Gard Edel sider 2018";"Ãkre Gard Edel sider";"2018";"213.8";"0.75";"285.07";"Cider";"Glass";"12";"2.3755555"
"Vinmonopolet";"7440002";"To Ãl Half N Hafnia";"To Ãl Half N Hafnia";"0";"124.9";"0.38";"333.07";"Porter and stout";"Glass";"10.2";"3.2223945"
"Vinmonopolet";"7440102";"To Ãl Garden of Eden";"To Ãl Garden of Eden";"0";"69.9";"0.33";"211.82";"India pale ale";"Metall";"6.4";"3.309659"
"Vinmonopolet";"7440202";"Flying Dog Tropical Bitch";"Flying Dog Tropical Bitch";"0";"60.8";"0.35";"171.27";"India pale ale";"Glass";"8";"2.1714287"
"Vinmonopolet";"7440302";"La Chouffe Blond";"La Chouffe Blond";"0";"57.9";"0.33";"175.46";"Light ale";"Glass";"8";"2.1931818"
"Vinmonopolet";"7440602";"Tequila Rose Strawberry Cream";"Tequila Rose Strawberry Cream";"0";"219.9";"0.5";"439.8";"LikÃ¸r";"Glass";"15";"2.932"
"Vinmonopolet";"7440701";"Pizzolato Spumante RosÃ© Extra Dry";"Pizzolato Spumante RosÃ© Extra Dry";"0";"139.9";"0.75";"186.53";"Musserende vin, rosÃ©";"Glass";"11";"1.6957575"
"Vinmonopolet";"7441001";"Pittnauer Fuchsenfeld Pinot Noir 2016";"Pittnauer Fuchsenfeld Pinot Noir";"2016";"269";"0.75";"358.67";"RÃ¸dvin";"Glass";"12.5";"2.8693333"
"Vinmonopolet";"7441101";"Pittnauer RosÃ© 2019";"Pittnauer RosÃ©";"2019";"199.9";"0.75";"266.53";"RosÃ©vin";"Glass";"11.5";"2.317681"
"Vinmonopolet";"7441201";"Pittnauer Pinot Noir 2018";"Pittnauer Pinot Noir";"2018";"248";"0.75";"330.67";"RÃ¸dvin";"Glass";"13.5";"2.4493828"
"Vinmonopolet";"7443101";"Freixenet Prosecco Extra Dry";"Freixenet Prosecco Extra Dry";"0";"169.5";"0.75";"226";"Sparkling wine";"Glass";"11";"2.0545454"
"Vinmonopolet";"7443201";"Emile Paris Grand Cru RosÃ© Brut";"Emile Paris Grand Cru RosÃ© Brut";"0";"353.1";"0.75";"470.8";"Champagne, rosÃ©";"Glass";"12.5";"3.7664"
"Vinmonopolet";"7444101";"Recaredo Finca Serral del Vell Brut de Brut 2011";"Recaredo Finca Serral del Vell Brut de Brut";"2011";"429.9";"0.75";"573.2";"Sparkling wine";"Glass";"12";"4.7766666"
"Vinmonopolet";"7445301";"Freixenet Mia Mojito Frizzante";"Freixenet Mia Mojito Frizzante";"0";"124.9";"0.75";"166.53";"Flavoured wine	";"Glass";"7.5";"2.2204444"
"Vinmonopolet";"7445801";"Baron de Ley RosÃ© 2018";"Baron de Ley RosÃ©";"2018";"178.9";"0.75";"238.53";"RosÃ©vin";"Glass";"13.5";"1.7669135"
"Vinmonopolet";"7447001";"Colombo Saint Peray La Belle de Mai 2017";"Colombo Saint Peray La Belle de Mai";"2017";"365";"0.75";"486.67";"White wine";"Glass";"13.5";"3.6049383"
"Vinmonopolet";"7447401";"Freixenet Mia Daiquiri Strawberry Lemon";"Freixenet Mia Daiquiri Strawberry Lemon";"0";"124.9";"0.75";"166.53";"Flavoured wine	";"Glass";"7.5";"2.2204444"
"Vinmonopolet";"7449301";"Paltrinieri Radice Lambrusco di Sorbara 2018";"Paltrinieri Radice Lambrusco di Sorbara";"2018";"199.9";"0.75";"266.53";"Perlende vin, rÃ¸d";"Glass";"11.5";"2.317681"
"Vinmonopolet";"7449401";"Paltrinieri Piria Lambrusco di Sorbara 2018";"Paltrinieri Piria Lambrusco di Sorbara";"2018";"165";"0.75";"220";"Perlende vin, rÃ¸d";"Glass";"11.5";"1.9130435"
"Vinmonopolet";"7449501";"Au Bon Climat Isabelle Pinot Noir 2016";"Au Bon Climat Isabelle Pinot Noir";"2016";"559";"0.75";"745.33";"RÃ¸dvin";"Glass";"13.5";"5.5209875"
"Vinmonopolet";"7449601";"Au Bon Climat Hildegard 2017";"Au Bon Climat Hildegard";"2017";"429";"0.75";"572";"White wine";"Glass";"13.5";"4.237037"
"Vinmonopolet";"7450701";"Paltrinieri Leclisse Lambrusco di Sorbara 2019";"Paltrinieri Leclisse Lambrusco di Sorbara";"2019";"209";"0.75";"278.67";"Perlende vin, rÃ¸d";"Glass";"11.5";"2.4231884"
"Vinmonopolet";"7458101";"Au Bon Climat Knox Alexander Pinot Noir 2015";"Au Bon Climat Knox Alexander Pinot Noir";"2015";"559";"0.75";"745.33";"RÃ¸dvin";"Glass";"13.5";"5.5209875"
"Vinmonopolet";"7458201";"Menade Nosso Verdejo Natural 2017";"Menade Nosso Verdejo Natural";"2017";"209";"0.75";"278.67";"White wine";"Glass";"13";"2.1435897"
"Vinmonopolet";"7459802";"Menade Sauvignon Dulce 2018";"Menade Sauvignon Dulce";"2018";"154.9";"0.5";"309.8";"White wine";"Glass";"10.5";"2.9504762"
"Vinmonopolet";"7459901";"Menade Rueda Verdejo 2018";"Menade Rueda Verdejo";"2018";"174.9";"0.75";"233.2";"White wine";"Glass";"12.5";"1.8656"
"Vinmonopolet";"7471001";"Van Volxem Wiltinger Riesling 2015";"Van Volxem Wiltinger Riesling";"2015";"229";"0.75";"305.33";"White wine";"Glass";"12";"2.5444446"
"Vinmonopolet";"7471101";"Van Volxem Alte Reben Riesling 2015";"Van Volxem Alte Reben Riesling";"2015";"259.9";"0.75";"346.53";"White wine";"Glass";"12";"2.8877778"
"Vinmonopolet";"7472901";"Cascina Collina Variazione Barbera d'Asti 2017";"Cascina Collina Variazione Barbera d'Asti";"2017";"210";"0.75";"280";"RÃ¸dvin";"Glass";"15";"1.8666667"
"Vinmonopolet";"7473302";"Yeastie Boys Digital IPA";"Yeastie Boys Digital IPA";"0";"48.4";"0.33";"146.67";"India pale ale";"Metall";"5.7";"2.5730994"
"Vinmonopolet";"7475102";"Yeastie Boys Gunnamatta";"Yeastie Boys Gunnamatta";"0";"49.8";"0.33";"150.91";"India pale ale";"Metall";"6.5";"2.3216782"
"Vinmonopolet";"7476402";"To Ãl Reparationsbajer";"To Ãl Reparationsbajer";"0";"65.9";"0.33";"199.7";"Pale ale";"Metall";"5.8";"3.443051"
"Vinmonopolet";"7477001";"Freixenet Prosecco Superiore";"Freixenet Prosecco Superiore";"0";"219.9";"0.75";"293.2";"Sparkling wine";"Glass";"11";"2.6654544"
"Vinmonopolet";"7477201";"Cazes Les Clos de Paulilles";"Cazes Les Clos de Paulilles";"2018";"229.9";"0.75";"306.53";"White wine";"Glass";"14";"2.1895237"
"Vinmonopolet";"7477301";"BrennivÃ­n Icelandic Aquavit";"BrennivÃ­n Icelandic Aquavit";"0";"415";"0.7";"592.86";"Aquavit";"Glass";"40";"1.4821429"
"Vinmonopolet";"7477601";"Dom. Cazes CÃ´tes du Roussillon";"Dom. Cazes CÃ´tes du Roussillon";"2019";"209.9";"0.75";"279.87";"RÃ¸dvin";"Glass";"14";"1.9990475"
"Vinmonopolet";"7478301";"Joseph Drouhin Chambolle-Musigny 2017";"Joseph Drouhin Chambolle-Musigny";"2017";"589";"0.75";"785.33";"RÃ¸dvin";"Glass";"13";"6.0410256"
"Vinmonopolet";"7479601";"Lheraud Petite Champagne 1978";"Lheraud Petite Champagne";"1978";"4575";"0.7";"6535.71";"Grape spirit";"Glass";"46";"14.208075"
"Vinmonopolet";"7480801";"Biokult Pet Nat 2019";"Biokult Pet Nat";"2019";"169.9";"0.75";"226.53";"Perlende vin, rosÃ©";"Glass";"10";"2.2653332"
"Vinmonopolet";"7482501";"Bonavita Rosato 2018";"Bonavita Rosato";"2018";"279.9";"0.75";"373.2";"RosÃ©vin";"Glass";"12.5";"2.9856"
"Vinmonopolet";"7484401";"Chapuis FrÃ¨res Bourgogne AligotÃ© 2018";"Chapuis FrÃ¨res Bourgogne AligotÃ©";"2018";"239.9";"0.75";"319.87";"White wine";"Glass";"11.5";"2.7814493"
"Vinmonopolet";"7484501";"Kunstinteressert kjÃ¦ringvin hvit 2017";"Kunstinteressert kjÃ¦ringvin hvit";"2017";"124";"0.75";"165.33";"White wine";"Glass";"11";"1.5030303"
"Vinmonopolet";"7484601";"Kunstinteressert kjÃ¦ringvin rÃ¸d 2016";"Kunstinteressert kjÃ¦ringvin rÃ¸d";"2016";"128";"0.75";"170.67";"RÃ¸dvin";"Glass";"12";"1.4222223"
"Vinmonopolet";"7513501";"Schlumberger KitterlÃ© Grand Cru Riesling 2018";"Schlumberger KitterlÃ© Grand Cru Riesling";"2018";"399.9";"0.75";"533.2";"White wine";"Glass";"13.5";"3.9496295"
"Vinmonopolet";"7522101";"De Stefani StÃ¨fen 1624 Vigneto Singolo 2013";"De Stefani StÃ¨fen  Vigneto Singolo";"2013";"792.5";"0.75";"1056.67";"RÃ¸dvin";"Glass";"16.5";"6.4040403"
"Vinmonopolet";"7588507";"Mumm Cordon Rouge Brut";"Mumm Cordon Rouge Brut";"0";"1760";"3";"586.67";"Champagne, brut";"Glass";"12";"4.888889"
"Vinmonopolet";"7601901";"Travignoli Chianti Rufina 2014";"Travignoli Chianti Rufina";"2014";"205.9";"0.75";"274.53";"RÃ¸dvin";"Glass";"12";"2.2877777"
"Vinmonopolet";"7602201";"Vajra Rosabella 2018";"Vajra Rosabella";"2018";"135.1";"0.75";"180.13";"RosÃ©vin";"Glass";"13";"1.3856411"
"Vinmonopolet";"7603301";"Oud Beersel Bzart Lambiek";"Oud Beersel Bzart Lambiek";"0";"199.9";"0.75";"266.53";"SurÃ¸l";"Glass";"7";"3.8076189"
"Vinmonopolet";"7603401";"Dom. de Rapatel CuvÃ©e Facile 2014";"Dom. de Rapatel CuvÃ©e Facile";"2014";"304";"0.75";"405.33";"RÃ¸dvin";"Glass";"13.5";"3.002469"
"Vinmonopolet";"7603601";"Dal Nostro Giardino Piemonte Rosato 2019";"Dal Nostro Giardino Piemonte Rosato";"2019";"129.9";"0.75";"173.2";"RosÃ©vin";"Glass";"12.5";"1.3856"
"Vinmonopolet";"7603701";"Olek Bondonio Barbaresco Starderi 2017";"Olek Bondonio Barbaresco Starderi";"2017";"580";"0.75";"773.33";"RÃ¸dvin";"Glass";"14";"5.5238094"
"Vinmonopolet";"7604101";"Dom. de Marrans Fleurie 2015";"Dom. de Marrans Fleurie";"2015";"254.9";"0.75";"339.87";"RÃ¸dvin";"Glass";"13";"2.614359"
"Vinmonopolet";"7604201";"Dom. de Marrans Chiroubles Vieilles Vignes 2015";"Dom. de Marrans Chiroubles Vieilles Vignes";"2015";"249.9";"0.75";"333.2";"RÃ¸dvin";"Glass";"13";"2.563077"
"Vinmonopolet";"7604301";"Love by LÃ©oube 2019";"Love by LÃ©oube";"2019";"210";"0.75";"280";"RosÃ©vin";"Glass";"12.5";"2.24"
"Vinmonopolet";"7604701";"Ch. du CÃ¨dre Extra Libre 2015";"Ch. du CÃ¨dre Extra Libre";"2015";"229";"0.75";"305.33";"RÃ¸dvin";"Glass";"13";"2.348718"
"Vinmonopolet";"7604801";"Tedeschi Capitel Tenda Soave Classico 2018";"Tedeschi Capitel Tenda Soave Classico";"2018";"175";"0.75";"233.33";"White wine";"Glass";"12.5";"1.8666667"
"Vinmonopolet";"7605001";"Broc Vine Starr Zinfandel 2017";"Broc Vine Starr Zinfandel";"2017";"365";"0.75";"486.67";"RÃ¸dvin";"Glass";"12.8";"3.8020833"
"Vinmonopolet";"7605501";"Bride Valley RosÃ© Bella 2014";"Bride Valley RosÃ© Bella";"2014";"470";"0.75";"626.67";"Musserende vin, rosÃ©";"Glass";"11.5";"5.4492755"
"Vinmonopolet";"7607701";"La Vida en Colores Orange Mimosa";"La Vida en Colores Orange Mimosa";"0";"99.9";"0.75";"133.2";"Flavoured wine	";"Glass";"5";"2.664"
"Vinmonopolet";"7608201";"The Velvet Fog Pinot Noir 2016";"The Velvet Fog Pinot Noir";"2016";"215";"0.75";"286.67";"RÃ¸dvin";"Glass";"13.5";"2.1234567"
"Vinmonopolet";"7608401";"CuveÃ© Esplendor Vardon Kennett 2013";"CuveÃ© Esplendor Vardon Kennett";"2013";"299.9";"0.75";"399.87";"Sparkling wine";"Glass";"12";"3.3322222"
"Vinmonopolet";"7608501";"La Vida en Colores Blue Hawaii";"La Vida en Colores Blue Hawaii";"0";"99.9";"0.75";"133.2";"Flavoured wine	";"Glass";"5";"2.664"
"Vinmonopolet";"7609101";"Jadot Coteaux Bourguignons RosÃ© 2017";"Jadot Coteaux Bourguignons RosÃ©";"2017";"179.9";"0.75";"239.87";"RosÃ©vin";"Glass";"13";"1.8451282"
"Vinmonopolet";"7609201";"Primoris KragerÃ¸ Custoza 2016";"Primoris KragerÃ¸ Custoza";"2016";"155";"0.75";"206.67";"White wine";"Glass";"12";"1.7222222"
"Vinmonopolet";"7609701";"La SoufrandiÃ¨re Pouilly-Vinzelles Les Quarts 2017";"La SoufrandiÃ¨re Pouilly-Vinzelles Les Quarts";"2017";"490";"0.75";"653.33";"White wine";"Glass";"13.5";"4.839506"
"Vinmonopolet";"7609705";"La SoufrandiÃ¨re Pouilly-Vinzelles Les Quarts 2017";"La SoufrandiÃ¨re Pouilly-Vinzelles Les Quarts";"2017";"980";"1.5";"653.33";"White wine";"Glass";"13.5";"4.839506"
"Vinmonopolet";"7609801";"Bret Brothers Pouilly-FuissÃ© Terres de Vergisson 2017";"Bret Brothers Pouilly-FuissÃ© Terres de Vergisson";"2017";"354.8";"0.75";"473.07";"White wine";"Glass";"13";"3.6389742"
"Vinmonopolet";"7610201";"Casal Garcia Sangria";"Casal Garcia Sangria";"0";"99.9";"0.75";"133.2";"Flavoured wine	";"Glass";"8";"1.6650001"
"Vinmonopolet";"7610301";"Cava True Colours Brut";"Cava True Colours Brut";"0";"139.9";"0.75";"186.53";"Sparkling wine";"Glass";"12";"1.5544444"
"Vinmonopolet";"7610401";"Bouchard PÃ¨re & Fils Saint-VÃ©ran 2013";"Bouchard PÃ¨re & Fils Saint-VÃ©ran";"2013";"286.9";"0.75";"382.53";"White wine";"Glass";"12.5";"3.0602665"
"Vinmonopolet";"7610701";"Primoris Ãlesund Merlot Superiore Breganze 2015";"Primoris Ãlesund Merlot Superiore Breganze";"2015";"165";"0.75";"220";"RÃ¸dvin";"Glass";"13";"1.6923077"
"Vinmonopolet";"7610801";"Primoris Ãlesund Vespaiolo Veneto 2016";"Primoris Ãlesund Vespaiolo Veneto";"2016";"165";"0.75";"220";"White wine";"Glass";"12";"1.8333334"
"Vinmonopolet";"7610901";"Enrico Crola HallÃ© RosÃ© 2014";"Enrico Crola HallÃ© RosÃ©";"2014";"170";"0.75";"226.67";"Musserende vin, rosÃ©";"Glass";"11";"2.060606"
"Vinmonopolet";"7611301";"Long Meadow Ranch Napa Valley Cabernet Sauvignon 2014";"Long Meadow Ranch Napa Valley Cabernet Sauvignon";"2014";"519.9";"0.75";"693.2";"RÃ¸dvin";"Glass";"13.5";"5.134815"
"Vinmonopolet";"7611501";"Rosa dei Frati Riviera del Garda Breciano 2019";"Rosa dei Frati Riviera del Garda Breciano";"2019";"229";"0.75";"305.33";"RosÃ©vin";"Glass";"13";"2.348718"
"Vinmonopolet";"7611601";"Renieri Rosso di Montalcino 2013";"Renieri Rosso di Montalcino";"2013";"250";"0.75";"333.33";"RÃ¸dvin";"Glass";"14";"2.3809524"
"Vinmonopolet";"7611701";"Cs Substance Cabernet Sauvignon 2016";"Cs Substance Cabernet Sauvignon";"2016";"260";"0.75";"346.67";"RÃ¸dvin";"Glass";"14.5";"2.3908045"
"Vinmonopolet";"7611705";"Cs Substance Cabernet Sauvignon";"Cs Substance Cabernet Sauvignon";"2015";"600";"1.5";"400";"RÃ¸dvin";"Glass";"14.5";"2.7586207"
"Vinmonopolet";"7612001";"Harald Jensen Akvavit";"Harald Jensen Akvavit";"0";"399.9";"0.7";"571.29";"Aquavit";"Glass";"45";"1.2695239"
"Vinmonopolet";"7612401";"Finca Las Moras Love Cabernet Sauvignon 2018";"Finca Las Moras Love Cabernet Sauvignon";"2018";"129.9";"0.75";"173.2";"RÃ¸dvin";"Glass";"13.5";"1.2829629"
"Vinmonopolet";"7612501";"Finca Las Moras Barrel Select Chardonnay 2016";"Finca Las Moras Barrel Select Chardonnay";"2016";"129.9";"0.75";"173.2";"White wine";"Glass";"13.5";"1.2829629"
"Vinmonopolet";"7612701";"Balthasar Ress Riesling Trocken 2018";"Balthasar Ress Riesling Trocken";"2018";"165";"0.75";"220";"White wine";"Glass";"11";"2"
"Vinmonopolet";"7612801";"Girault Sancerre Le Grand Moulin 2018";"Girault Sancerre Le Grand Moulin";"2018";"249.9";"0.75";"333.2";"White wine";"Glass";"12.5";"2.6655998"
"Vinmonopolet";"7612901";"Girault Sancerre Le Grand Moulin RosÃ© 2017";"Girault Sancerre Le Grand Moulin RosÃ©";"2017";"239.9";"0.75";"319.87";"RosÃ©vin";"Glass";"13";"2.4605129"
"Vinmonopolet";"7613001";"Ch. L'Escart CuvÃ©e Eden 2016";"Ch. L'Escart CuvÃ©e Eden";"2016";"210";"0.75";"280";"RÃ¸dvin";"Glass";"14";"2"
"Vinmonopolet";"7613706";"Me Gusta CarmenÃ¨re";"Me Gusta CarmenÃ¨re";"2017";"388.9";"3";"129.63";"RÃ¸dvin";"Bag-in-box";"12.5";"1.0370667"
"Vinmonopolet";"7614101";"Goslings Black Seal";"Goslings Black Seal";"0";"459.9";"0.7";"657";"Rum";"Glass";"40";"1.6425"
"Vinmonopolet";"7614501";"Dom. Silene des Peyrals 2015";"Dom. Silene des Peyrals";"2015";"239.9";"0.75";"319.87";"RÃ¸dvin";"Glass";"14.5";"2.205977"
"Vinmonopolet";"7614701";"Pichler Riesling Federspiel Loibner Burgstall 2016";"Pichler Riesling Federspiel Loibner Burgstall";"2016";"309.7";"0.75";"412.93";"White wine";"Glass";"13";"3.1764104"
"Vinmonopolet";"7614901";"GÃ©rard Bertrand Sauvageonne Volcanic RosÃ© 2016";"GÃ©rard Bertrand Sauvageonne Volcanic RosÃ©";"2016";"239";"0.75";"318.67";"RosÃ©vin";"Glass";"12.5";"2.5493333"
"Vinmonopolet";"7615001";"Cigalus Rouge 2017";"Cigalus Rouge";"2017";"399";"0.75";"532";"RÃ¸dvin";"Glass";"15";"3.5466666"
"Vinmonopolet";"7615101";"Alessandro Veglio Barolo 2016";"Alessandro Veglio Barolo";"2016";"399";"0.75";"532";"RÃ¸dvin";"Glass";"14.5";"3.6689656"
"Vinmonopolet";"7615801";"Dupuy Les 3 Pinots Touraine Noble JouÃ© RosÃ© 2017";"Dupuy Les 3 Pinots Touraine Noble JouÃ© RosÃ©";"2017";"99.9";"0.75";"133.2";"RosÃ©vin";"Glass";"12.5";"1.0656"
"Vinmonopolet";"7616801";"La Cappuccina Monte Stelle Soave Classico 2017";"La Cappuccina Monte Stelle Soave Classico";"2017";"169.9";"0.75";"226.53";"White wine";"Glass";"12";"1.8877777"
"Vinmonopolet";"7617101";"Bonnet-Huteau Muscadet SÃ¨vre et Maine sur Lie Les DabiniÃ¨res 2017";"Bonnet-Huteau Muscadet SÃ¨vre et Maine sur Lie Les DabiniÃ¨res";"2017";"189.9";"0.75";"253.2";"White wine";"Glass";"12.5";"2.0256"
"Vinmonopolet";"7617301";"Testalonga El Bandito Queen of Spades 2019";"Testalonga El Bandito Queen of Spades";"2019";"359.9";"0.75";"479.87";"RÃ¸dvin";"Glass";"12";"3.9988887"
"Vinmonopolet";"7617401";"Christoph Hoch Kalkspitz 2018";"Christoph Hoch Kalkspitz";"2018";"219.9";"0.75";"293.2";"Sparkling white wine";"Glass";"10.5";"2.7923808"
"Vinmonopolet";"7617506";"Pardon my French RosÃ© 2019";"Pardon my French RosÃ©";"2019";"229.9";"1.5";"153.27";"RosÃ©vin";"Pouch";"13";"1.1789743"
"Vinmonopolet";"7617601";"KÃ¼nstler RÃ¼desheimer Berg Schlossberg Riesling Trocken GG 2016";"KÃ¼nstler RÃ¼desheimer Berg Schlossberg Riesling Trocken GG";"2016";"359.8";"0.75";"479.73";"White wine";"Glass";"12.5";"3.8378665"
"Vinmonopolet";"7617701";"Markus Molitor Edition 6 Zeltinger Schlossberg Riesling Auslese** feinherb 2006";"Markus Molitor Edition 6 Zeltinger Schlossberg Riesling Auslese** feinherb";"2006";"350.3";"0.75";"467.07";"White wine";"Glass";"11";"4.2460604"
"Vinmonopolet";"7618001";"KÃ¼hling-Gillot Nierstein Pettenthal Riesling Auslese 2017";"KÃ¼hling-Gillot Nierstein Pettenthal Riesling Auslese";"2017";"360.4";"0.75";"480.53";"White wine";"Glass";"7.5";"6.407111"
"Vinmonopolet";"7618202";"Hexamer Meddersheimer Rheingrafenberg Riesling Trockenbeerenauslese 2016";"Hexamer Meddersheimer Rheingrafenberg Riesling Trockenbeerenauslese";"2016";"600.2";"0.38";"1600.53";"White wine";"Glass";"6";"26.324562"
"Vinmonopolet";"7618401";"Hexamer Meddersheimer Altenberg Riesling Kabinett 2016";"Hexamer Meddersheimer Altenberg Riesling Kabinett";"2016";"160";"0.75";"213.33";"White wine";"Glass";"9";"2.3703704"
"Vinmonopolet";"7618501";"Hexamer Meddersheimeresling Rheingrafenberg Riesling SpÃ¤tlese 2015";"Hexamer Meddersheimeresling Rheingrafenberg Riesling SpÃ¤tlese";"2015";"215.3";"0.75";"287.07";"White wine";"Glass";"8";"3.5883334"
"Vinmonopolet";"7618801";"Sainte BÃ©atrice Summer Dreams 2018";"Sainte BÃ©atrice Summer Dreams";"2018";"189.5";"0.75";"252.67";"RosÃ©vin";"Glass";"13";"1.9435897"
"Vinmonopolet";"7618901";"Leitz #hÃ¦sjtagg# Riesling 2016";"Leitz #hÃ¦sjtagg# Riesling";"2016";"149.9";"0.75";"199.87";"White wine";"Glass";"9.5";"2.1038597"
"Vinmonopolet";"7619006";"Saint Jean de la Cavalerie Chardonnay";"Saint Jean de la Cavalerie Chardonnay";"2017";"374.9";"3";"124.97";"White wine";"Bag-in-box";"12.5";"0.9997333"
"Vinmonopolet";"7619101";"Liberation CÃ´tes du RhÃ´ne 2015";"Liberation CÃ´tes du RhÃ´ne";"2015";"179.9";"0.75";"239.87";"RÃ¸dvin";"Glass";"14.5";"1.6542528"
"Vinmonopolet";"7619401";"Ch. le Borderon 2010";"Ch. le Borderon";"2010";"149.9";"0.75";"199.87";"RÃ¸dvin";"Glass";"14.3";"1.397669"
"Vinmonopolet";"7619501";"Bellenos RosÃ© of Gamay Noir 2018";"Bellenos RosÃ© of Gamay Noir";"2018";"174.9";"0.75";"233.2";"RosÃ©vin";"Glass";"12";"1.9433333"
"Vinmonopolet";"7619601";"Niepoort DÃ£o RÃ³tulo Branco 2017";"Niepoort DÃ£o RÃ³tulo Branco";"2017";"129.9";"0.75";"173.2";"White wine";"Glass";"12.5";"1.3856"
"Vinmonopolet";"7620601";"Briday Rully 1er Cru La Pucelle 2017";"Briday Rully 1er Cru La Pucelle";"2017";"379";"0.75";"505.33";"White wine";"Glass";"13";"3.8871794"
"Vinmonopolet";"7620701";"Louis Michel Chablis Premier Cru MontÃ©e de Tonnerre 2017";"Louis Michel Chablis Premier Cru MontÃ©e de Tonnerre";"2017";"389.9";"0.75";"519.87";"White wine";"Glass";"13";"3.9989743"
"Vinmonopolet";"7620901";"Ch. Thivin CuvÃ©e Zaccharie CÃ´te de Brouilly 2018";"Ch. Thivin CuvÃ©e Zaccharie CÃ´te de Brouilly";"2018";"379.9";"0.75";"506.53";"RÃ¸dvin";"Glass";"13.5";"3.7520988"
"Vinmonopolet";"7621001";"Ch. Cambon Beaujolais 2019";"Ch. Cambon Beaujolais";"2019";"209.9";"0.75";"279.87";"RÃ¸dvin";"Glass";"12.5";"2.2389333"
"Vinmonopolet";"7621601";"Briday Rully 1er Cru Gresigny 2018";"Briday Rully 1er Cru Gresigny";"2018";"339";"0.75";"452";"White wine";"Glass";"13.5";"3.348148"
"Vinmonopolet";"7621701";"Briday Rully Clos de Remenot 2018";"Briday Rully Clos de Remenot";"2018";"389";"0.75";"518.67";"White wine";"Glass";"13";"3.9897435"
"Vinmonopolet";"7621801";"Briday Rully Les 4 Vignes 2016";"Briday Rully Les 4 Vignes";"2016";"299";"0.75";"398.67";"RÃ¸dvin";"Glass";"13";"3.0666666"
"Vinmonopolet";"7621901";"Briday Rully 1er Cru Champs Cloux 2016";"Briday Rully 1er Cru Champs Cloux";"2016";"339";"0.75";"452";"RÃ¸dvin";"Glass";"13.5";"3.348148"
"Vinmonopolet";"7624802";"Oss Statsraaden Akevitt";"Oss Statsraaden Akevitt";"0";"350";"0.5";"700";"Aquavit";"Glass";"40";"1.75"
"Vinmonopolet";"7625001";"Vinha da Malhada 2015";"Vinha da Malhada";"2015";"109.9";"0.75";"146.53";"RÃ¸dvin";"Glass";"12.5";"1.1722667"
"Vinmonopolet";"7625201";"Heitlinger KÃ¶nigsbecher Pinot Noir GG 2015";"Heitlinger KÃ¶nigsbecher Pinot Noir GG";"2015";"360";"0.75";"480";"RÃ¸dvin";"Glass";"13";"3.6923077"
"Vinmonopolet";"7625301";"Heitlinger Pinot Noir 2017";"Heitlinger Pinot Noir";"2017";"215";"0.75";"286.67";"RÃ¸dvin";"Glass";"12.5";"2.2933333"
"Vinmonopolet";"7625802";"Haandbryggeriet Dobbel Wit";"Haandbryggeriet Dobbel Wit";"0";"74.2";"0.5";"148.4";"HveteÃ¸l";"Glass";"6";"2.4733331"
"Vinmonopolet";"7625902";"Haandbryggeriet Haandgranat";"Haandbryggeriet Haandgranat";"0";"61.1";"0.33";"185.15";"India pale ale";"Glass";"9";"2.0572388"
"Vinmonopolet";"7626101";"Orgullo Wine Red";"Orgullo Wine Red";"0";"185.7";"0.75";"247.6";"RÃ¸dvin";"Glass";"13.5";"1.834074"
"Vinmonopolet";"7626201";"Orgullo Wine White";"Orgullo Wine White";"0";"185.7";"0.75";"247.6";"White wine";"Glass";"12.5";"1.9807999"
"Vinmonopolet";"7626301";"Orgullo Wine RosÃ©";"Orgullo Wine RosÃ©";"0";"185.7";"0.75";"247.6";"RosÃ©vin";"Glass";"12.5";"1.9807999"
"Vinmonopolet";"7626501";"Federico Graziani Etna Rosso 2016";"Federico Graziani Etna Rosso";"2016";"279.9";"0.75";"373.2";"RÃ¸dvin";"Glass";"13.5";"2.7644444"
"Vinmonopolet";"7626906";"RÃ©serve des Lys Muscadet 2019";"RÃ©serve des Lys Muscadet";"2019";"419.9";"3";"139.97";"White wine";"Pouch";"11.5";"1.2171015"
"Vinmonopolet";"7627002";"Cervisiam Satanic Panic Imperial Stout";"Cervisiam Satanic Panic Imperial Stout";"0";"79.8";"0.33";"235.76";"Porter and stout";"Emballasje med pant";"10";"2.418182"
"Vinmonopolet";"7627401";"I am Champagne Brut 2010";"I am Champagne Brut";"2010";"429.3";"0.75";"572.4";"Champagne, brut";"Glass";"12";"4.77"
"Vinmonopolet";"7627801";"Renaud Irancy 2017";"Renaud Irancy";"2017";"278";"0.75";"370.67";"RÃ¸dvin";"Glass";"13";"2.8512821"
"Vinmonopolet";"7628001";"Ãkonomierat Rebholz Im Sonnenschein Riesling GG 2016";"Ãkonomierat Rebholz Im Sonnenschein Riesling GG";"2016";"512";"0.75";"682.67";"White wine";"Glass";"12.5";"5.4613333"
"Vinmonopolet";"7628101";"Ãkonomierat Rebholz Kastanienbusch Riesling GG 2015";"Ãkonomierat Rebholz Kastanienbusch Riesling GG";"2015";"533.8";"0.75";"711.73";"White wine";"Glass";"12.5";"5.6938667"
"Vinmonopolet";"7628201";"C. Moreau Chablis Grand Cru Valmur 2015";"C. Moreau Chablis Grand Cru Valmur";"2015";"499.8";"0.75";"666.4";"White wine";"Glass";"13";"5.126154"
"Vinmonopolet";"7628301";"Renaud Irancy Les Mazelots 2017";"Renaud Irancy Les Mazelots";"2017";"288";"0.75";"384";"RÃ¸dvin";"Glass";"13";"2.9538462"
"Vinmonopolet";"7628602";"Tramp i Klaveret Taffelakevitt";"Tramp i Klaveret Taffelakevitt";"0";"359";"0.5";"718";"Aquavit";"Glass";"41";"1.7512195"
"Vinmonopolet";"7628702";"Oslo HÃ¥ndverksdestilleri Akevitt Blank";"Oslo HÃ¥ndverksdestilleri Akevitt Blank";"0";"359.9";"0.5";"719.8";"Aquavit";"Glass";"45";"1.5995555"
"Vinmonopolet";"7628806";"Coffele Soave 2019";"Coffele Soave";"2019";"455.1";"3";"151.7";"White wine";"Bag-in-box";"11.5";"1.3191304"
"Vinmonopolet";"7629001";"Vajra KyÃ¨ Langhe Freisa 2015";"Vajra KyÃ¨ Langhe Freisa";"2015";"319.9";"0.75";"426.53";"RÃ¸dvin";"Glass";"14";"3.0466666"
"Vinmonopolet";"7629201";"Camille SavÃ¨s Brut 2011";"Camille SavÃ¨s Brut";"2011";"445";"0.75";"593.33";"Champagne, brut";"Glass";"12";"4.9444447"
"Vinmonopolet";"7629405";"Fourny Blanc de Blancs Brut Nature";"Fourny Blanc de Blancs Brut Nature";"0";"828.1";"1.5";"552.07";"Champagne extra brut";"Glass";"12";"4.6005554"
"Vinmonopolet";"7629502";"HellstrÃ¸m Sommer";"HellstrÃ¸m Sommer";"0";"374.9";"0.5";"749.8";"Aquavit";"Glass";"40";"1.8744999"
"Vinmonopolet";"7629601";"Tokaj-HÃ©tszÅlÅ Dry Furmint 2017";"Tokaj-HÃ©tszÅlÅ Dry Furmint";"2017";"206.9";"0.75";"275.87";"White wine";"Glass";"13";"2.1220512"
"Vinmonopolet";"7629901";"Poggiotondo Chianti Superiore 2016";"Poggiotondo Chianti Superiore";"2016";"204.9";"0.75";"273.2";"RÃ¸dvin";"Glass";"13.5";"2.0237036"
"Vinmonopolet";"7630001";"Dom. du Deffends RosÃ© d'une Nuit 2018";"Dom. du Deffends RosÃ© d'une Nuit";"2018";"215";"0.75";"286.67";"RosÃ©vin";"Glass";"13";"2.2051282"
"Vinmonopolet";"7630101";"Toso Brachetto d'Acqui 2018";"Toso Brachetto d'Acqui";"2018";"169.9";"0.75";"226.53";"Perlende vin, rÃ¸d";"Glass";"5.5";"4.118788"
"Vinmonopolet";"7630206";"A Table RosÃ© 2019";"A Table RosÃ©";"2019";"244.9";"1.5";"163.27";"RosÃ©vin";"Pouch";"12";"1.3605555"
"Vinmonopolet";"7630801";"Juliusspital WÃ¼rzburger Abstleite Silvaner trocken Erste Lage 2018";"Juliusspital WÃ¼rzburger Abstleite Silvaner trocken Erste Lage";"2018";"219.6";"0.75";"292.8";"White wine";"Glass";"13.5";"2.168889"
"Vinmonopolet";"7631001";"Alessandro Veglio Dolcetto d'Alba 2016";"Alessandro Veglio Dolcetto d'Alba";"2016";"219";"0.75";"292";"RÃ¸dvin";"Glass";"14";"2.0857143"
"Vinmonopolet";"7631101";"Alessandro Veglio Barbera d'Alba 2017";"Alessandro Veglio Barbera d'Alba";"2017";"239";"0.75";"318.67";"RÃ¸dvin";"Glass";"14.5";"2.1977012"
"Vinmonopolet";"7631201";"Alessandro Veglio Langhe Nebbiolo 2016";"Alessandro Veglio Langhe Nebbiolo";"2016";"289";"0.75";"385.33";"RÃ¸dvin";"Glass";"14.5";"2.6574712"
"Vinmonopolet";"7631901";"Leeuwenkuil Cinsault 2016";"Leeuwenkuil Cinsault";"2016";"199.9";"0.75";"266.53";"RÃ¸dvin";"Glass";"12";"2.221111"
"Vinmonopolet";"7632301";"Manuel Olivier Bourgogne AligotÃ© Vieilles Vignes 2017";"Manuel Olivier Bourgogne AligotÃ© Vieilles Vignes";"2017";"214";"0.75";"285.33";"White wine";"Glass";"12.5";"2.2826667"
"Vinmonopolet";"7632401";"Gunderloch Rothenberg Riesling SpÃ¤tlese 2015";"Gunderloch Rothenberg Riesling SpÃ¤tlese";"2015";"299.9";"0.75";"399.87";"White wine";"Glass";"9";"4.4429626"
"Vinmonopolet";"7632501";"Gunderloch Nierstein Riesling Trocken 2016";"Gunderloch Nierstein Riesling Trocken";"2016";"226.9";"0.75";"302.53";"White wine";"Glass";"12.5";"2.4202666"
"Vinmonopolet";"7632701";"Guy Breton Morgon Vieilles Vignes 2017";"Guy Breton Morgon Vieilles Vignes";"2017";"289.9";"0.75";"386.53";"RÃ¸dvin";"Glass";"13";"2.9733334"
"Vinmonopolet";"7632901";"Gunderloch Rothenberg Riesling Kabinett 2015";"Gunderloch Rothenberg Riesling Kabinett";"2015";"276.9";"0.75";"369.2";"White wine";"Glass";"10";"3.692"
"Vinmonopolet";"7633001";"Gunderloch Riesling Trocken 2016";"Gunderloch Riesling Trocken";"2016";"189.9";"0.75";"253.2";"White wine";"Glass";"12";"2.11"
"Vinmonopolet";"7634401";"Josmeyer Les Pierrets Riesling 2014";"Josmeyer Les Pierrets Riesling";"2014";"359.9";"0.75";"479.87";"White wine";"Glass";"13";"3.691282"
"Vinmonopolet";"7635301";"Von Winning Pinot Noir RosÃ© 2018";"Von Winning Pinot Noir RosÃ©";"2018";"189.9";"0.75";"253.2";"RosÃ©vin";"Glass";"12.5";"2.0256"
"Vinmonopolet";"7635501";"Ch. Sainte Beatrice CuvÃ©e des Princes RosÃ© 2019";"Ch. Sainte Beatrice CuvÃ©e des Princes RosÃ©";"2019";"157";"0.75";"209.33";"RosÃ©vin";"Glass";"13.5";"1.5506173"
"Vinmonopolet";"7637705";"Henriot Blanc de Blancs";"Henriot Blanc de Blancs";"0";"989.9";"1.5";"659.93";"Champagne, brut";"Glass";"12";"5.4994445"
"Vinmonopolet";"7638501";"Wageck Kalkstein Riesling Trocken 2019";"Wageck Kalkstein Riesling Trocken";"2019";"139.9";"0.75";"186.53";"White wine";"Glass";"12";"1.5544444"
"Vinmonopolet";"7638801";"Wageck TertiÃ¤r Riesling Trocken 2018";"Wageck TertiÃ¤r Riesling Trocken";"2018";"179.9";"0.75";"239.87";"White wine";"Glass";"12.5";"1.9189333"
"Vinmonopolet";"7639102";"Mad Fish Ice Shot";"Mad Fish Ice Shot";"0";"164.7";"0.5";"329.4";"Other spirit";"Glass";"16";"2.05875"
"Vinmonopolet";"7639501";"San Salvatore Vetere Rosato 2019";"San Salvatore Vetere Rosato";"2019";"228";"0.75";"304";"RosÃ©vin";"Glass";"12";"2.5333333"
"Vinmonopolet";"7640701";"Mas Janeil Sans Soufre 2016";"Mas Janeil Sans Soufre";"2016";"189.9";"0.75";"253.2";"RÃ¸dvin";"Glass";"13";"1.9476923"
"Vinmonopolet";"7640801";"Dom. Les FumÃ©es Blanches Sauvignon Blanc 2018";"Dom. Les FumÃ©es Blanches Sauvignon Blanc";"2018";"169.9";"0.75";"226.53";"White wine";"Glass";"12";"1.8877777"
"Vinmonopolet";"7640901";"Voria Bianco Frizzante 2018";"Voria Bianco Frizzante";"2018";"190";"0.75";"253.33";"Sparkling white wine";"Glass";"11";"2.3030303"
"Vinmonopolet";"7641001";"M. Chapoutier Les Meysonniers Blanc 2016";"M. Chapoutier Les Meysonniers Blanc";"2016";"259.9";"0.75";"346.53";"White wine";"Glass";"13";"2.665641"
"Vinmonopolet";"7641101";"M. Chapoutier Invitare Condrieu 2017";"M. Chapoutier Invitare Condrieu";"2017";"449.9";"0.75";"599.87";"White wine";"Glass";"14";"4.284762"
"Vinmonopolet";"7641201";"Scriani Valpolicella Classico 2018";"Scriani Valpolicella Classico";"2018";"179.9";"0.75";"239.87";"RÃ¸dvin";"Glass";"12.5";"1.9189333"
"Vinmonopolet";"7641401";"Wolfberger Alsace Grand Cru Eichberg Riesling 2017";"Wolfberger Alsace Grand Cru Eichberg Riesling";"2017";"268";"0.75";"357.33";"White wine";"Glass";"13";"2.748718"
"Vinmonopolet";"7641501";"Tio Pepe Fino en Rama 2018";"Tio Pepe Fino en Rama";"2018";"249.9";"0.75";"333.2";"Sherry";"Glass";"15";"2.2213333"
"Vinmonopolet";"7641606";"Ten. Carretta Piemonte Barbera 2018";"Ten. Carretta Piemonte Barbera";"2018";"459";"3";"153";"RÃ¸dvin";"Bag-in-box";"12.5";"1.224"
"Vinmonopolet";"7642701";"Emile Beyer Pinot Blanc Tradition 2018";"Emile Beyer Pinot Blanc Tradition";"2018";"199.9";"0.75";"266.53";"White wine";"Glass";"12.5";"2.1322665"
"Vinmonopolet";"7642802";"Trappolini IDEA 2015";"Trappolini IDEA";"2015";"212.7";"0.5";"425.4";"RÃ¸dvin";"Glass";"11.5";"3.6991303"
"Vinmonopolet";"7643202";"Santa Sofia Recioto della Valpolicella 2015";"Santa Sofia Recioto della Valpolicella";"2015";"199.8";"0.5";"399.6";"RÃ¸dvin";"Glass";"13.5";"2.96"
"Vinmonopolet";"7643701";"Clarendelle RosÃ© 2019";"Clarendelle RosÃ©";"2019";"209";"0.75";"278.67";"RosÃ©vin";"Glass";"12.5";"2.2293334"
"Vinmonopolet";"7643801";"Abelforth's Bathtub Gin";"Abelforth's Bathtub Gin";"0";"569.9";"0.7";"814.14";"Gin";"Glass";"43.3";"1.8802377"
"Vinmonopolet";"7644101";"Ganevat Le p'tiot Roukin";"Ganevat Le p'tiot Roukin";"2017";"309.9";"0.75";"413.2";"RÃ¸dvin";"Glass";"13";"3.1784616"
"Vinmonopolet";"7644306";"Triplette CÃ´tes de Provence";"Triplette CÃ´tes de Provence";"2019";"509.9";"3";"169.97";"RosÃ©vin";"Bag-in-box";"12";"1.4163889"
"Vinmonopolet";"7644401";"Pitt nat rosÃ© 2019";"Pitt nat rosÃ©";"2019";"288";"0.75";"384";"Perlende vin, rosÃ©";"Glass";"11";"3.490909"
"Vinmonopolet";"7644501";"Pitt nat blanc 2019";"Pitt nat blanc";"2019";"296";"0.75";"394.67";"Sparkling white wine";"Glass";"11";"3.5878787"
"Vinmonopolet";"7645002";"Vollen Akevitt Maud";"Vollen Akevitt Maud";"0";"375";"0.5";"750";"Aquavit";"Glass";"38";"1.9736842"
"Vinmonopolet";"7645101";"Highland Park Fire Edition";"Highland Park Fire Edition";"0";"2219.9";"0.7";"3171.29";"Whisky";"Glass";"45.2";"7.0161185"
"Vinmonopolet";"7645501";"Rizieri Langhe Arneis ArviÃ  2018";"Rizieri Langhe Arneis ArviÃ";"2018";"184.6";"0.75";"246.13";"White wine";"Glass";"13.5";"1.8232099"
"Vinmonopolet";"7645601";"Rizieri Dolcetto di Diano d'Alba 2018";"Rizieri Dolcetto di Diano d'Alba";"2018";"179.6";"0.75";"239.47";"RÃ¸dvin";"Glass";"13";"1.8420514"
"Vinmonopolet";"7645701";"Franco Francesco Moscato d'Asti 2016";"Franco Francesco Moscato d'Asti";"2016";"164.9";"0.75";"219.87";"Sparkling white wine";"Glass";"5.5";"3.9975755"
"Vinmonopolet";"7645801";"Franco Fransesco Trej Amis Barbera d'Asti 2018";"Franco Fransesco Trej Amis Barbera d'Asti";"2018";"210";"0.75";"280";"RÃ¸dvin";"Glass";"13.5";"2.074074"
"Vinmonopolet";"7646601";"Pietry Giraud Banyuls 1962";"Pietry Giraud Banyuls";"1962";"949";"0.75";"1265.33";"Fortified wine";"Glass";"17";"7.443137"
"Vinmonopolet";"7646702";"ManCan White";"ManCan White";"0";"84.5";"0.38";"225.33";"White wine";"Metall";"12.5";"1.7789474"
"Vinmonopolet";"7647401";"La Dama Peer Gynt Valpolicella Classico 2018";"La Dama Peer Gynt Valpolicella Classico";"2018";"149.6";"0.75";"199.47";"RÃ¸dvin";"Glass";"13";"1.534359"
"Vinmonopolet";"7647701";"Le Pianelle Al Posto dei Fiori Rosato";"Le Pianelle Al Posto dei Fiori Rosato";"2018";"299";"0.75";"398.67";"RosÃ©vin";"Glass";"13";"3.0666666"
"Vinmonopolet";"7647801";"Savardo Breganze Vespaiolo Superiore 2016";"Savardo Breganze Vespaiolo Superiore";"2016";"149.8";"0.75";"199.73";"White wine";"Glass";"12.5";"1.5978667"
"Vinmonopolet";"7647908";"Lanson Black Label, Rose Label (2x20cl)";"Lanson Black Label, Rose Label (2x20cl)";"0";"349.9";"0.4";"874.75";"Champagne, other";"Ãvrig";"12.5";"6.9979997"
"Vinmonopolet";"7648002";"Shoot Crazy Crocodile";"Shoot Crazy Crocodile";"0";"159.9";"0.5";"319.8";"LikÃ¸r";"Plast";"16.4";"1.9499999"
"Vinmonopolet";"7648101";"Villa Locatelli Pinot Grigio 2019";"Villa Locatelli Pinot Grigio";"2019";"159";"0.75";"212";"White wine";"Glass";"12.5";"1.696"
"Vinmonopolet";"7649101";"Bedouet Clos des Grands Primos 2017";"Bedouet Clos des Grands Primos";"2017";"99.9";"0.75";"133.2";"White wine";"Glass";"12";"1.11"
"Vinmonopolet";"7649201";"Dom. de L'Ecu Carpe Diem 2013";"Dom. de L'Ecu Carpe Diem";"2013";"399.8";"0.75";"533.07";"White wine";"Glass";"12";"4.442222"
"Vinmonopolet";"7649301";"Bedouet Ergo Sum 2016";"Bedouet Ergo Sum";"2016";"249.8";"0.75";"333.07";"White wine";"Glass";"12";"2.7755556"
"Vinmonopolet";"7649501";"Dom. de L'Ecu Janus 2015";"Dom. de L'Ecu Janus";"2015";"269.9";"0.75";"359.87";"White wine";"Glass";"12";"2.9988887"
"Vinmonopolet";"7649601";"Bedouet Expression du Pallet 2015";"Bedouet Expression du Pallet";"2015";"199.9";"0.75";"266.53";"White wine";"Glass";"12";"2.221111"
"Vinmonopolet";"7649705";"Scarzello Barbera d'Alba Superiore 2017";"Scarzello Barbera d'Alba Superiore";"2017";"679";"1.5";"452.67";"RÃ¸dvin";"Glass";"15";"3.0177777"
"Vinmonopolet";"7649901";"Le Bordeaux de Larrivet Haut-Brion 2016";"Le Bordeaux de Larrivet Haut-Brion";"2016";"209.9";"0.75";"279.87";"RÃ¸dvin";"Glass";"13";"2.1528203"
"Vinmonopolet";"7650001";"Le Bordeaux de Larrivet Haut-Brion 2018";"Le Bordeaux de Larrivet Haut-Brion";"2018";"200";"0.75";"266.67";"White wine";"Glass";"11.5";"2.3188405"
"Vinmonopolet";"7650101";"Louis Guntrum Dry Riesling 2016";"Louis Guntrum Dry Riesling";"2016";"189.9";"0.75";"253.2";"White wine";"Glass";"12";"2.11"
"Vinmonopolet";"7650206";"Karl May Handmade Riesling 2019";"Karl May Handmade Riesling";"2019";"539.9";"3";"179.97";"White wine";"Bag-in-box";"12";"1.4997222"
"Vinmonopolet";"7651401";"Guntrum Niersteiner Riesling Trocken 2016";"Guntrum Niersteiner Riesling Trocken";"2016";"229.9";"0.75";"306.53";"White wine";"Glass";"12.5";"2.4522667"
"Vinmonopolet";"7651501";"Guntrum Nierstein Oelberg Riesling Trocken 2016";"Guntrum Nierstein Oelberg Riesling Trocken";"2016";"269.9";"0.75";"359.87";"White wine";"Glass";"13";"2.7682052"
"Vinmonopolet";"7651601";"Glenglassaugh Octaves Classic Single Malt";"Glenglassaugh Octaves Classic Single Malt";"0";"829.4";"0.7";"1184.86";"Whisky";"Glass";"44";"2.6928573"
"Vinmonopolet";"7651701";"Lenoble Blanc de Noirs Bisseuil Brut 2012";"Lenoble Blanc de Noirs Bisseuil Brut";"2012";"719.9";"0.75";"959.87";"Champagne extra brut";"Glass";"12.5";"7.6789336"
"Vinmonopolet";"7651801";"Spencerfield The Feathery Blended Malt";"Spencerfield The Feathery Blended Malt";"0";"499.9";"0.7";"714.14";"Whisky";"Glass";"40";"1.7853571"
"Vinmonopolet";"7652001";"Glenglassaugh Octaves Peated Single Malt";"Glenglassaugh Octaves Peated Single Malt";"0";"829.4";"0.7";"1184.86";"Whisky";"Glass";"44";"2.6928573"
"Vinmonopolet";"7652306";"Casa Maria Verdejo 2019";"Casa Maria Verdejo";"2019";"449.9";"3";"149.97";"White wine";"Bag-in-box";"13.5";"1.1108642"
"Vinmonopolet";"7652706";"Lunaria Cerasuolo d'Abruzzo 2018";"Lunaria Cerasuolo d'Abruzzo";"2018";"318.8";"3";"106.27";"RosÃ©vin";"Bag-in-box";"13";"0.81743586"
"Vinmonopolet";"7652801";"Orsogna Puro Zero Linfae Primitivo 2018";"Orsogna Puro Zero Linfae Primitivo";"2018";"219.9";"0.75";"293.2";"RÃ¸dvin";"Glass";"13.5";"2.1718519"
"Vinmonopolet";"7653106";"Rebellious Riesling 2016";"Rebellious Riesling";"2016";"379";"3";"126.33";"White wine";"Bag-in-box";"12.5";"1.0106666"
"Vinmonopolet";"7653901";"Pisco Puro Quebranta 1615 2014";"Pisco Puro Quebranta";"2014";"498.1";"0.7";"711.57";"Grape spirit";"Glass";"42";"1.6942177"
"Vinmonopolet";"7654202";"Pisco 1615 Mosto Verde Italia 2014";"Pisco  Mosto Verde Italia";"2014";"457.8";"0.5";"915.6";"Grape spirit";"Glass";"42";"2.1799998"
"Vinmonopolet";"7655005";"Ch. le Borderon Haut-Medoc 2010";"Ch. le Borderon Haut-Medoc";"2010";"299.7";"1.5";"199.8";"RÃ¸dvin";"Glass";"14.3";"1.3972028"
"Vinmonopolet";"7656102";"CusqueÃ±a Cerveza Malta";"CusqueÃ±a Cerveza Malta";"0";"46";"0.33";"139.39";"MÃ¸rk lager";"Glass";"5.6";"2.4891775"
"Vinmonopolet";"7656202";"CusqueÃ±a Golden Lager";"CusqueÃ±a Golden Lager";"0";"41.5";"0.33";"125.76";"Light lager";"Glass";"4.8";"2.6199493"
"Vinmonopolet";"7656303";"Tito's Handmade Vodka";"Tito's Handmade Vodka";"0";"52.5";"0.05";"1050";"Vodka";"Glass";"40";"2.625"
"Vinmonopolet";"7656401";"Chimay Blonde DorÃ¨e";"Chimay Blonde DorÃ¨e";"0";"99.9";"0.75";"133.2";"Trappist";"Glass";"4.8";"2.7749999"
"Vinmonopolet";"7656701";"Le Volpi 12 Mesi Colli Euganei Merlot 2016";"Le Volpi 12 Mesi Colli Euganei Merlot";"2016";"227.1";"0.75";"302.8";"RÃ¸dvin";"Glass";"14";"2.1628573"
"Vinmonopolet";"7657101";"Tsantalis Kanenas Chardonnay 2017";"Tsantalis Kanenas Chardonnay";"2017";"209.9";"0.75";"279.87";"White wine";"Glass";"12.5";"2.2389333"
"Vinmonopolet";"7657201";"Tsantalis Kanenas Mavroudi Syrah 2017";"Tsantalis Kanenas Mavroudi Syrah";"2017";"209.9";"0.75";"279.87";"RÃ¸dvin";"Glass";"13";"2.1528203"
"Vinmonopolet";"7657302";"Hitachino Nest Anbai Ale";"Hitachino Nest Anbai Ale";"0";"58.9";"0.33";"178.49";"SurÃ¸l";"Glass";"7.5";"2.379798"
"Vinmonopolet";"7657501";"Matrot Monthelie Rouge 2014";"Matrot Monthelie Rouge";"2014";"372.1";"0.75";"496.13";"RÃ¸dvin";"Glass";"13";"3.8164103"
"Vinmonopolet";"7658001";"SÃ©tt Vino Rosato";"SÃ©tt Vino Rosato";"0";"198.9";"0.75";"265.2";"RosÃ©vin";"Glass";"13";"2.04"
"Vinmonopolet";"7659301";"Santero DilÃ© Camouflage";"Santero DilÃ© Camouflage";"0";"150";"0.75";"200";"RÃ¸dvin";"Glass";"14";"1.4285715"
"Vinmonopolet";"7660101";"Marie BÃ©rÃ©nice Bandol RosÃ© 2016";"Marie BÃ©rÃ©nice Bandol RosÃ©";"2016";"149.9";"0.75";"199.87";"RosÃ©vin";"Glass";"13";"1.5374359"
"Vinmonopolet";"7660301";"Ch. Haut-Monplaisir L'Envie 2016";"Ch. Haut-Monplaisir L'Envie";"2016";"239";"0.75";"318.67";"RÃ¸dvin";"Glass";"13.5";"2.360494"
"Vinmonopolet";"7661701";"Casal Garcia Sweet";"Casal Garcia Sweet";"0";"89.9";"0.75";"119.87";"White wine";"Glass";"9.5";"1.2617544"
"Vinmonopolet";"7662001";"CÃ¡tulo Tinto Garnacha 2018";"CÃ¡tulo Tinto Garnacha";"2018";"139.9";"0.75";"186.53";"RÃ¸dvin";"Glass";"14";"1.3323809"
"Vinmonopolet";"7662101";"La Parra AlbariÃ±o 2018";"La Parra AlbariÃ±o";"2018";"149.9";"0.75";"199.87";"White wine";"Glass";"12.5";"1.5989332"
"Vinmonopolet";"7663101";"Corte Gardoni Le Fontane Bardolino 2017";"Corte Gardoni Le Fontane Bardolino";"2017";"169.9";"0.75";"226.53";"RÃ¸dvin";"Glass";"12";"1.8877777"
"Vinmonopolet";"7663201";"Corte Gardoni Bardolino Chiaretto 2017";"Corte Gardoni Bardolino Chiaretto";"2017";"164.6";"0.75";"219.47";"RosÃ©vin";"Glass";"13";"1.6882052"
"Vinmonopolet";"7663301";"Vivanco ColecciÃ³n Garnacha 2014";"Vivanco ColecciÃ³n Garnacha";"2014";"417.4";"0.75";"556.53";"RÃ¸dvin";"Glass";"15";"3.7102222"
"Vinmonopolet";"7663501";"Vivanco ColecciÃ³n Graciano 2012";"Vivanco ColecciÃ³n Graciano";"2012";"529.4";"0.75";"705.87";"RÃ¸dvin";"Glass";"14.5";"4.8680463"
"Vinmonopolet";"7663701";"Vivanco ColecciÃ³n 4 Varietales 2014";"Vivanco ColecciÃ³n 4 Varietales";"2014";"397.3";"0.75";"529.73";"RÃ¸dvin";"Glass";"14";"3.7838094"
"Vinmonopolet";"7663802";"Vivanco ColecciÃ³n 4 Varietales Dulce de Invierno 2015";"Vivanco ColecciÃ³n 4 Varietales Dulce de Invierno";"2015";"448.7";"0.38";"1196.53";"RÃ¸dvin";"Glass";"14";"8.434211"
"Vinmonopolet";"7663901";"Montresor RosÃ© Royal Brut";"Montresor RosÃ© Royal Brut";"0";"174.2";"0.75";"232.27";"Musserende vin, rosÃ©";"Glass";"12";"1.9355556"
"Vinmonopolet";"7664001";"Bonnet-Huteau Goulaine Muscadet SÃ¨vre & Maine 2013";"Bonnet-Huteau Goulaine Muscadet SÃ¨vre & Maine";"2013";"252";"0.75";"336";"White wine";"Glass";"12.5";"2.688"
"Vinmonopolet";"7664101";"Berrys' Bunnahabhain 1989";"Berrys' Bunnahabhain";"1989";"1749.9";"0.7";"2499.86";"Whisky";"Glass";"42.9";"5.8271728"
"Vinmonopolet";"7664601";"Meinklang Konkret White 2016";"Meinklang Konkret White";"2016";"350";"0.75";"466.67";"White wine";"Glass";"12.5";"3.7333333"
"Vinmonopolet";"7665301";"Serve Terra Romana Millenium 2015";"Serve Terra Romana Millenium";"2015";"169.9";"0.75";"226.53";"White wine";"Glass";"13.5";"1.6780246"
"Vinmonopolet";"7665401";"Metamorfosis Cantvs Primvs Feteasca Neagra 2013";"Metamorfosis Cantvs Primvs Feteasca Neagra";"2013";"223.9";"0.75";"298.53";"RÃ¸dvin";"Glass";"14";"2.132381"
"Vinmonopolet";"7665601";"Metamorfosis Fluturi Feteasca Regala 2015";"Metamorfosis Fluturi Feteasca Regala";"2015";"129.6";"0.75";"172.8";"White wine";"Glass";"13";"1.3292308"
"Vinmonopolet";"7665701";"Folonari B.S.T. Sangiovese Cabernet Sauvignon 2018";"Folonari B.S.T. Sangiovese Cabernet Sauvignon";"2018";"217";"0.75";"289.33";"RÃ¸dvin";"Glass";"14.5";"1.9954023"
"Vinmonopolet";"7665801";"Folonari B.S.T. Cabernet Sauvignon Merlot 2018";"Folonari B.S.T. Cabernet Sauvignon Merlot";"2018";"217";"0.75";"289.33";"RÃ¸dvin";"Glass";"14.5";"1.9954023"
"Vinmonopolet";"7666202";"Koskenkorva Forest Berries";"Koskenkorva Forest Berries";"0";"172.9";"0.5";"345.8";"LikÃ¸r";"Glass";"21";"1.6466666"
"Vinmonopolet";"7666706";"Baron Due Leoni RosÃ© 2018";"Baron Due Leoni RosÃ©";"2018";"379.9";"3";"126.63";"RosÃ©vin";"Bag-in-box";"11.5";"1.1011595"
"Vinmonopolet";"7669101";"Santa Cristina Pinot Grigio 2018";"Santa Cristina Pinot Grigio";"2018";"169";"0.75";"225.33";"White wine";"Glass";"12";"1.8777778"
"Vinmonopolet";"7669401";"Dom. Gourt de Mautens 2012";"Dom. Gourt de Mautens";"2012";"560.1";"0.75";"746.8";"RÃ¸dvin";"Glass";"14";"5.3342853"
"Vinmonopolet";"7669601";"Ops By Loxarel 2017";"Ops By Loxarel";"2017";"149.9";"0.75";"199.87";"White wine";"Glass";"13";"1.5374359"
"Vinmonopolet";"7669702";"Kimerud Wild Grade Gin";"Kimerud Wild Grade Gin";"2017";"412.9";"0.5";"825.8";"Gin";"Glass";"47";"1.7570213"
"Vinmonopolet";"7670301";"Cigalus Blanc 2016";"Cigalus Blanc";"2016";"389";"0.75";"518.67";"White wine";"Glass";"14.5";"3.5770116"
"Vinmonopolet";"7670401";"Dom. La Suffrene Bandol Rouge Les Lauves 2012";"Dom. La Suffrene Bandol Rouge Les Lauves";"2012";"289.9";"0.75";"386.53";"RÃ¸dvin";"Glass";"15";"2.5768888"
"Vinmonopolet";"7670601";"Baricchi Barbaresco Riserva 2004";"Baricchi Barbaresco Riserva";"2004";"1042.6";"0.75";"1390.13";"RÃ¸dvin";"Glass";"14.5";"9.587126"
"Vinmonopolet";"7671301";"Matteo Podelli Prosecco Brut";"Matteo Podelli Prosecco Brut";"0";"144.9";"0.75";"193.2";"Sparkling wine";"Glass";"11";"1.7563635"
"Vinmonopolet";"7673001";"Stoneleigh Pinot Noir 2017";"Stoneleigh Pinot Noir";"2017";"147.9";"0.75";"197.2";"RÃ¸dvin";"Glass";"13.5";"1.4607407"
"Vinmonopolet";"7673101";"Lambert Les Perruches Chinon 2015";"Lambert Les Perruches Chinon";"2015";"249";"0.75";"332";"RÃ¸dvin";"Glass";"12.5";"2.656"
"Vinmonopolet";"7675401";"Maximin GrÃ¼nhÃ¤user Riesling Trocken 2015";"Maximin GrÃ¼nhÃ¤user Riesling Trocken";"2015";"204.8";"0.75";"273.07";"White wine";"Glass";"11.5";"2.374493"
"Vinmonopolet";"7675501";"Maxim Riesling 2018";"Maxim Riesling";"2018";"169.9";"0.75";"226.53";"White wine";"Glass";"12";"1.8877777"
"Vinmonopolet";"7675601";"Maximin GrÃ¼nhÃ¤user Pinot Noir 2016";"Maximin GrÃ¼nhÃ¤user Pinot Noir";"2016";"439.9";"0.75";"586.53";"RÃ¸dvin";"Glass";"14";"4.1895237"
"Vinmonopolet";"7675706";"Tommasi Valpolicella 2019";"Tommasi Valpolicella";"2019";"499.9";"3";"166.63";"RÃ¸dvin";"Bag-in-box";"12";"1.3886111"
"Vinmonopolet";"7675801";"Absolut Lime";"Absolut Lime";"0";"354.9";"0.7";"507";"Vodka";"Glass";"40";"1.2675"
"Vinmonopolet";"7676001";"B Vintners de Alexandria 2018";"B Vintners de Alexandria";"2018";"209";"0.75";"278.67";"White wine";"Glass";"12";"2.3222222"
"Vinmonopolet";"7678201";"Ostatu Reserva 2012";"Ostatu Reserva";"2012";"274.8";"0.75";"366.4";"RÃ¸dvin";"Glass";"14.5";"2.5268965"
"Vinmonopolet";"7678301";"Ostatu Crianza 2015";"Ostatu Crianza";"2015";"199.7";"0.75";"266.27";"RÃ¸dvin";"Glass";"14";"1.9019047"
"Vinmonopolet";"7678801";"RamÃ³n do Casar Blanco 2016";"RamÃ³n do Casar Blanco";"2016";"179.7";"0.75";"239.6";"White wine";"Glass";"12.5";"1.9168"
"Vinmonopolet";"7678901";"RamÃ³n do Casar Treixadura 2016";"RamÃ³n do Casar Treixadura";"2016";"214.9";"0.75";"286.53";"White wine";"Glass";"12.5";"2.2922666"
"Vinmonopolet";"7679501";"Fanny Sabre Meursault 2018";"Fanny Sabre Meursault";"2018";"649.9";"0.75";"866.53";"White wine";"Glass";"13.5";"6.4187655"
"Vinmonopolet";"7681301";"The Juice Asylum Il Terzo Grado 2018";"The Juice Asylum Il Terzo Grado";"2018";"249.9";"0.75";"333.2";"RÃ¸dvin";"Glass";"13.5";"2.468148"
"Vinmonopolet";"7681305";"The Juice Asylum Il Terzo Grado 2018";"The Juice Asylum Il Terzo Grado";"2018";"499.9";"1.5";"333.27";"RÃ¸dvin";"Glass";"13.5";"2.468642"
"Vinmonopolet";"7682301";"May Retzstadter Langenberg Silvaner 2017";"May Retzstadter Langenberg Silvaner";"2017";"248.9";"0.75";"331.87";"White wine";"Glass";"12.5";"2.6549332"
"Vinmonopolet";"7682402";"May Silvaner Trockenbeerenauslese 2015";"May Silvaner Trockenbeerenauslese";"2015";"649.9";"0.38";"1733.07";"White wine";"Glass";"7.5";"22.80351"
"Vinmonopolet";"7682501";"May Retzstadt Silvaner 2018";"May Retzstadt Silvaner";"2018";"210";"0.75";"280";"White wine";"Glass";"12.5";"2.24"
"Vinmonopolet";"7682505";"May Retzstadt Silvaner 2018";"May Retzstadt Silvaner";"2018";"460";"1.5";"306.67";"White wine";"Glass";"12.5";"2.4533334"
"Vinmonopolet";"7682801";"Yachting Mojito";"Yachting Mojito";"2015";"189.9";"0.7";"271.29";"Other spirit";"Glass";"15";"1.8085715"
"Vinmonopolet";"7682901";"Elena Walch Beyond the Clouds 2015";"Elena Walch Beyond the Clouds";"2015";"559.9";"0.75";"746.53";"White wine";"Glass";"14";"5.3323812"
"Vinmonopolet";"7683301";"Lheraud L'Oublie XO";"Lheraud L'Oublie XO";"0";"799";"0.7";"1141.43";"Grape spirit";"Glass";"42";"2.7176871"
"Vinmonopolet";"7683401";"Eric Texier St-Julien en St-Alban Vieille Marsanne 2016";"Eric Texier St-Julien en St-Alban Vieille Marsanne";"2016";"359.9";"0.75";"479.87";"White wine";"Glass";"12";"3.9988887"
"Vinmonopolet";"7683501";"Gaintus Radical Sumoll 2016";"Gaintus Radical Sumoll";"2016";"169.6";"0.75";"226.13";"RÃ¸dvin";"Glass";"12.5";"1.8090668"
"Vinmonopolet";"7683601";"Vinyes d'AlbÃ  Sumoll 2016";"Vinyes d'AlbÃ  Sumoll";"2016";"149.6";"0.75";"199.47";"RÃ¸dvin";"Glass";"14";"1.424762"
"Vinmonopolet";"7684401";"Gusbourne Blanc de Blanc 2013";"Gusbourne Blanc de Blanc";"2013";"474.9";"0.75";"633.2";"Sparkling wine";"Glass";"12";"5.2766666"
"Vinmonopolet";"7684501";"Gusbourne Brut Reserve 2014";"Gusbourne Brut Reserve";"2014";"399.9";"0.75";"533.2";"Sparkling wine";"Glass";"12";"4.443333"
"Vinmonopolet";"7684701";"By the Dutch Dry Gin";"By the Dutch Dry Gin";"0";"569.9";"0.7";"814.14";"Gin";"Glass";"42.5";"1.9156303"
"Vinmonopolet";"7685401";"BenRiach Peated Cask Strength Batch 1";"BenRiach Peated Cask Strength Batch 1";"0";"989.9";"0.7";"1414.14";"Whisky";"Glass";"56";"2.5252552"
"Vinmonopolet";"7685501";"Togouchi 15 YO";"Togouchi 15 YO";"0";"1885";"0.7";"2692.86";"Whisky";"Glass";"43.8";"6.148076"
"Vinmonopolet";"7685601";"Togouchi 9 YO";"Togouchi 9 YO";"0";"1120";"0.7";"1600";"Whisky";"Glass";"40";"4"
"Vinmonopolet";"7685901";"Thunevin Bad Boy 2015";"Thunevin Bad Boy";"2015";"319.3";"0.75";"425.73";"RÃ¸dvin";"Glass";"14";"3.0409522"
"Vinmonopolet";"7686301";"Islay Storm";"Islay Storm";"0";"599";"0.7";"855.71";"Whisky";"Glass";"40";"2.1392858"
"Vinmonopolet";"7686401";"Finlaggan Cask Strength";"Finlaggan Cask Strength";"0";"845";"0.7";"1207.14";"Whisky";"Glass";"58";"2.0812807"
"Vinmonopolet";"7686502";"Monastero Grappa Riserva";"Monastero Grappa Riserva";"0";"599.5";"0.5";"1199";"Grape spirit";"Glass";"43";"2.788372"
"Vinmonopolet";"7686707";"Dom. de Pajot Bas Armagnac XO";"Dom. de Pajot Bas Armagnac XO";"0";"3061.4";"2.5";"1224.56";"Grape spirit";"Glass";"42";"2.915619"
"Vinmonopolet";"7687301";"Marjan Simcic Ribolla 2018";"Marjan Simcic Ribolla";"2018";"239.9";"0.75";"319.87";"White wine";"Glass";"13";"2.4605129"
"Vinmonopolet";"7687401";"Marjan Simcic Ribolla Cru Selection 2016";"Marjan Simcic Ribolla Cru Selection";"2016";"369.9";"0.75";"493.2";"White wine";"Glass";"13.5";"3.6533332"
"Vinmonopolet";"7687501";"Marjan Simcic Selekcija Pinot Noir 2014";"Marjan Simcic Selekcija Pinot Noir";"2014";"449.9";"0.75";"599.87";"RÃ¸dvin";"Glass";"13.5";"4.4434566"
"Vinmonopolet";"7687601";"Proyecto Garnachas de EspaÃ±a La Garnacha Perdida del Pirineo 2015";"Proyecto Garnachas de EspaÃ±a La Garnacha Perdida del Pirineo";"2015";"284.2";"0.75";"378.93";"RÃ¸dvin";"Glass";"15.5";"2.4447312"
"Vinmonopolet";"7687701";"Kinn Kvitskum Tysk KveiteÃ¸l";"Kinn Kvitskum Tysk KveiteÃ¸l";"0";"93";"0.75";"124";"HveteÃ¸l";"Glass";"5.5";"2.2545455"
"Vinmonopolet";"7687801";"Louis Metaireau Grand Mouton Extra Brut";"Louis Metaireau Grand Mouton Extra Brut";"0";"149.9";"0.75";"199.87";"Sparkling wine";"Glass";"12";"1.6655555"
"Vinmonopolet";"7688401";"Casa Smith Cervo Barbera 2016";"Casa Smith Cervo Barbera";"2016";"340";"0.75";"453.33";"RÃ¸dvin";"Glass";"14.5";"3.1264367"
"Vinmonopolet";"7688501";"Casa Smith Porcospino Primitivo 2016";"Casa Smith Porcospino Primitivo";"2016";"330";"0.75";"440";"RÃ¸dvin";"Glass";"15";"2.9333334"
"Vinmonopolet";"7688901";"Brancaia Ilatraia 2014";"Brancaia Ilatraia";"2014";"589.9";"0.75";"786.53";"RÃ¸dvin";"Glass";"14";"5.6180954"
"Vinmonopolet";"7689001";"Girolamo Russo San Lorenzo 2010";"Girolamo Russo San Lorenzo";"2010";"398.8";"0.75";"531.73";"RÃ¸dvin";"Glass";"14";"3.7980952"
"Vinmonopolet";"7689901";"Dom. des CrÃªts MÃ¢con-Villages 2018";"Dom. des CrÃªts MÃ¢con-Villages";"2018";"249.9";"0.75";"333.2";"White wine";"Glass";"12.5";"2.6655998"
"Vinmonopolet";"7690001";"Dom. des CrÃªts MÃ¢con-Chardonnay 2017";"Dom. des CrÃªts MÃ¢con-Chardonnay";"2017";"269.9";"0.75";"359.87";"White wine";"Glass";"13";"2.7682052"
"Vinmonopolet";"7690101";"Dom. des CrÃªts MÃ¢con-Chardonnay L'Ã©chenault de Serre 2017";"Dom. des CrÃªts MÃ¢con-Chardonnay L'Ã©chenault de Serre";"2017";"219.9";"0.75";"293.2";"White wine";"Glass";"12.5";"2.3456"
"Vinmonopolet";"7690601";"SelecciÃ³n de Ostatu 2013";"SelecciÃ³n de Ostatu";"2013";"249.9";"0.75";"333.2";"RÃ¸dvin";"Glass";"14.5";"2.297931"
"Vinmonopolet";"7690701";"Gloria de Ostatu 2008";"Gloria de Ostatu";"2008";"399.4";"0.75";"532.53";"RÃ¸dvin";"Glass";"14.5";"3.6726437"
"Vinmonopolet";"7690801";"Lore de Ostatu 2014";"Lore de Ostatu";"2014";"249.9";"0.75";"333.2";"White wine";"Glass";"13.5";"2.468148"
"Vinmonopolet";"7690901";"Laderas de Ostatu 2011";"Laderas de Ostatu";"2011";"349.9";"0.75";"466.53";"RÃ¸dvin";"Glass";"14";"3.332381"
"Vinmonopolet";"7694001";"Manzoni Moscato 2019";"Manzoni Moscato";"2019";"164.4";"0.75";"219.2";"Musserende vin, rosÃ©";"Glass";"9.5";"2.3073683"
"Vinmonopolet";"7694801";"Marjan Simcic Chardonnay Opoka 2016";"Marjan Simcic Chardonnay Opoka";"2016";"539.9";"0.75";"719.87";"White wine";"Glass";"14";"5.141905"
"Vinmonopolet";"7694901";"Marjan Simcic Ribolla Opoka Medana Jama Cru 2016";"Marjan Simcic Ribolla Opoka Medana Jama Cru";"2016";"539.9";"0.75";"719.87";"White wine";"Glass";"13.5";"5.332346"
"Vinmonopolet";"7695002";"Vocation Life & Death IPA";"Vocation Life & Death IPA";"0";"58.9";"0.33";"178.49";"India pale ale";"Metall";"6.5";"2.7459207"
"Vinmonopolet";"7695102";"Vocation Pride & Joy";"Vocation Pride & Joy";"0";"59.9";"0.33";"181.52";"Pale ale";"Metall";"5.3";"3.424814"
"Vinmonopolet";"7695201";"Marjan Simcic Pinot Noir Opoka 2015";"Marjan Simcic Pinot Noir Opoka";"2015";"579.9";"0.75";"773.2";"RÃ¸dvin";"Glass";"13.5";"5.7274075"
"Vinmonopolet";"7695301";"Raddeck Edition S Pettenthal Riesling Trocken 2018";"Raddeck Edition S Pettenthal Riesling Trocken";"2018";"248.4";"0.75";"331.2";"White wine";"Glass";"12.5";"2.6496"
"Vinmonopolet";"7696201";"Monte RosÃ© CuvÃ©e Dry";"Monte RosÃ© CuvÃ©e Dry";"0";"202.3";"0.75";"269.73";"Musserende vin, rosÃ©";"Glass";"11";"2.4521213"
"Vinmonopolet";"7696301";"Montelliana 57 Asolo Prosecco Superiore";"Montelliana 57 Asolo Prosecco Superiore";"0";"220";"0.75";"293.33";"Sparkling wine";"Glass";"11";"2.6666667"
"Vinmonopolet";"7696401";"Mont Blanc CuvÃ©e Extra Dry";"Mont Blanc CuvÃ©e Extra Dry";"0";"199.6";"0.75";"266.13";"Sparkling wine";"Glass";"11";"2.419394"
"Vinmonopolet";"7696701";"Schiopetto Collio Friulano 2016";"Schiopetto Collio Friulano";"2016";"329.4";"0.75";"439.2";"White wine";"Glass";"14";"3.137143"
"Vinmonopolet";"7696802";"By Braastad CrÃ©me Liqueur au Cognac";"By Braastad CrÃ©me Liqueur au Cognac";"0";"212.9";"0.5";"425.8";"LikÃ¸r";"Plast";"17";"2.504706"
"Vinmonopolet";"7699702";"Kristiansund 275 Ã¥r Jubileumsakevitt";"Kristiansund 275 Ã¥r Jubileumsakevitt";"0";"379.9";"0.5";"759.8";"Aquavit";"Glass";"40";"1.8995"
"Vinmonopolet";"7699902";"Duquai Sommer Cognac XO";"Duquai Sommer Cognac XO";"0";"599.9";"0.5";"1199.8";"Grape spirit";"Glass";"40";"2.9995"
"Vinmonopolet";"7700101";"B Vintners Haarlem to Hope 2017";"B Vintners Haarlem to Hope";"2017";"279";"0.75";"372";"White wine";"Glass";"13";"2.8615384"
"Vinmonopolet";"7700601";"Castello di Ama San Lorenzo Gran Selezione 2013";"Castello di Ama San Lorenzo Gran Selezione";"2013";"375.3";"0.75";"500.4";"RÃ¸dvin";"Glass";"13";"3.8492305"
"Vinmonopolet";"7700801";"Ama Al Poggio 2015";"Ama Al Poggio";"2015";"268.3";"0.75";"357.73";"White wine";"Glass";"13";"2.7517948"
"Vinmonopolet";"7702301";"Cooper's Choice Ardmore 2001 15 YO Cask No 801582";"Cooper's Choice Ardmore  15 YO Cask No 82";"0";"1199";"0.7";"1712.86";"Whisky";"Glass";"51.5";"3.3259363"
"Vinmonopolet";"7703801";"Dom. de Cantarelle Triplette CÃ´tes de Provence";"Dom. de Cantarelle Triplette CÃ´tes de Provence";"2019";"169.9";"0.75";"226.53";"RosÃ©vin";"Glass";"12";"1.8877777"
"Vinmonopolet";"7704502";"Ayinger BrÃ¤uweisse";"Ayinger BrÃ¤uweisse";"0";"42.9";"0.33";"130";"HveteÃ¸l";"Glass";"5.1";"2.5490196"
"Vinmonopolet";"7704702";"Ayinger Celebrator Doppelbock";"Ayinger Celebrator Doppelbock";"0";"52.9";"0.33";"160.3";"MÃ¸rk lager";"Glass";"6.7";"2.3925827"
"Vinmonopolet";"7705103";"RÃ¥stoff";"RÃ¥stoff";"0";"69.9";"0.1";"699";"LikÃ¸r";"Glass";"16.4";"4.262195"
"Vinmonopolet";"7705203";"NordsÃ¸ Bitter";"NordsÃ¸ Bitter";"0";"74.9";"0.1";"749";"Bitter	";"Glass";"30";"2.4966667"
"Vinmonopolet";"7705301";"Rappenhof Muth Weisser Burgunder Trocken 2016";"Rappenhof Muth Weisser Burgunder Trocken";"2016";"169.9";"0.75";"226.53";"White wine";"Glass";"13";"1.7425641"
"Vinmonopolet";"7705402";"Rappenhof Weisser Burgunder Beerensauslese 1992";"Rappenhof Weisser Burgunder Beerensauslese";"1992";"399.9";"0.38";"1066.4";"White wine";"Glass";"10";"10.5236845"
"Vinmonopolet";"7705501";"Rappenhof Herrenberg Riesling GG 2016";"Rappenhof Herrenberg Riesling GG";"2016";"314.9";"0.75";"419.87";"White wine";"Glass";"13";"3.2297435"
"Vinmonopolet";"7705601";"14 Hands Chardonnay";"14 Hands Chardonnay";"0";"229.9";"0.75";"306.53";"White wine";"Glass";"13.5";"2.2706172"
"Vinmonopolet";"7705701";"The Crossings Wild Sauvignon Blanc 2018";"The Crossings Wild Sauvignon Blanc";"2018";"209.9";"0.75";"279.87";"White wine";"Glass";"13";"2.1528203"
"Vinmonopolet";"7705801";"Ratti Langhe Dolcetto ColombÃ¨ 2018";"Ratti Langhe Dolcetto ColombÃ¨";"2018";"189.9";"0.75";"253.2";"RÃ¸dvin";"Glass";"12.5";"2.0256"
"Vinmonopolet";"7706306";"MarquÃ©s de Somera Macabeo";"MarquÃ©s de Somera Macabeo";"2017";"409.9";"3";"136.63";"White wine";"Bag-in-box";"13";"1.0510256"
"Vinmonopolet";"7706502";"Radikon Ribolla Gialla 2014";"Radikon Ribolla Gialla";"2014";"349.9";"0.5";"699.8";"White wine";"Glass";"12.5";"5.5984"
"Vinmonopolet";"7706701";"Casebianche Dellemore Rosso Cilento 2015";"Casebianche Dellemore Rosso Cilento";"2015";"199.8";"0.75";"266.4";"RÃ¸dvin";"Glass";"13";"2.0492308"
"Vinmonopolet";"7706901";"Bric Cenciurio Sito dei Fossili Roero Arneis 2016";"Bric Cenciurio Sito dei Fossili Roero Arneis";"2016";"198.3";"0.75";"264.4";"White wine";"Glass";"13.5";"1.9585185"
"Vinmonopolet";"7707001";"Fiskerens rÃ¸dvin 2015";"Fiskerens rÃ¸dvin";"2015";"179.3";"0.75";"239.07";"RÃ¸dvin";"Glass";"14";"1.7076191"
"Vinmonopolet";"7707101";"Fiskerens hvitvin 2016";"Fiskerens hvitvin";"2016";"178.9";"0.75";"238.53";"White wine";"Glass";"12.5";"1.9082665"
"Vinmonopolet";"7707301";"Allendorf Riesling Extra Dry 2014";"Allendorf Riesling Extra Dry";"2014";"139.6";"0.75";"186.13";"Sparkling wine";"Glass";"12.5";"1.4890667"
"Vinmonopolet";"7707506";"McManis Petite Sirah 2017";"McManis Petite Sirah";"2017";"519";"3";"173";"RÃ¸dvin";"Bag-in-box";"14";"1.2357143"
"Vinmonopolet";"7707601";"Bianco di Ampeleia 2018";"Bianco di Ampeleia";"2018";"289.9";"0.75";"386.53";"White wine";"Glass";"11";"3.5139394"
"Vinmonopolet";"7708101";"Azul MediterrÃ¡neo Frizzante 2016";"Azul MediterrÃ¡neo Frizzante";"2016";"112.8";"0.75";"150.4";"Flavoured wine	";"Glass";"11";"1.3672727"
"Vinmonopolet";"7708501";"Seghesio Barolo La Villa 2013";"Seghesio Barolo La Villa";"2013";"469.5";"0.75";"626";"RÃ¸dvin";"Glass";"14.5";"4.317241"
"Vinmonopolet";"7708801";"De Ranke XX Bitter";"De Ranke XX Bitter";"0";"109.9";"0.75";"146.53";"Light ale";"Glass";"6";"2.4422224"
"Vinmonopolet";"7709002";"Mysticum Cosmic Tripel";"Mysticum Cosmic Tripel";"0";"69.9";"0.33";"211.82";"Trappist";"Glass";"10";"2.1181817"
"Vinmonopolet";"7709101";"Boeckel Les Terres Rouges Pinot Noir 2015";"Boeckel Les Terres Rouges Pinot Noir";"2015";"244";"0.75";"325.33";"RÃ¸dvin";"Glass";"13";"2.5025642"
"Vinmonopolet";"7709201";"Meloso Tempranillo Roble 2018";"Meloso Tempranillo Roble";"2018";"176";"0.75";"234.67";"RÃ¸dvin";"Glass";"14";"1.6761905"
"Vinmonopolet";"7709301";"GlÃ¶et Sparkling White Sangria";"GlÃ¶et Sparkling White Sangria";"0";"129.9";"0.75";"173.2";"Flavoured wine	";"Glass";"8";"2.165"
"Vinmonopolet";"7709401";"Chapoutier Les Vignes de Bila-Haut Blanc 2016";"Chapoutier Les Vignes de Bila-Haut Blanc";"2016";"169.9";"0.75";"226.53";"White wine";"Glass";"13.5";"1.6780246"
"Vinmonopolet";"7709501";"Marius Blanc by Michel Chapoutier 2017";"Marius Blanc by Michel Chapoutier";"2017";"149.9";"0.75";"199.87";"White wine";"Glass";"12.5";"1.5989332"
"Vinmonopolet";"7710001";"Vale da Capucha Arinto 2015";"Vale da Capucha Arinto";"2015";"244.6";"0.75";"326.13";"White wine";"Glass";"12.5";"2.6090667"
"Vinmonopolet";"7710101";"Luz n Organic Blanco 2016";"Luz n Organic Blanco";"2016";"106.6";"0.75";"142.13";"White wine";"Glass";"12";"1.1844444"
"Vinmonopolet";"7710201";"Philipponnat Grand Blanc Brut 2009";"Philipponnat Grand Blanc Brut";"2009";"820";"0.75";"1093.33";"Champagne, brut";"Glass";"12";"9.111111"
"Vinmonopolet";"7710302";"RÃ¸ros Bryggeri IDA IPA";"RÃ¸ros Bryggeri IDA IPA";"0";"69";"0.33";"209.09";"India pale ale";"Glass";"8";"2.6136363"
"Vinmonopolet";"7710602";"NÃ¸isom SjÃ¸sprÃ¸yt";"NÃ¸isom SjÃ¸sprÃ¸yt";"0";"74.4";"0.5";"148.8";"India pale ale";"Glass";"7.8";"1.9076923"
"Vinmonopolet";"7710801";"Dom. Sainte BÃ©atrice CuvÃ©e des Princes Blanc 2019";"Dom. Sainte BÃ©atrice CuvÃ©e des Princes Blanc";"2019";"157";"0.75";"209.33";"White wine";"Glass";"13.5";"1.5506173"
"Vinmonopolet";"7710901";"Dom. Sainte BÃ©atrice CuvÃ©e des Princes Rouge 2017";"Dom. Sainte BÃ©atrice CuvÃ©e des Princes Rouge";"2017";"157";"0.75";"209.33";"RÃ¸dvin";"Glass";"13.5";"1.5506173"
"Vinmonopolet";"7712601";"Bonnardot Puligny-Montrachet La Garenne 2016";"Bonnardot Puligny-Montrachet La Garenne";"2016";"679.9";"0.75";"906.53";"White wine";"Glass";"12.5";"7.252267"
"Vinmonopolet";"7712901";"Bonnardot Chassagne-Montrachet Blanc 2018";"Bonnardot Chassagne-Montrachet Blanc";"2018";"489.9";"0.75";"653.2";"White wine";"Glass";"13.5";"4.8385186"
"Vinmonopolet";"7713001";"La Bastide Blanche Bandol Rouge 2016";"La Bastide Blanche Bandol Rouge";"2016";"229.9";"0.75";"306.53";"RÃ¸dvin";"Glass";"14.5";"2.114023"
"Vinmonopolet";"7713201";"Sorin Coquard Bourgogne AligotÃ© 2017";"Sorin Coquard Bourgogne AligotÃ©";"2017";"179.9";"0.75";"239.87";"White wine";"Glass";"12";"1.9988889"
"Vinmonopolet";"7713601";"Thillardon ChÃ©nas Les Vibrations 2015";"Thillardon ChÃ©nas Les Vibrations";"2015";"269.8";"0.75";"359.73";"RÃ¸dvin";"Glass";"13.5";"2.6646912"
"Vinmonopolet";"7713901";"GÃ©rard Boulay Sancerre Rouge 2014";"GÃ©rard Boulay Sancerre Rouge";"2014";"271.9";"0.75";"362.53";"RÃ¸dvin";"Glass";"12.5";"2.9002666"
"Vinmonopolet";"7714001";"Thillardon ChÃ©nas Chassignol 2015";"Thillardon ChÃ©nas Chassignol";"2015";"348.9";"0.75";"465.2";"RÃ¸dvin";"Glass";"13.7";"3.3956203"
"Vinmonopolet";"7714101";"GÃ©rard Boulay Sancerre 2019";"GÃ©rard Boulay Sancerre";"2019";"312";"0.75";"416";"White wine";"Glass";"13.5";"3.0814815"
"Vinmonopolet";"7714401";"Dom. du PÃ©lican Arbois Poulsard 2016";"Dom. du PÃ©lican Arbois Poulsard";"2016";"362";"0.75";"482.67";"RÃ¸dvin";"Glass";"12.5";"3.8613334"
"Vinmonopolet";"7714405";"Dom. du PÃ©lican Arbois Poulsard 2016";"Dom. du PÃ©lican Arbois Poulsard";"2016";"712.7";"1.5";"475.13";"RÃ¸dvin";"Glass";"12.5";"3.8010666"
"Vinmonopolet";"7714501";"GÃ©rard Boulay Sancerre CuvÃ©e Oriane 2015";"GÃ©rard Boulay Sancerre CuvÃ©e Oriane";"2015";"396";"0.75";"528";"RÃ¸dvin";"Glass";"13";"4.0615387"
"Vinmonopolet";"7714601";"Ãkonomierat Rebholz Ganz Horn Im Sonnenschein Riesling GG 2015";"Ãkonomierat Rebholz Ganz Horn Im Sonnenschein Riesling GG";"2015";"503.9";"0.75";"671.87";"White wine";"Glass";"12.5";"5.3749332"
"Vinmonopolet";"7715001";"Lustau Vermut White";"Lustau Vermut White";"0";"249.9";"0.75";"333.2";"Vermouth";"Glass";"15";"2.2213333"
"Vinmonopolet";"7715102";"Lustau Amontillado Los Arcos";"Lustau Amontillado Los Arcos";"0";"158";"0.38";"421.33";"Sherry";"Glass";"18.5";"2.2475107"
"Vinmonopolet";"7715301";"Tengumai Umajun Junmai";"Tengumai Umajun Junmai";"0";"299.9";"0.72";"416.53";"Sake";"Glass";"16";"2.6032984"
"Vinmonopolet";"7715701";"Ninki-Ichi Gold Ninki Junmai Daiginjo";"Ninki-Ichi Gold Ninki Junmai Daiginjo";"0";"309.9";"0.72";"430.42";"Sake";"Glass";"15";"2.8694444"
"Vinmonopolet";"7715801";"Ninki-Ichi Nigori Junmai Ginjo";"Ninki-Ichi Nigori Junmai Ginjo";"0";"309.9";"0.72";"430.42";"Sake";"Glass";"16";"2.690104"
"Vinmonopolet";"7715901";"Lamblin Chablis Vieilles Vignes 2015";"Lamblin Chablis Vieilles Vignes";"2015";"284.1";"0.75";"378.8";"White wine";"Glass";"12.5";"3.0304"
"Vinmonopolet";"7716302";"To Ãl Stress Test";"To Ãl Stress Test";"0";"54.1";"0.33";"163.94";"Porter and stout";"Glass";"8";"2.0492423"
"Vinmonopolet";"7716501";"LÃ¸kka Bjanko Chardonnay Campo di Rode 2016";"LÃ¸kka Bjanko Chardonnay Campo di Rode";"2016";"153.7";"0.75";"204.93";"White wine";"Glass";"12.5";"1.6394666"
"Vinmonopolet";"7716601";"LÃ¸kka RÃ¥sso CabSauv CampoRode 2016";"LÃ¸kka RÃ¥sso CabSauv CampoRode";"2016";"153.6";"0.75";"204.8";"RÃ¸dvin";"Glass";"13";"1.5753847"
"Vinmonopolet";"7716701";"Lacerta Feteasca Neagra 2014";"Lacerta Feteasca Neagra";"2014";"222.8";"0.75";"297.07";"RÃ¸dvin";"Glass";"14";"2.1219049"
"Vinmonopolet";"7716801";"Serve CuvÃ©e Guy de Poix 2014";"Serve CuvÃ©e Guy de Poix";"2014";"387.7";"0.75";"516.93";"RÃ¸dvin";"Glass";"15";"3.4462223"
"Vinmonopolet";"7717001";"Ballageza Stonewine Cadarca 2014";"Ballageza Stonewine Cadarca";"2014";"190.5";"0.75";"254";"RÃ¸dvin";"Glass";"12.5";"2.032"
"Vinmonopolet";"7717101";"Lacerta CuvÃ©e IX 2014";"Lacerta CuvÃ©e IX";"2014";"280.4";"0.75";"373.87";"RÃ¸dvin";"Glass";"14";"2.6704762"
"Vinmonopolet";"7717301";"Ballageza Stonewine Furmint 2015";"Ballageza Stonewine Furmint";"2015";"201.1";"0.75";"268.13";"White wine";"Glass";"12";"2.2344446"
"Vinmonopolet";"7717401";"Santa Julia Torrontes 2018";"Santa Julia Torrontes";"2018";"133.9";"0.75";"178.53";"White wine";"Glass";"14";"1.275238"
"Vinmonopolet";"7718301";"D'Origem Velha Gera Ã£o Grande Reserva 2011";"D'Origem Velha Gera Ã£o Grande Reserva";"2011";"272.6";"0.75";"363.47";"RÃ¸dvin";"Glass";"14.5";"2.5066667"
"Vinmonopolet";"7718701";"Humulus Terreux 2015";"Humulus Terreux";"2015";"147";"0.75";"196";"Saison farmhouse ale";"Glass";"6.3";"3.111111"
"Vinmonopolet";"7719002";"Prairie/Evil Twin Barrel Aged Bible Belt";"Prairie/Evil Twin Barrel Aged Bible Belt";"0";"147";"0.35";"414.09";"Porter and stout";"Glass";"13";"3.2307694"
"Vinmonopolet";"7720701";"South Point Spiced";"South Point Spiced";"0";"329";"0.7";"470";"Other spirit";"Glass";"30";"1.5666667"
"Vinmonopolet";"7720801";"La Falaise Blanche Chardonnay 2019";"La Falaise Blanche Chardonnay";"2019";"124.9";"0.75";"166.53";"White wine";"Glass";"13";"1.2810256"
"Vinmonopolet";"7721002";"Il Gusto della Costa Limoncello";"Il Gusto della Costa Limoncello";"0";"252.9";"0.5";"505.8";"LikÃ¸r";"Glass";"29";"1.7441379"
"Vinmonopolet";"7721102";"Il Gusto della Costa NoirÃ¨ Liquore di Liquirizia";"Il Gusto della Costa NoirÃ¨ Liquore di Liquirizia";"0";"264.9";"0.5";"529.8";"LikÃ¸r";"Glass";"30";"1.7659999"
"Vinmonopolet";"7721201";"La grange aux belles PrincÃ© 2014";"La grange aux belles PrincÃ©";"2014";"269.1";"0.75";"358.8";"RÃ¸dvin";"Glass";"12.5";"2.8704"
"Vinmonopolet";"7721401";"Les Hautes Terres Autres Terres Rouge 2018";"Les Hautes Terres Autres Terres Rouge";"2018";"219";"0.75";"292";"RÃ¸dvin";"Glass";"13";"2.2461538"
"Vinmonopolet";"7721601";"Pasqua 11 Minutes RosÃ© 2018";"Pasqua 11 Minutes RosÃ©";"2018";"159.9";"0.75";"213.2";"RosÃ©vin";"Glass";"12.5";"1.7055999"
"Vinmonopolet";"7722002";"Graff Reformator Doppelbock 2016";"Graff Reformator Doppelbock";"2016";"70.3";"0.33";"213.03";"MÃ¸rk lager";"Glass";"8.8";"2.4207988"
"Vinmonopolet";"7722501";"Juillot Rully Les Thivaux 2016";"Juillot Rully Les Thivaux";"2016";"309.9";"0.75";"413.2";"White wine";"Glass";"12.5";"3.3056"
"Vinmonopolet";"7722801";"Terra de Asorei Nai e SeÃ±ora 2016";"Terra de Asorei Nai e SeÃ±ora";"2016";"169.9";"0.75";"226.53";"White wine";"Glass";"13";"1.7425641"
"Vinmonopolet";"7722901";"Terra de Asorei Albarino 2016";"Terra de Asorei Albarino";"2016";"189.9";"0.75";"253.2";"White wine";"Glass";"13";"1.9476923"
"Vinmonopolet";"7723201";"Grosperrin Petite Champagne 1969";"Grosperrin Petite Champagne";"1969";"5170";"0.7";"7385.71";"Grape spirit";"Glass";"47.2";"15.647699"
"Vinmonopolet";"7723801";"Arette Artesanal Suave Blanco";"Arette Artesanal Suave Blanco";"0";"919.9";"0.7";"1314.14";"Fruit spirit";"Glass";"38";"3.4582708"
"Vinmonopolet";"7723901";"Arette AÃ±ejo";"Arette AÃ±ejo";"0";"719.9";"0.7";"1028.43";"Fruit spirit";"Glass";"38";"2.706391"
"Vinmonopolet";"7725501";"Antoine Sunier RÃ©gniÃ© 2016";"Antoine Sunier RÃ©gniÃ©";"2016";"239.9";"0.75";"319.87";"RÃ¸dvin";"Glass";"12.5";"2.5589333"
"Vinmonopolet";"7725701";"Escada Arinto Reserva 2019";"Escada Arinto Reserva";"2019";"109.9";"0.75";"146.53";"White wine";"Glass";"11.5";"1.274203"
"Vinmonopolet";"7726301";"Marq. de Alcantara Azul";"Marq. de Alcantara Azul";"0";"99.7";"0.75";"132.93";"Flavoured wine	";"Glass";"11";"1.2084848"
"Vinmonopolet";"7727801";"Santa Julia Tintillo Malbec Bonarda 2017";"Santa Julia Tintillo Malbec Bonarda";"2017";"99.6";"0.75";"132.8";"RÃ¸dvin";"Glass";"12.5";"1.0624"
"Vinmonopolet";"7727901";"XantÃ© Sparkling";"XantÃ© Sparkling";"0";"109.9";"0.75";"146.53";"Flavoured wine	";"Glass";"10";"1.4653333"
"Vinmonopolet";"7728201";"Txomin Etxaniz Txakoli 2018";"Txomin Etxaniz Txakoli";"2018";"244";"0.75";"325.33";"White wine";"Glass";"11.5";"2.8289855"
"Vinmonopolet";"7728301";"San Felice Perolla Rosso 2015";"San Felice Perolla Rosso";"2015";"225";"0.75";"300";"RÃ¸dvin";"Glass";"12.5";"2.4"
"Vinmonopolet";"7728401";"San Felice Ancherona Chardonnay 2015";"San Felice Ancherona Chardonnay";"2015";"265.4";"0.75";"353.87";"White wine";"Glass";"13.5";"2.6212344"
"Vinmonopolet";"7728501";"San Felice Vermentino 2016";"San Felice Vermentino";"2016";"235";"0.75";"313.33";"White wine";"Glass";"13";"2.4102564"
"Vinmonopolet";"7731402";"Oss New Make Pur";"Oss New Make Pur";"0";"450";"0.5";"900";"Other spirit";"Glass";"46";"1.9565217"
"Vinmonopolet";"7731801";"Bunan Moulin des Costes RosÃ© 2017";"Bunan Moulin des Costes RosÃ©";"2017";"259.9";"0.75";"346.53";"RosÃ©vin";"Glass";"13.5";"2.5669136"
"Vinmonopolet";"7731902";"Hardanger Sider JÃ¸kulen 2017";"Hardanger Sider JÃ¸kulen";"2017";"77.6";"0.35";"221.71";"Cider";"Glass";"8";"2.7714286"
"Vinmonopolet";"7732001";"Paxton MV Shiraz 2016";"Paxton MV Shiraz";"2016";"179.2";"0.75";"238.93";"RÃ¸dvin";"Glass";"14";"1.7066666"
"Vinmonopolet";"7732201";"Bunan Moulin des Costes Rouge 2014";"Bunan Moulin des Costes Rouge";"2014";"299.9";"0.75";"399.87";"RÃ¸dvin";"Glass";"14.5";"2.7577012"
"Vinmonopolet";"7732301";"Ch. Sainte Anne Bandol Blanc 2016";"Ch. Sainte Anne Bandol Blanc";"2016";"279.9";"0.75";"373.2";"White wine";"Glass";"13";"2.8707693"
"Vinmonopolet";"7732402";"Lervig Lucky Jack Extra Hard IPA";"Lervig Lucky Jack Extra Hard IPA";"0";"42.5";"0.33";"122.73";"India pale ale";"Emballasje med pant";"6";"2.1464646"
"Vinmonopolet";"7732701";"Ch. Sainte Anne Bandol Rouge 2007";"Ch. Sainte Anne Bandol Rouge";"2007";"399.9";"0.75";"533.2";"RÃ¸dvin";"Glass";"12.5";"4.2655997"
"Vinmonopolet";"7732801";"Super Modeste PÃ©tillant Naturel 2019";"Super Modeste PÃ©tillant Naturel";"2019";"219.9";"0.75";"293.2";"Sparkling white wine";"Glass";"11";"2.6654544"
"Vinmonopolet";"7733001";"Bouchard PÃ¨re & Fils Chambolle-Musigny 2015";"Bouchard PÃ¨re & Fils Chambolle-Musigny";"2015";"584.9";"0.75";"779.87";"RÃ¸dvin";"Glass";"13";"5.998975"
"Vinmonopolet";"7733601";"Raddeck Silvaner Trocken 2018";"Raddeck Silvaner Trocken";"2018";"148.4";"0.75";"197.87";"White wine";"Glass";"12.5";"1.5829333"
"Vinmonopolet";"7734201";"14 Hands Cabernet Sauvignon";"14 Hands Cabernet Sauvignon";"0";"229.9";"0.75";"306.53";"RÃ¸dvin";"Glass";"13.5";"2.2706172"
"Vinmonopolet";"7734802";"Lindesnes Brygghus SkjÃ¦rgÃ¥rds IPA";"Lindesnes Brygghus SkjÃ¦rgÃ¥rds IPA";"0";"60.2";"0.33";"182.42";"India pale ale";"Glass";"6.5";"2.8065267"
"Vinmonopolet";"7735001";"Trimbach Geisberg Grand Cru Riesling 2013";"Trimbach Geisberg Grand Cru Riesling";"2013";"625";"0.75";"833.33";"White wine";"Glass";"13";"6.4102564"
"Vinmonopolet";"7735101";"Eyrie Pinot Gris 2015";"Eyrie Pinot Gris";"2015";"219.9";"0.75";"293.2";"White wine";"Glass";"12.5";"2.3456"
"Vinmonopolet";"7735201";"Birrificio Lambrate Black Grog Smoked Porter";"Birrificio Lambrate Black Grog Smoked Porter";"0";"174.9";"0.66";"265";"Porter and stout";"Glass";"8";"3.3124998"
"Vinmonopolet";"7735601";"Mezcal Koch EspadÃ­n 2016";"Mezcal Koch EspadÃ­n";"2016";"729.4";"0.7";"1042";"Fruit spirit";"Glass";"47.2";"2.2076273"
"Vinmonopolet";"7736101";"Semeli Oreinos Helios rosÃ© Agiorgitiko 2016";"Semeli Oreinos Helios rosÃ© Agiorgitiko";"2016";"99.5";"0.75";"132.67";"RosÃ©vin";"Glass";"13";"1.0205128"
"Vinmonopolet";"7736201";"Ormarine Picpoul de Pinet 2017";"Ormarine Picpoul de Pinet";"2017";"139.9";"0.75";"186.53";"White wine";"Glass";"12.5";"1.4922667"
"Vinmonopolet";"7737101";"Zillinger Horizont GrÃ¼ner Veltliner 2017";"Zillinger Horizont GrÃ¼ner Veltliner";"2017";"229.9";"0.75";"306.53";"White wine";"Glass";"12";"2.5544443"
"Vinmonopolet";"7737201";"Zillinger Radikal GrÃ¼ner Veltliner 2016";"Zillinger Radikal GrÃ¼ner Veltliner";"2016";"529.9";"0.75";"706.53";"White wine";"Glass";"13.5";"5.2335806"
"Vinmonopolet";"7737301";"Bulle Nature Petillant Naturel 2016";"Bulle Nature Petillant Naturel";"2016";"229.9";"0.75";"306.53";"Sparkling white wine";"Glass";"12";"2.5544443"
"Vinmonopolet";"7738402";"Tempo Sommerakevitt";"Tempo Sommerakevitt";"0";"373.9";"0.5";"747.8";"Aquavit";"Glass";"38";"1.9678947"
"Vinmonopolet";"7739301";"Wente Southern Hills Cabernet Sauvignon 2017";"Wente Southern Hills Cabernet Sauvignon";"2017";"229";"0.75";"305.33";"RÃ¸dvin";"Glass";"13.5";"2.2617283"
"Vinmonopolet";"7739601";"Ch. Roc de Boissac 2010";"Ch. Roc de Boissac";"2010";"230";"0.75";"306.67";"RÃ¸dvin";"Glass";"15";"2.0444446"
"Vinmonopolet";"7740001";"Zuccarello 36 Barbera d'Asti 2016";"Zuccarello 36 Barbera d'Asti";"2016";"159.9";"0.75";"213.2";"RÃ¸dvin";"Glass";"14";"1.5228571"
"Vinmonopolet";"7744401";"Brezza Barolo Castellero 2013";"Brezza Barolo Castellero";"2013";"440.6";"0.75";"587.47";"RÃ¸dvin";"Glass";"14.5";"4.051494"
"Vinmonopolet";"7744601";"RenÃ© Bouvier Fixin Crais de ChÃªne 2013";"RenÃ© Bouvier Fixin Crais de ChÃªne";"2013";"399.9";"0.75";"533.2";"RÃ¸dvin";"Glass";"13";"4.101538"
"Vinmonopolet";"7744806";"SomeZin Zinfandel 2018";"SomeZin Zinfandel";"2018";"475";"3";"158.33";"RÃ¸dvin";"Bag-in-box";"14";"1.1309524"
"Vinmonopolet";"7745101";"Jean David SÃ©guret 2015";"Jean David SÃ©guret";"2015";"269.9";"0.75";"359.87";"RÃ¸dvin";"Glass";"14.2";"2.5342722"
"Vinmonopolet";"7746201";"The Ugly GlÃ¼hwein";"The Ugly GlÃ¼hwein";"0";"169.9";"0.75";"226.53";"Flavoured wine	";"Glass";"14";"1.6180952"
"Vinmonopolet";"7746301";"Lyngrove Shiraz Pinotage Reserve 2015";"Lyngrove Shiraz Pinotage Reserve";"2015";"159.9";"0.75";"213.2";"RÃ¸dvin";"Glass";"14.5";"1.4703448"
"Vinmonopolet";"7746501";"A.A. Badenhorst Golden Slopes Chenin Blanc 2018";"A.A. Badenhorst Golden Slopes Chenin Blanc";"2018";"429.9";"0.75";"573.2";"White wine";"Glass";"14";"4.0942855"
"Vinmonopolet";"7746601";"Zillinger Neuland Gruner Veltliner 2016";"Zillinger Neuland Gruner Veltliner";"2016";"179.9";"0.75";"239.87";"White wine";"Glass";"11";"2.180606"
"Vinmonopolet";"7746702";"Lervig Supersonic";"Lervig Supersonic";"0";"95.5";"0.5";"187";"India pale ale";"Emballasje med pant";"8.5";"2.2470589"
"Vinmonopolet";"7746901";"Cockburn's Bicentenary Vintage 2015";"Cockburn's Bicentenary Vintage";"2015";"799";"0.75";"1065.33";"Port wine";"Glass";"20";"5.326667"
"Vinmonopolet";"7747201";"Luca Bosio Barbera d'Asti 2017";"Luca Bosio Barbera d'Asti";"2017";"178";"0.75";"237.33";"RÃ¸dvin";"Glass";"13.5";"1.7580247"
"Vinmonopolet";"7747301";"Luca Bosio Nebbiolo d'Alba 2016";"Luca Bosio Nebbiolo d'Alba";"2016";"207.2";"0.75";"276.27";"RÃ¸dvin";"Glass";"14";"1.9733334"
"Vinmonopolet";"7747401";"Luca Bosio Barolo 2015";"Luca Bosio Barolo";"2015";"318.4";"0.75";"424.53";"RÃ¸dvin";"Glass";"14";"3.0323808"
"Vinmonopolet";"7749201";"Kompis Barbera d'Alba 2015";"Kompis Barbera d'Alba";"2015";"149.9";"0.75";"199.87";"RÃ¸dvin";"Glass";"13";"1.5374359"
"Vinmonopolet";"7753101";"Scarzello DifÃ©rent Langhe Rosato 2016";"Scarzello DifÃ©rent Langhe Rosato";"2016";"234.4";"0.75";"312.53";"RosÃ©vin";"Glass";"13.5";"2.3150616"
"Vinmonopolet";"7753701";"BarcelÃ³ Gran AÃ±ejo";"BarcelÃ³ Gran AÃ±ejo";"0";"369.9";"0.7";"528.43";"Rum";"Glass";"37.5";"1.4091429"
"Vinmonopolet";"7753702";"BarcelÃ³ Gran AÃ±ejo";"BarcelÃ³ Gran AÃ±ejo";"0";"209.9";"0.35";"599.71";"Rum";"Glass";"37.5";"1.599238"
"Vinmonopolet";"7753801";"Villa Huesgen by the glass Riesling 2018";"Villa Huesgen by the glass Riesling";"2018";"187.5";"0.75";"250";"White wine";"Glass";"11";"2.2727273"
"Vinmonopolet";"7753901";"Rojo Musso Pinot Noir 2017";"Rojo Musso Pinot Noir";"2017";"144.8";"0.75";"193.07";"RÃ¸dvin";"Glass";"13";"1.4851283"
"Vinmonopolet";"7754501";"Borgeot Saint Aubin Derriere Chez Edouard Blanc 1er Cru 2016";"Borgeot Saint Aubin Derriere Chez Edouard Blanc 1er Cru";"2016";"479.9";"0.75";"639.87";"White wine";"Glass";"13.5";"4.7397532"
"Vinmonopolet";"7755001";"O.P. Anderson Julaquavit";"O.P. Anderson Julaquavit";"0";"429.9";"0.7";"614.14";"Aquavit";"Glass";"40";"1.5353571"
"Vinmonopolet";"7755201";"Robinot Charme 2015";"Robinot Charme";"2015";"399";"0.75";"532";"White wine";"Glass";"12.5";"4.256"
"Vinmonopolet";"7755305";"Grolsch Premium Lager";"Grolsch Premium Lager";"0";"169.9";"1.5";"113.27";"Light lager";"Glass";"5";"2.2653332"
"Vinmonopolet";"7755401";"Lucien le Moine Beaune 1er Cru Cuvee Clos des Avaux Hospice de Beaune 2015";"Lucien le Moine Beaune 1er Cru Cuvee Clos des Avaux Hospice de Beaune";"2015";"899.9";"0.75";"1199.87";"RÃ¸dvin";"Glass";"13.5";"8.887901"
"Vinmonopolet";"7755501";"El Cayado MencÃ­a Roble 2015";"El Cayado MencÃ­a Roble";"2015";"129.9";"0.75";"173.2";"RÃ¸dvin";"Glass";"13.5";"1.2829629"
"Vinmonopolet";"7755701";"Montes Sparkling Angel Brut";"Montes Sparkling Angel Brut";"0";"255";"0.75";"340";"Sparkling wine";"Glass";"12.5";"2.72"
"Vinmonopolet";"7756001";"MoÃ«t & Chandon Ice Imperial Rose";"MoÃ«t & Chandon Ice Imperial Rose";"0";"584.9";"0.75";"779.87";"Champagne, rosÃ©";"Glass";"12";"6.498889"
"Vinmonopolet";"7757201";"Cold Hand Winery Rheum Boblende Rabarber 2017";"Cold Hand Winery Rheum Boblende Rabarber";"2017";"285";"0.75";"380";"Fruit wine";"Glass";"9";"4.2222223"
"Vinmonopolet";"7761001";"Fattori Lessini Durello RoncÃ  de RoncÃ ";"Fattori Lessini Durello RoncÃ  de RoncÃ";"0";"198";"0.75";"264";"Sparkling wine";"Glass";"12";"2.2"
"Vinmonopolet";"7761101";"Fusser Riesling 2018";"Fusser Riesling";"2018";"189.9";"0.75";"253.2";"White wine";"Glass";"12.5";"2.0256"
"Vinmonopolet";"7761201";"Pithon-PaillÃ© Grololo";"Pithon-PaillÃ© Grololo";"2018";"239.9";"0.75";"319.87";"RÃ¸dvin";"Glass";"11.5";"2.7814493"
"Vinmonopolet";"7761301";"Pithon-PaillÃ© Mozaik Blanc";"Pithon-PaillÃ© Mozaik Blanc";"2017";"259.9";"0.75";"346.53";"White wine";"Glass";"13";"2.665641"
"Vinmonopolet";"7761501";"Pithon-PaillÃ© Mozaik Rouge 2017";"Pithon-PaillÃ© Mozaik Rouge";"2017";"259.9";"0.75";"346.53";"RÃ¸dvin";"Glass";"12.5";"2.7722666"
"Vinmonopolet";"7761601";"Fusser Blanc de Pinot Noir 2018";"Fusser Blanc de Pinot Noir";"2018";"179.9";"0.75";"239.87";"White wine";"Glass";"11.5";"2.085797"
"Vinmonopolet";"7761701";"Sobrero Barolo Ciabot Tanasio 2015";"Sobrero Barolo Ciabot Tanasio";"2015";"389.9";"0.75";"519.87";"RÃ¸dvin";"Glass";"14";"3.7133334"
"Vinmonopolet";"7762506";"Berton Vineyards The Black Shiraz 2019";"Berton Vineyards The Black Shiraz";"2019";"445";"3";"148.33";"RÃ¸dvin";"Bag-in-box";"14.5";"1.0229886"
"Vinmonopolet";"7762908";"Graham's Selection (5x20cl)";"Graham's Selection (5x20cl)";"0";"489.9";"1";"489.9";"Port wine";"Ãvrig";"19.8";"2.4742424"
"Vinmonopolet";"7763201";"Dimazzo Prosecco Brut";"Dimazzo Prosecco Brut";"0";"129.9";"0.75";"173.2";"Sparkling wine";"Glass";"11";"1.5745454"
"Vinmonopolet";"7763501";"Ch. Tour de Capet Saint-Emilion Grand Cru";"Ch. Tour de Capet Saint-Emilion Grand Cru";"2014";"279.9";"0.75";"373.2";"RÃ¸dvin";"Glass";"12.5";"2.9856"
"Vinmonopolet";"7763701";"Ch. Patache d'Aux";"Ch. Patache d'Aux";"2012";"229.9";"0.75";"306.53";"RÃ¸dvin";"Glass";"13";"2.3579485"
"Vinmonopolet";"7764002";"Halmstad Crush Jordgubb";"Halmstad Crush Jordgubb";"0";"34.9";"0.33";"105.76";"Flavoured wine	";"Glass";"7";"1.5108225"
"Vinmonopolet";"7764301";"Corte delle Calli Pinot Grigio";"Corte delle Calli Pinot Grigio";"2016";"149.9";"0.75";"199.87";"White wine";"Glass";"11.5";"1.737971"
"Vinmonopolet";"7765501";"Ch. Grand Francais 2016";"Ch. Grand Francais";"2016";"239.9";"0.75";"319.87";"RÃ¸dvin";"Glass";"12.5";"2.5589333"
"Vinmonopolet";"7765605";"Ch. Grand Francais 2015";"Ch. Grand Francais";"2015";"490";"1.5";"326.67";"RÃ¸dvin";"Glass";"12.5";"2.6133332"
"Vinmonopolet";"7765901";"Toques et Clochers MÃ©diterranÃ©en 2016";"Toques et Clochers MÃ©diterranÃ©en";"2016";"192.4";"0.75";"256.53";"White wine";"Glass";"13";"1.9733332"
"Vinmonopolet";"7766002";"Shoot Fizzy Bubble Gum";"Shoot Fizzy Bubble Gum";"0";"159.9";"0.5";"319.8";"LikÃ¸r";"Glass";"16.4";"1.9499999"
"Vinmonopolet";"7766301";"Fusser Ruppertsberger Riesling 2018";"Fusser Ruppertsberger Riesling";"2018";"249.9";"0.75";"333.2";"White wine";"Glass";"13";"2.563077"
"Vinmonopolet";"7766401";"Fusser No.1 Reiterpfad Riesling Trocken 2017";"Fusser No.1 Reiterpfad Riesling Trocken";"2017";"439.9";"0.75";"586.53";"White wine";"Glass";"13.5";"4.3446913"
"Vinmonopolet";"7766501";"Burgo Viejo Tinto 2018";"Burgo Viejo Tinto";"2018";"145.8";"0.75";"194.4";"RÃ¸dvin";"Glass";"13.5";"1.44"
"Vinmonopolet";"7766801";"Poggio di Sotto Rosso di Montalcino 2016";"Poggio di Sotto Rosso di Montalcino";"2016";"776.6";"0.75";"1035.47";"RÃ¸dvin";"Glass";"13.5";"7.670123"
"Vinmonopolet";"7767501";"Robinot L'iris 2015";"Robinot L'iris";"2015";"499.9";"0.75";"666.53";"White wine";"Glass";"12.5";"5.332267"
"Vinmonopolet";"7768702";"Stockholms BrÃ¤nneri Dry Gin";"Stockholms BrÃ¤nneri Dry Gin";"0";"421";"0.5";"842";"Gin";"Glass";"40";"2.105"
"Vinmonopolet";"7768901";"Colli Ripani Marche Sangiovese 2016";"Colli Ripani Marche Sangiovese";"2016";"99";"0.75";"132";"RÃ¸dvin";"Glass";"12.5";"1.056"
"Vinmonopolet";"7769001";"Laherte RosÃ© de Meunier";"Laherte RosÃ© de Meunier";"2015";"409";"0.75";"545.33";"Champagne, rosÃ©";"Glass";"12";"4.5444446"
"Vinmonopolet";"7769101";"Le Roc des Anges Ãnic 2015";"Le Roc des Anges Ãnic";"2015";"249";"0.75";"332";"RÃ¸dvin";"Glass";"13";"2.5538461"
"Vinmonopolet";"7769201";"Le Roc des Anges Australe 2016";"Le Roc des Anges Australe";"2016";"259";"0.75";"345.33";"RÃ¸dvin";"Glass";"13.5";"2.5580246"
"Vinmonopolet";"7769301";"Jaeger-Defaix Rully 1er Cru Clos de Chapitre 2017";"Jaeger-Defaix Rully 1er Cru Clos de Chapitre";"2017";"329";"0.75";"438.67";"RÃ¸dvin";"Glass";"13.5";"3.2493827"
"Vinmonopolet";"7769701";"Ch. de l'Aulnaye Confluent 2018";"Ch. de l'Aulnaye Confluent";"2018";"198";"0.75";"264";"White wine";"Glass";"12";"2.2"
"Vinmonopolet";"7770201";"Garofoli Montereale Sangiovese 2016";"Garofoli Montereale Sangiovese";"2016";"149.9";"0.75";"199.87";"RÃ¸dvin";"Glass";"12.5";"1.5989332"
"Vinmonopolet";"7771201";"Ch. Rioublanc 2014";"Ch. Rioublanc";"2014";"169.9";"0.75";"226.53";"RÃ¸dvin";"Glass";"12.5";"1.8122666"
"Vinmonopolet";"7771401";"Angostura 1787";"Angostura";"0";"890";"0.7";"1271.43";"Rum";"Glass";"40";"3.1785715"
"Vinmonopolet";"7771501";"Sour Fisk Sour Watermelon";"Sour Fisk Sour Watermelon";"0";"215";"0.7";"307.14";"LikÃ¸r";"Glass";"15";"2.047619"
"Vinmonopolet";"7771701";"Guy Breton CuvÃ©e Marylou Beaujolais Village 2018";"Guy Breton CuvÃ©e Marylou Beaujolais Village";"2018";"219.9";"0.75";"293.2";"RÃ¸dvin";"Glass";"11.5";"2.549565"
"Vinmonopolet";"7771802";"Maxime Trijol 150th Anniversary";"Maxime Trijol 150th Anniversary";"0";"1050";"0.35";"3000";"Grape spirit";"Glass";"40";"7.5"
"Vinmonopolet";"7771902";"Maxime Trijol Kaido 15. Anniversary";"Maxime Trijol Kaido 15. Anniversary";"0";"999.9";"0.35";"2856.86";"Grape spirit";"Glass";"40";"7.1421432"
"Vinmonopolet";"7772001";"Maxime Trijol Petite Champagne 1967";"Maxime Trijol Petite Champagne";"1967";"2400";"0.7";"3428.57";"Grape spirit";"Glass";"40";"8.571428"
"Vinmonopolet";"7772201";"Maxime Trijol Borderies Tres Vielles";"Maxime Trijol Borderies Tres Vielles";"0";"3900";"0.7";"5571.43";"Grape spirit";"Glass";"40";"13.928572"
"Vinmonopolet";"7772301";"Olivier Leflaive Auxey-Duresses La MacabrÃ©e 2016";"Olivier Leflaive Auxey-Duresses La MacabrÃ©e";"2016";"429.9";"0.75";"573.2";"White wine";"Glass";"12.5";"4.5856"
"Vinmonopolet";"7772701";"Santo Santorini Assyrtiko Reserve 2017";"Santo Santorini Assyrtiko Reserve";"2017";"324.9";"0.75";"433.2";"White wine";"Glass";"15";"2.888"
"Vinmonopolet";"7772806";"Porrais Douro 2018";"Porrais Douro";"2018";"449.9";"3";"149.97";"RÃ¸dvin";"Bag-in-box";"13";"1.1535897"
"Vinmonopolet";"7773101";"Kongsgaard Cabernet Sauvignon 2016";"Kongsgaard Cabernet Sauvignon";"2016";"2050";"0.75";"2733.33";"RÃ¸dvin";"Glass";"14.1";"19.385342"
"Vinmonopolet";"7773201";"Graham's Quinta dos Malvedos Vintage 2012";"Graham's Quinta dos Malvedos Vintage";"2012";"499.9";"0.75";"666.53";"Port wine";"Glass";"20";"3.3326666"
"Vinmonopolet";"7773401";"Ken Forrester The FMC Chenin Blanc 2015";"Ken Forrester The FMC Chenin Blanc";"2015";"529.9";"0.75";"706.53";"White wine";"Glass";"13";"5.434872"
"Vinmonopolet";"7773501";"Ken Forrester Petit Pinotage 2019";"Ken Forrester Petit Pinotage";"2019";"167.9";"0.75";"223.87";"RÃ¸dvin";"Glass";"13.5";"1.6582716"
"Vinmonopolet";"7773601";"Ken Forrester Renegade 2013";"Ken Forrester Renegade";"2013";"229.9";"0.75";"306.53";"RÃ¸dvin";"Glass";"14.5";"2.114023"
"Vinmonopolet";"7773701";"Olivier Leflaive Saint-Romain 2015";"Olivier Leflaive Saint-Romain";"2015";"399.9";"0.75";"533.2";"White wine";"Glass";"13";"4.101538"
"Vinmonopolet";"7773801";"Poggio alle Gazze dell'Ornellaia 2017";"Poggio alle Gazze dell'Ornellaia";"2017";"549.9";"0.75";"733.2";"White wine";"Glass";"13.5";"5.4311113"
"Vinmonopolet";"7773904";"Origem Cabernet Sauvignon";"Origem Cabernet Sauvignon";"0";"65";"0.19";"347.59";"RÃ¸dvin";"Glass";"12";"2.8508773"
"Vinmonopolet";"7774002";"To Ãl Djuicy IPA";"To Ãl Djuicy IPA";"0";"61";"0.33";"184.85";"India pale ale";"Glass";"8.5";"2.1746879"
"Vinmonopolet";"7774201";"Thomas Dakin Gin";"Thomas Dakin Gin";"0";"615";"0.7";"878.57";"Gin";"Glass";"42";"2.0918367"
"Vinmonopolet";"7774302";"KyrÃ¶ Koskue Cask Aged Gin";"KyrÃ¶ Koskue Cask Aged Gin";"0";"534.7";"0.5";"1069.4";"Gin";"Glass";"42.6";"2.5103288"
"Vinmonopolet";"7774401";"Ch. Roland la Garde Tradition 2016";"Ch. Roland la Garde Tradition";"2016";"199.9";"0.75";"266.53";"RÃ¸dvin";"Glass";"14";"1.9038094"
"Vinmonopolet";"7774501";"Ch. Roland la Garde Grand Vin 2014";"Ch. Roland la Garde Grand Vin";"2014";"350";"0.75";"466.67";"RÃ¸dvin";"Glass";"14.5";"3.2183907"
"Vinmonopolet";"7774601";"Pometti Villa Boscarello 2009";"Pometti Villa Boscarello";"2009";"241.8";"0.75";"322.4";"RÃ¸dvin";"Glass";"13.5";"2.388148"
"Vinmonopolet";"7774701";"Pometti RosÃ© 2016";"Pometti RosÃ©";"2016";"234.9";"0.75";"313.2";"RosÃ©vin";"Glass";"13";"2.4092307"
"Vinmonopolet";"7774801";"Valpantena Corvina 2018";"Valpantena Corvina";"2018";"119.9";"0.75";"159.87";"RÃ¸dvin";"Glass";"13";"1.2297436"
"Vinmonopolet";"7774901";"Riva Leone Barbera 2018";"Riva Leone Barbera";"2018";"119.9";"0.75";"159.87";"RÃ¸dvin";"Plast";"13";"1.2297436"
"Vinmonopolet";"7775201";"Chorey-LÃ¨s-Beaune Les Beaumonts 2014";"Chorey-LÃ¨s-Beaune Les Beaumonts";"2014";"269.9";"0.75";"359.87";"RÃ¸dvin";"Glass";"13";"2.7682052"
"Vinmonopolet";"7775301";"Chorey-lÃ¨s-Beaune les Confrelins 2015";"Chorey-lÃ¨s-Beaune les Confrelins";"2015";"275";"0.75";"366.67";"White wine";"Glass";"13";"2.8205128"
"Vinmonopolet";"7775401";"Valduero Reserva Premium 6 AÃ±os";"Valduero Reserva Premium 6 AÃ±os";"2009";"625";"0.75";"833.33";"RÃ¸dvin";"Glass";"14";"5.952381"
"Vinmonopolet";"7775501";"Saint-Cyr Morgon Les Charmes 2017";"Saint-Cyr Morgon Les Charmes";"2017";"279.9";"0.75";"373.2";"RÃ¸dvin";"Glass";"13";"2.8707693"
"Vinmonopolet";"7775601";"Sant-Cyr La Galoche 2018";"Sant-Cyr La Galoche";"2018";"199.9";"0.75";"266.53";"RÃ¸dvin";"Glass";"12.8";"2.0822916"
"Vinmonopolet";"7775701";"Casa de Mouraz 2017";"Casa de Mouraz";"2017";"199.9";"0.75";"266.53";"White wine";"Glass";"13";"2.0502563"
"Vinmonopolet";"7775801";"Casa de Mouraz air 2017";"Casa de Mouraz air";"2017";"179.9";"0.75";"239.87";"White wine";"Glass";"10.5";"2.2844443"
"Vinmonopolet";"7775901";"Casa de Mouraz Encruzado 2017";"Casa de Mouraz Encruzado";"2017";"239.9";"0.75";"319.87";"White wine";"Glass";"13";"2.4605129"
"Vinmonopolet";"7776001";"Hardy Cognac Noces D'Or Sublime";"Hardy Cognac Noces D'Or Sublime";"0";"1998";"0.7";"2854.29";"Grape spirit";"Glass";"40";"7.1357145"
"Vinmonopolet";"7776101";"Graci Quota 1000 Barbabecchi 2014";"Graci Quota  Barbabecchi";"2014";"1199.9";"0.75";"1599.87";"RÃ¸dvin";"Glass";"13.5";"11.850864"
"Vinmonopolet";"7776201";"Chenu Bourgogne 2016";"Chenu Bourgogne";"2016";"329.9";"0.75";"439.87";"RÃ¸dvin";"Glass";"12.5";"3.5189333"
"Vinmonopolet";"7776301";"Pilgrim Mencia 2019";"Pilgrim Mencia";"2019";"169.9";"0.75";"226.53";"RÃ¸dvin";"Glass";"14";"1.6180952"
"Vinmonopolet";"7776901";"Caravaglio Nero du Munti Corinto Nero 2018";"Caravaglio Nero du Munti Corinto Nero";"2018";"289.9";"0.75";"386.53";"RÃ¸dvin";"Glass";"14";"2.7609522"
"Vinmonopolet";"7778201";"Rafinelli Barbera d'Asti 2016";"Rafinelli Barbera d'Asti";"2016";"139";"0.75";"185.33";"RÃ¸dvin";"Glass";"13";"1.4256411"
"Vinmonopolet";"7778301";"Jameson Crested";"Jameson Crested";"0";"439.9";"0.7";"628.43";"Whisky";"Glass";"40";"1.5710714"
"Vinmonopolet";"7778501";"Delorme Bourgogne Hautes CÃ´tes de Nuits 2017";"Delorme Bourgogne Hautes CÃ´tes de Nuits";"2017";"249.9";"0.75";"333.2";"RÃ¸dvin";"Glass";"13";"2.563077"
"Vinmonopolet";"7778701";"Poggiobello Friulano";"Poggiobello Friulano";"2016";"169.7";"0.75";"226.27";"White wine";"Glass";"12.5";"1.8101333"
"Vinmonopolet";"7778901";"Le Vigne di ZamÃ² No Name 2016";"Le Vigne di ZamÃ² No Name";"2016";"189.9";"0.75";"253.2";"White wine";"Glass";"14";"1.8085713"
"Vinmonopolet";"7779101";"Chakana Maipe Malbec 2017";"Chakana Maipe Malbec";"2017";"122";"0.75";"162.67";"RÃ¸dvin";"Glass";"13";"1.2512821"
"Vinmonopolet";"7779401";"Dr Larsen`s Bitter Dram";"Dr Larsen`s Bitter Dram";"0";"390";"0.7";"557.14";"Bitter	";"Glass";"35";"1.5918368"
"Vinmonopolet";"7779506";"Anselmann Riesling Trocken 2017";"Anselmann Riesling Trocken";"2017";"489.9";"3";"163.3";"White wine";"Bag-in-box";"12.5";"1.3064"
"Vinmonopolet";"7780802";"Bassermann-Jordan Hohenmorgen Riesling Auslese 2015";"Bassermann-Jordan Hohenmorgen Riesling Auslese";"2015";"419.9";"0.38";"1119.73";"White wine";"Glass";"7";"15.785714"
"Vinmonopolet";"7782501";"Terroir de Vigne et de Truffe RÃ©serve 2016";"Terroir de Vigne et de Truffe RÃ©serve";"2016";"217.6";"0.75";"290.13";"RÃ¸dvin";"Glass";"13.5";"2.1491358"
"Vinmonopolet";"7782902";"Ambar Especial Sin Gluten";"Ambar Especial Sin Gluten";"0";"33.5";"0.33";"101.52";"Light lager";"Glass";"5.2";"1.9522145"
"Vinmonopolet";"7783002";"Poppels Russian Imperial Stout";"Poppels Russian Imperial Stout";"0";"73.9";"0.33";"223.94";"Porter and stout";"Glass";"9.5";"2.3572567"
"Vinmonopolet";"7783101";"Gratien & Meyer CrÃ©mant de Loire Brut";"Gratien & Meyer CrÃ©mant de Loire Brut";"0";"150.9";"0.75";"201.2";"Sparkling wine";"Glass";"12";"1.6766666"
"Vinmonopolet";"7783201";"Pata Negra Organic Cava";"Pata Negra Organic Cava";"0";"129.9";"0.75";"173.2";"Sparkling wine";"Glass";"11.5";"1.5060868"
"Vinmonopolet";"7788801";"Jean-Baptiste Souillard Saint-Joseph 2017";"Jean-Baptiste Souillard Saint-Joseph";"2017";"339.9";"0.75";"453.2";"RÃ¸dvin";"Glass";"12.5";"3.6255999"
"Vinmonopolet";"7788901";"Jean-Baptiste Souillard Crozes-Hermitage Les Baties 2017";"Jean-Baptiste Souillard Crozes-Hermitage Les Baties";"2017";"379.9";"0.75";"506.53";"RÃ¸dvin";"Glass";"12.5";"4.0522666"
"Vinmonopolet";"7789001";"Jean-Baptiste Souillard Cote-Rotie Coteaux de Bassenon 2017";"Jean-Baptiste Souillard Cote-Rotie Coteaux de Bassenon";"2017";"639.9";"0.75";"853.2";"RÃ¸dvin";"Glass";"12";"7.11"
"Vinmonopolet";"7789101";"Jean-Baptiste Souillard Cornas Saint-Pierre 2017";"Jean-Baptiste Souillard Cornas Saint-Pierre";"2017";"639.9";"0.75";"853.2";"RÃ¸dvin";"Glass";"12";"7.11"
"Vinmonopolet";"7789201";"Jean-Baptiste Souillard Syrah 2017";"Jean-Baptiste Souillard Syrah";"2017";"269.9";"0.75";"359.87";"RÃ¸dvin";"Glass";"12.5";"2.8789332"
"Vinmonopolet";"7789401";"Bergkloster Bergkloster Riesling Trocken 2017";"Bergkloster Bergkloster Riesling Trocken";"2017";"199.9";"0.75";"266.53";"White wine";"Glass";"12";"2.221111"
"Vinmonopolet";"7789501";"Souillard Saint-Peray Chalaboud 2016";"Souillard Saint-Peray Chalaboud";"2016";"379.9";"0.75";"506.53";"White wine";"Glass";"12.5";"4.0522666"
"Vinmonopolet";"7789601";"Notary Public Cabernet Sauvignon 2014";"Notary Public Cabernet Sauvignon";"2014";"329.9";"0.75";"439.87";"RÃ¸dvin";"Glass";"13";"3.3835897"
"Vinmonopolet";"7790404";"Blossom Hill Spritz Elderflower & Lemon";"Blossom Hill Spritz Elderflower & Lemon";"0";"29.9";"0.25";"119.6";"Flavoured wine	";"Metall";"5.5";"2.1745455"
"Vinmonopolet";"7790601";"Ch. Sainte Roseline Cru ClassÃ© RosÃ©";"Ch. Sainte Roseline Cru ClassÃ© RosÃ©";"2017";"229.9";"0.75";"306.53";"RosÃ©vin";"Glass";"13.5";"2.2706172"
"Vinmonopolet";"7790701";"Ch. Fourcas Hosten 2007";"Ch. Fourcas Hosten";"2007";"239.9";"0.75";"319.87";"RÃ¸dvin";"Glass";"12.5";"2.5589333"
"Vinmonopolet";"7790801";"Evening Land Anden Pinot Noir 2014";"Evening Land Anden Pinot Noir";"2014";"795";"0.75";"1060";"RÃ¸dvin";"Glass";"13.5";"7.851852"
"Vinmonopolet";"7790901";"Evening Land Seven Springs Estate Pinot Noir 2014";"Evening Land Seven Springs Estate Pinot Noir";"2014";"449.9";"0.75";"599.87";"RÃ¸dvin";"Glass";"13.1";"4.5791345"
"Vinmonopolet";"7791001";"Cline Nancy's Vines Pinot Noir 2018";"Cline Nancy's Vines Pinot Noir";"2018";"159.9";"0.75";"213.2";"RÃ¸dvin";"Glass";"13.5";"1.5792592"
"Vinmonopolet";"7791107";"Ferrari Trento Brut";"Ferrari Trento Brut";"2012";"2700.1";"6";"450.02";"Sparkling wine";"Glass";"12";"3.750139"
"Vinmonopolet";"7791701";"Antica Terra Antikythera Pinot Noir 2014";"Antica Terra Antikythera Pinot Noir";"2014";"1280";"0.75";"1706.67";"RÃ¸dvin";"Glass";"13.8";"12.367149"
"Vinmonopolet";"7791801";"Hazelburn 9 YO Barolo Cask";"Hazelburn 9 YO Barolo Cask";"0";"903.3";"0.7";"1290.43";"Whisky";"Glass";"57.9";"2.2287195"
"Vinmonopolet";"7791901";"Scallywag 13 YO";"Scallywag 13 YO";"0";"789.9";"0.7";"1128.43";"Whisky";"Glass";"46";"2.4531057"
"Vinmonopolet";"7792501";"Rock Oyster 18 YO";"Rock Oyster 18 YO";"0";"799.9";"0.7";"1142.71";"Whisky";"Glass";"46.8";"2.4416974"
"Vinmonopolet";"7792901";"Timorous Beastie 18 YO";"Timorous Beastie 18 YO";"0";"799";"0.7";"1141.43";"Whisky";"Glass";"46.8";"2.43895"
"Vinmonopolet";"7793601";"RÃ¥stoff Ginger Shot";"RÃ¥stoff Ginger Shot";"2016";"234.9";"0.7";"335.57";"LikÃ¸r";"Glass";"16.4";"2.0461674"
"Vinmonopolet";"7793702";"Shoot Sour Cola Dummies";"Shoot Sour Cola Dummies";"0";"159.9";"0.5";"319.8";"LikÃ¸r";"Glass";"16.4";"1.9499999"
"Vinmonopolet";"7794001";"HerÃ¨ncia AltÃ©s La Serra Blanc 2018";"HerÃ¨ncia AltÃ©s La Serra Blanc";"2018";"306";"0.75";"408";"White wine";"Glass";"14.5";"2.8137932"
"Vinmonopolet";"7794105";"Cantalupo Ghemme Collis Breclemae 2005";"Cantalupo Ghemme Collis Breclemae";"2005";"839.9";"1.5";"559.93";"RÃ¸dvin";"Glass";"13.5";"4.1476545"
"Vinmonopolet";"7794305";"Cantalupo Anno Primo 2008";"Cantalupo Anno Primo";"2008";"609.9";"1.5";"406.6";"RÃ¸dvin";"Glass";"13";"3.1276925"
"Vinmonopolet";"7794405";"Cantalupo Ghemme Collis Breclemae 2006";"Cantalupo Ghemme Collis Breclemae";"2006";"839.9";"1.5";"559.93";"RÃ¸dvin";"Glass";"13.5";"4.1476545"
"Vinmonopolet";"7794501";"HerÃ¨ncia AltÃ©s Garnatxa Blanca 2018";"HerÃ¨ncia AltÃ©s Garnatxa Blanca";"2018";"174.9";"0.75";"233.2";"White wine";"Glass";"13";"1.7938461"
"Vinmonopolet";"7794801";"HerÃ¨ncia AltÃ©s Garnatxa Negra 2018";"HerÃ¨ncia AltÃ©s Garnatxa Negra";"2018";"169.9";"0.75";"226.53";"RÃ¸dvin";"Glass";"14.5";"1.5622988"
"Vinmonopolet";"7794901";"Cantalupo Ghemme Collis Carellae";"Cantalupo Ghemme Collis Carellae";"2010";"404.9";"0.75";"539.87";"RÃ¸dvin";"Glass";"13.5";"3.9990122"
"Vinmonopolet";"7795001";"Cantalupo Ghemme Collis Breclemae 2010";"Cantalupo Ghemme Collis Breclemae";"2010";"439.9";"0.75";"586.53";"RÃ¸dvin";"Glass";"13.5";"4.3446913"
"Vinmonopolet";"7796601";"Barale Langhe Nebbiolo 2017";"Barale Langhe Nebbiolo";"2017";"279.9";"0.75";"373.2";"RÃ¸dvin";"Glass";"14";"2.6657143"
"Vinmonopolet";"7796701";"Villa Giada Ajan Barbera d'Asti 2017";"Villa Giada Ajan Barbera d'Asti";"2017";"179.9";"0.75";"239.87";"RÃ¸dvin";"Glass";"14";"1.7133332"
"Vinmonopolet";"7796804";"Sovinello Secco Frizzante Bianco 2Go";"Sovinello Secco Frizzante Bianco 2Go";"2019";"39.9";"0.2";"199.5";"Sparkling white wine";"Metall";"10";"1.995"
"Vinmonopolet";"7796904";"Sovinello Secco Rosato Frizzante 2Go";"Sovinello Secco Rosato Frizzante 2Go";"0";"39.9";"0.2";"199.5";"Perlende vin, rosÃ©";"Metall";"10";"1.995"
"Vinmonopolet";"7797008";"Brenneriets Julekasse (10x5cl)";"Brenneriets Julekasse (10x5cl)";"0";"423.9";"0.5";"847.8";"Aquavit";"Ãvrig";"40";"2.1195"
"Vinmonopolet";"7797101";"HÃ¸vding Juleaquavit";"HÃ¸vding Juleaquavit";"0";"370.4";"0.7";"529.14";"Aquavit";"Glass";"40";"1.3228571"
"Vinmonopolet";"7797201";"Sandro Fay Valgella CÃ  MorÃ©i Superiore 2014";"Sandro Fay Valgella CÃ  MorÃ©i Superiore";"2014";"355";"0.75";"473.33";"RÃ¸dvin";"Glass";"13.5";"3.506173"
"Vinmonopolet";"7797401";"Johannes Zillinger Reflexion Ried Hohes Eck Weissburgunder 2017";"Johannes Zillinger Reflexion Ried Hohes Eck Weissburgunder";"2017";"219.9";"0.75";"293.2";"White wine";"Glass";"12.5";"2.3456"
"Vinmonopolet";"7797501";"Johannes Zillinger Velue GrÃ¼ner Veltliner 2018";"Johannes Zillinger Velue GrÃ¼ner Veltliner";"2018";"188.1";"0.75";"250.8";"White wine";"Glass";"11";"2.28"
"Vinmonopolet";"7797601";"Beck Ink 2018";"Beck Ink";"2018";"178.9";"0.75";"238.53";"RÃ¸dvin";"Glass";"12.5";"1.9082665"
"Vinmonopolet";"7797701";"Beck Bambulle! Weissburgunder 2017";"Beck Bambulle! Weissburgunder";"2017";"304.9";"0.75";"406.53";"White wine";"Glass";"12.5";"3.2522666"
"Vinmonopolet";"7797801";"Beck Zweigelt 2018";"Beck Zweigelt";"2018";"204.9";"0.75";"273.2";"RÃ¸dvin";"Glass";"12.5";"2.1856"
"Vinmonopolet";"7797901";"Rosazzo delle Betulle 2015";"Rosazzo delle Betulle";"2015";"288";"0.75";"384";"White wine";"Glass";"14";"2.7428572"
"Vinmonopolet";"7798101";"Malvira Roero Arneis non filtrato Dag Tjersland 2017";"Malvira Roero Arneis non filtrato Dag Tjersland";"2017";"215.1";"0.75";"286.8";"White wine";"Glass";"13";"2.2061539"
"Vinmonopolet";"7798701";"Krebs-Grode Riesling Trocken 2018";"Krebs-Grode Riesling Trocken";"2018";"159.9";"0.75";"213.2";"White wine";"Glass";"12";"1.7766666"
"Vinmonopolet";"7799001";"La Traviesa Tinto 2016";"La Traviesa Tinto";"2016";"275";"0.75";"366.67";"RÃ¸dvin";"Glass";"14.5";"2.5287356"
"Vinmonopolet";"7799201";"A. ClÃ¼sserath Piesporter GoldtrÃ¶pfchen Riesling feinherb 2018";"A. ClÃ¼sserath Piesporter GoldtrÃ¶pfchen Riesling feinherb";"2018";"259.9";"0.75";"346.53";"White wine";"Glass";"10";"3.4653332"
"Vinmonopolet";"7799301";"Darnaud Crozes-Hermitage Les Trois ChÃªnes 2016";"Darnaud Crozes-Hermitage Les Trois ChÃªnes";"2016";"278.9";"0.75";"371.87";"RÃ¸dvin";"Glass";"13.5";"2.7545679"
"Vinmonopolet";"7799401";"A. ClÃ¼sserath Vom Schiefer Riesling feinherb 2017";"A. ClÃ¼sserath Vom Schiefer Riesling feinherb";"2017";"192.9";"0.75";"257.2";"White wine";"Glass";"10";"2.572"
"Vinmonopolet";"7799501";"Darnaud Saint-Joseph Lieu Dit La Dardouille 2015";"Darnaud Saint-Joseph Lieu Dit La Dardouille";"2015";"375";"0.75";"500";"RÃ¸dvin";"Glass";"13.5";"3.7037036"
"Vinmonopolet";"7799601";"A. ClÃ¼sserath Trittenheimer Apotheke Riesling Kabinett 2017";"A. ClÃ¼sserath Trittenheimer Apotheke Riesling Kabinett";"2017";"209.9";"0.75";"279.87";"White wine";"Glass";"8";"3.4983332"
"Vinmonopolet";"7799701";"Zilliken Rausch Riesling Kabinett 2018";"Zilliken Rausch Riesling Kabinett";"2018";"275";"0.75";"366.67";"White wine";"Glass";"8";"4.5833335"
"Vinmonopolet";"7799805";"Cavallotto Barolo Bricco Boschis Vigna San Giuseppe Riserva 2010";"Cavallotto Barolo Bricco Boschis Vigna San Giuseppe Riserva";"2010";"1954.9";"1.5";"1303.27";"RÃ¸dvin";"Glass";"14.5";"8.988046"
"Vinmonopolet";"7800901";"Ch. Peyrabon 2005";"Ch. Peyrabon";"2005";"289.9";"0.75";"386.53";"RÃ¸dvin";"Glass";"13.5";"2.8632097"
"Vinmonopolet";"7801201";"Burg Ravensburg BlaufrÃ¤nkish 2015";"Burg Ravensburg BlaufrÃ¤nkish";"2015";"235";"0.75";"313.33";"RÃ¸dvin";"Glass";"13";"2.4102564"
"Vinmonopolet";"7801401";"Cabelier CÃ´tes du Jura La CÃ´te 39";"Cabelier CÃ´tes du Jura La CÃ´te 39";"0";"209.9";"0.75";"279.87";"White wine";"Glass";"14";"1.9990475"
"Vinmonopolet";"7801501";"Montesecondo Trebbiano 2018";"Montesecondo Trebbiano";"2018";"299.9";"0.75";"399.87";"White wine";"Glass";"11.5";"3.4771013"
"Vinmonopolet";"7802201";"Rizieri Barbera d'Alba Sbilauta 2016";"Rizieri Barbera d'Alba Sbilauta";"2016";"199.3";"0.75";"265.73";"RÃ¸dvin";"Glass";"14";"1.8980953"
"Vinmonopolet";"7802301";"Campo al Mare Bolgheri Rosso 2015";"Campo al Mare Bolgheri Rosso";"2015";"289.9";"0.75";"386.53";"RÃ¸dvin";"Glass";"14.5";"2.6657472"
"Vinmonopolet";"7802601";"Ch. Musar 2006";"Ch. Musar";"2006";"389.8";"0.75";"519.73";"RÃ¸dvin";"Glass";"14";"3.712381"
"Vinmonopolet";"7803101";"Cooper's Choice Ardmore 8 YO 2008";"Cooper's Choice Ardmore 8 YO";"2008";"859";"0.7";"1227.14";"Whisky";"Glass";"46";"2.667702"
"Vinmonopolet";"7803801";"Ch. Clinet 2014";"Ch. Clinet";"2014";"1320";"0.75";"1760";"RÃ¸dvin";"Glass";"13.5";"13.037037"
"Vinmonopolet";"7803901";"Ch. Pichon Baron 2014";"Ch. Pichon Baron";"2014";"2060";"0.75";"2746.67";"RÃ¸dvin";"Glass";"13.5";"20.345678"
"Vinmonopolet";"7804001";"Ch. d'Armailhac 2014";"Ch. d'Armailhac";"2014";"1089";"0.75";"1452";"RÃ¸dvin";"Glass";"13.5";"10.755555"
"Vinmonopolet";"7804201";"Ch. Cantenac Brown 2014";"Ch. Cantenac Brown";"2014";"939";"0.75";"1252";"RÃ¸dvin";"Glass";"13.5";"9.274074"
"Vinmonopolet";"7804301";"Ch. LÃ©oville PoyferrÃ© 2014";"Ch. LÃ©oville PoyferrÃ©";"2014";"1259";"0.75";"1678.67";"RÃ¸dvin";"Glass";"13.5";"12.434567"
"Vinmonopolet";"7804401";"Ch. du Tertre 2014";"Ch. du Tertre";"2014";"798";"0.75";"1064";"RÃ¸dvin";"Glass";"13";"8.184615"
"Vinmonopolet";"7804501";"Ch. Branas Grand Poujeaux 2014";"Ch. Branas Grand Poujeaux";"2014";"498";"0.75";"664";"RÃ¸dvin";"Glass";"13.5";"4.9185185"
"Vinmonopolet";"7804601";"Ch. Clerc Milon 2014";"Ch. Clerc Milon";"2014";"1765";"0.75";"2353.33";"RÃ¸dvin";"Glass";"13.5";"17.432098"
"Vinmonopolet";"7804701";"Ch. Villemaurine 2014";"Ch. Villemaurine";"2014";"679";"0.75";"905.33";"RÃ¸dvin";"Glass";"14.5";"6.243678"
"Vinmonopolet";"7804901";"Ch. d'Aiguilhe 2014";"Ch. d'Aiguilhe";"2014";"415";"0.75";"553.33";"RÃ¸dvin";"Glass";"14";"3.952381"
"Vinmonopolet";"7805001";"Ch. Gazin 2014";"Ch. Gazin";"2014";"1130";"0.75";"1506.67";"RÃ¸dvin";"Glass";"13.5";"11.160494"
"Vinmonopolet";"7806101";"Fortissimo 2018";"Fortissimo";"2018";"139.9";"0.75";"186.53";"RÃ¸dvin";"Glass";"14.5";"1.2864367"
"Vinmonopolet";"7806201";"Tissot Poulsard en Amphore 2018";"Tissot Poulsard en Amphore";"2018";"419.9";"0.75";"559.87";"RÃ¸dvin";"Glass";"12.5";"4.4789333"
"Vinmonopolet";"7806705";"Tissot Trousseau en Amphore 2018";"Tissot Trousseau en Amphore";"2018";"1089.9";"1.5";"726.6";"RÃ¸dvin";"Glass";"14.5";"5.0110345"
"Vinmonopolet";"7806805";"Tissot Poulsard en Amphore 2018";"Tissot Poulsard en Amphore";"2018";"839.9";"1.5";"559.93";"RÃ¸dvin";"Glass";"12.5";"4.479467"
"Vinmonopolet";"7806901";"Bereche CÃ´te Grand Cru";"Bereche CÃ´te Grand Cru";"0";"628.9";"0.75";"838.53";"Champagne extra brut";"Glass";"12.5";"6.7082667"
"Vinmonopolet";"7807001";"Bereche Montagne Grand Cru 2002";"Bereche Montagne Grand Cru";"2002";"779.1";"0.75";"1038.8";"Champagne extra brut";"Glass";"12.5";"8.3104"
"Vinmonopolet";"7807105";"Ch. Bolaire 2014";"Ch. Bolaire";"2014";"449.7";"1.5";"299.8";"RÃ¸dvin";"Glass";"13.5";"2.2207408"
"Vinmonopolet";"7807201";"b.io Lambrusco Frizzante";"b.io Lambrusco Frizzante";"0";"159.9";"0.75";"213.2";"Perlende vin, rÃ¸d";"Glass";"10.5";"2.030476"
"Vinmonopolet";"7807501";"Donkey & Goat Grenache Noir 2015";"Donkey & Goat Grenache Noir";"2015";"319";"0.75";"425.33";"RÃ¸dvin";"Glass";"13.4";"3.1741295"
"Vinmonopolet";"7807801";"Ten. Migliavacca Grignolino del Monferrato Casalese 2017";"Ten. Migliavacca Grignolino del Monferrato Casalese";"2017";"239.9";"0.75";"319.87";"RÃ¸dvin";"Glass";"13";"2.4605129"
"Vinmonopolet";"7808001";"Ten. Migliavacca Barbera del Monferrato 2017";"Ten. Migliavacca Barbera del Monferrato";"2017";"219";"0.75";"292";"RÃ¸dvin";"Glass";"13.5";"2.162963"
"Vinmonopolet";"7808401";"Marc Kreydenweiss Pinot Noir 2018";"Marc Kreydenweiss Pinot Noir";"2018";"259.9";"0.75";"346.53";"RÃ¸dvin";"Glass";"12.5";"2.7722666"
"Vinmonopolet";"7808501";"Ch. Simian CÃ´tes-du-RhÃ´ne Combe des Avaux 2017";"Ch. Simian CÃ´tes-du-RhÃ´ne Combe des Avaux";"2017";"209.9";"0.75";"279.87";"RÃ¸dvin";"Glass";"14";"1.9990475"
"Vinmonopolet";"7808701";"Dom. de l'Iserand Saint-Joseph 2015";"Dom. de l'Iserand Saint-Joseph";"2015";"278.9";"0.75";"371.87";"RÃ¸dvin";"Glass";"13.5";"2.7545679"
"Vinmonopolet";"7809201";"Dom. Puech Cocut Pinot Noir";"Dom. Puech Cocut Pinot Noir";"2016";"139.6";"0.75";"186.13";"RÃ¸dvin";"Glass";"12.5";"1.4890667"
"Vinmonopolet";"7809302";"Deep Gold Trockenbeerenauslese Albalonga 2008";"Deep Gold Trockenbeerenauslese Albalonga";"2008";"399.9";"0.38";"1066.4";"White wine";"Glass";"6";"17.539474"
"Vinmonopolet";"7809501";"Weingut BrÃ¼ndlmayer Zweigelt 2016";"Weingut BrÃ¼ndlmayer Zweigelt";"2016";"194.9";"0.75";"259.87";"RÃ¸dvin";"Glass";"12.5";"2.0789332"
"Vinmonopolet";"7809601";"Barracuda Silver Rum";"Barracuda Silver Rum";"0";"309.9";"0.7";"442.71";"Rum";"Glass";"38";"1.1650376"
"Vinmonopolet";"7810101";"Castero Montepulciano d'Abruzzo 2016";"Castero Montepulciano d'Abruzzo";"2016";"107";"0.75";"142.67";"RÃ¸dvin";"Glass";"12.5";"1.1413333"
"Vinmonopolet";"7810202";"Worthington's White Shield IPA";"Worthington's White Shield IPA";"0";"71.7";"0.5";"143.4";"India pale ale";"Glass";"5.6";"2.5607142"
"Vinmonopolet";"7810401";"Falkenstein Val Venosta Weissburgunder 2014";"Falkenstein Val Venosta Weissburgunder";"2014";"214.9";"0.75";"286.53";"White wine";"Glass";"13.5";"2.1224692"
"Vinmonopolet";"7810501";"Falkenstein Val Venosta Riesling 2014";"Falkenstein Val Venosta Riesling";"2014";"229.9";"0.75";"306.53";"White wine";"Glass";"13";"2.3579485"
"Vinmonopolet";"7810601";"Larios Gin RosÃ©";"Larios Gin RosÃ©";"0";"375.9";"0.7";"537";"Gin";"Glass";"37.5";"1.432"
"Vinmonopolet";"7811301";"Montagnana Chianti 2017";"Montagnana Chianti";"2017";"150";"0.75";"200";"RÃ¸dvin";"Glass";"12.5";"1.6"
"Vinmonopolet";"7811401";"Passo Perfetto Rosso Terre di Chieti 2017";"Passo Perfetto Rosso Terre di Chieti";"2017";"150";"0.75";"200";"RÃ¸dvin";"Glass";"14";"1.4285715"
"Vinmonopolet";"7811501";"Dom. Guillaman Sauvignon Blanc";"Dom. Guillaman Sauvignon Blanc";"2017";"157.3";"0.75";"209.73";"White wine";"Glass";"12.5";"1.6778667"
"Vinmonopolet";"7811601";"Mommessin Beaujolais-Villages 2018";"Mommessin Beaujolais-Villages";"2018";"169.9";"0.75";"226.53";"RÃ¸dvin";"Glass";"14";"1.6180952"
"Vinmonopolet";"7811701";"Delas Saint-Joseph Les Challeys 2017";"Delas Saint-Joseph Les Challeys";"2017";"299.9";"0.75";"399.87";"RÃ¸dvin";"Glass";"13.5";"2.9619753"
"Vinmonopolet";"7811801";"Schiefer BlaufrÃ¤nkisch Szapary 2013";"Schiefer BlaufrÃ¤nkisch Szapary";"2013";"399";"0.75";"532";"RÃ¸dvin";"Glass";"13";"4.0923076"
"Vinmonopolet";"7811901";"Dievole Le Due Arbie Chianti Superiore 2018";"Dievole Le Due Arbie Chianti Superiore";"2018";"159.9";"0.75";"213.2";"RÃ¸dvin";"Glass";"13.5";"1.5792592"
"Vinmonopolet";"7812001";"Pala Cirfandli Ãdes";"Pala Cirfandli Ãdes";"2015";"300";"0.75";"400";"White wine";"Glass";"13";"3.0769231"
"Vinmonopolet";"7812201";"Brizio Brunello di Montalcino 2013";"Brizio Brunello di Montalcino";"2013";"479";"0.75";"638.67";"RÃ¸dvin";"Glass";"13.5";"4.730864"
"Vinmonopolet";"7812301";"Brizio Rosso di Montalcino 2017";"Brizio Rosso di Montalcino";"2017";"285";"0.75";"380";"RÃ¸dvin";"Glass";"13.5";"2.8148148"
"Vinmonopolet";"7812402";"Dievole Vin Santo di Chianti Classico 2013";"Dievole Vin Santo di Chianti Classico";"2013";"329";"0.5";"658";"White wine";"Glass";"16";"4.1125"
"Vinmonopolet";"7812501";"Casa Boquera 2017";"Casa Boquera";"2017";"182.8";"0.75";"243.73";"RÃ¸dvin";"Glass";"14";"1.7409524"
"Vinmonopolet";"7812602";"Ambra Vin Santo di Carmignano 2010";"Ambra Vin Santo di Carmignano";"2010";"288.6";"0.38";"769.6";"White wine";"Glass";"14.5";"5.2377496"
"Vinmonopolet";"7812904";"Blossom Hill Spritz Raspberry & Blackcurrant";"Blossom Hill Spritz Raspberry & Blackcurrant";"0";"29.9";"0.25";"119.6";"Flavoured wine	";"Metall";"5.5";"2.1745455"
"Vinmonopolet";"7813001";"A.E. Dor VSOP Fine Champagne";"A.E. Dor VSOP Fine Champagne";"0";"599";"0.7";"855.71";"Grape spirit";"Glass";"40";"2.1392858"
"Vinmonopolet";"7813101";"A.E. Dor NapolÃ©on";"A.E. Dor NapolÃ©on";"0";"875";"0.7";"1250";"Grape spirit";"Glass";"40";"3.125"
"Vinmonopolet";"7813201";"A.E. Dor VS Selection";"A.E. Dor VS Selection";"0";"549";"0.7";"784.29";"Grape spirit";"Glass";"40";"1.9607143"
"Vinmonopolet";"7813301";"Dievole Novecento Chianti Classico Riserva 2016";"Dievole Novecento Chianti Classico Riserva";"2016";"319";"0.75";"425.33";"RÃ¸dvin";"Glass";"14";"3.0380952"
"Vinmonopolet";"7813401";"Dievole Chianti Classico 2017";"Dievole Chianti Classico";"2017";"209.9";"0.75";"279.87";"RÃ¸dvin";"Glass";"13.5";"2.0730863"
"Vinmonopolet";"7813501";"A.E. Dor XO Fine Champagne";"A.E. Dor XO Fine Champagne";"0";"999";"0.7";"1427.14";"Grape spirit";"Glass";"40";"3.5678573"
"Vinmonopolet";"7813601";"19 Crimes The Banished Dark Red 2018";"19 Crimes The Banished Dark Red";"2018";"132.9";"0.75";"177.2";"RÃ¸dvin";"Glass";"13.5";"1.3125925"
"Vinmonopolet";"7813701";"Terra d'Alter Reserva 2016";"Terra d'Alter Reserva";"2016";"189.9";"0.75";"253.2";"RÃ¸dvin";"Glass";"15";"1.688"
"Vinmonopolet";"7814201";"Nittnaus Manila BlaufrÃ¤nkish 2017";"Nittnaus Manila BlaufrÃ¤nkish";"2017";"269.9";"0.75";"359.87";"RÃ¸dvin";"Glass";"12";"2.9988887"
"Vinmonopolet";"7814301";"J. Sunier RÃ©gniÃ© 2016";"J. Sunier RÃ©gniÃ©";"2016";"259.9";"0.75";"346.53";"RÃ¸dvin";"Glass";"12.2";"2.8404372"
"Vinmonopolet";"7814305";"J. Sunier RÃ©gniÃ© 2016";"J. Sunier RÃ©gniÃ©";"2016";"589.9";"1.5";"393.27";"RÃ¸dvin";"Glass";"12.2";"3.2234974"
"Vinmonopolet";"7814501";"J. Sunier Wild Soul 2016";"J. Sunier Wild Soul";"2016";"169.9";"0.75";"226.53";"RÃ¸dvin";"Glass";"12";"1.8877777"
"Vinmonopolet";"7814601";"Dom. Ratte Clos Marie 2016";"Dom. Ratte Clos Marie";"2016";"355.9";"0.75";"474.53";"RÃ¸dvin";"Glass";"13";"3.6502564"
"Vinmonopolet";"7814701";"Dom. Ratte Pinot Noir 2016";"Dom. Ratte Pinot Noir";"2016";"369.9";"0.75";"493.2";"RÃ¸dvin";"Glass";"12.5";"3.9456"
"Vinmonopolet";"7815201";"Dom. Ratte Rubis 2016";"Dom. Ratte Rubis";"2016";"344.9";"0.75";"459.87";"RÃ¸dvin";"Glass";"13";"3.5374358"
"Vinmonopolet";"7815301";"Cosse Maisonneuve Le Combal Cahors 2014";"Cosse Maisonneuve Le Combal Cahors";"2014";"206.9";"0.75";"275.87";"RÃ¸dvin";"Glass";"13";"2.1220512"
"Vinmonopolet";"7815901";"FP Bical & Arinto 2018";"FP Bical & Arinto";"2018";"174.9";"0.75";"233.2";"White wine";"Glass";"11.5";"2.027826"
"Vinmonopolet";"7816601";"Faustino Icon Edition Reserva Especial 2014";"Faustino Icon Edition Reserva Especial";"2014";"329.9";"0.75";"439.87";"RÃ¸dvin";"Glass";"13.5";"3.2582715"
"Vinmonopolet";"7816701";"Carillon Bourgogne AligotÃ© 2017";"Carillon Bourgogne AligotÃ©";"2017";"239.9";"0.75";"319.87";"White wine";"Glass";"12.5";"2.5589333"
"Vinmonopolet";"7817001";"Filipa Pato Nosso Calcario Baga 2017";"Filipa Pato Nosso Calcario Baga";"2017";"329";"0.75";"438.67";"RÃ¸dvin";"Glass";"12.5";"3.5093334"
"Vinmonopolet";"7817201";"Weingut Acham-Magin Purist Riesling Trocken 2018";"Weingut Acham-Magin Purist Riesling Trocken";"2018";"199.9";"0.75";"266.53";"White wine";"Glass";"12";"2.221111"
"Vinmonopolet";"7817301";"LÃºculo Garnacha Old Vine";"LÃºculo Garnacha Old Vine";"2016";"229.9";"0.75";"306.53";"RÃ¸dvin";"Glass";"14.5";"2.114023"
"Vinmonopolet";"7817401";"La Casilla Bobal 2015";"La Casilla Bobal";"2015";"149.9";"0.75";"199.87";"RÃ¸dvin";"Glass";"13";"1.5374359"
"Vinmonopolet";"7817501";"La Estrecha Bobal 2016";"La Estrecha Bobal";"2016";"179.9";"0.75";"239.87";"RÃ¸dvin";"Glass";"14.5";"1.6542528"
"Vinmonopolet";"7817601";"Buena Pinta 2017";"Buena Pinta";"2017";"149.9";"0.75";"199.87";"RÃ¸dvin";"Glass";"12";"1.6655555"
"Vinmonopolet";"7817701";"Charles de FÃ¨re CrÃ©mant du Jura Brut";"Charles de FÃ¨re CrÃ©mant du Jura Brut";"0";"159.9";"0.75";"213.2";"Sparkling wine";"Glass";"12";"1.7766666"
"Vinmonopolet";"7818901";"Jauma Blewitt Springs Sand on Schist Chenin";"Jauma Blewitt Springs Sand on Schist Chenin";"2017";"399.9";"0.75";"533.2";"White wine";"Glass";"10.5";"5.078095"
"Vinmonopolet";"7819001";"Jauma Like Raindrops... grenache";"Jauma Like Raindrops... grenache";"2016";"349.8";"0.75";"466.4";"RÃ¸dvin";"Glass";"14";"3.3314285"
"Vinmonopolet";"7819101";"God Jul Le Pianette";"God Jul Le Pianette";"2015";"159";"0.75";"212";"RÃ¸dvin";"Glass";"13.5";"1.5703703"
"Vinmonopolet";"7819201";"Rizieri Nebbiolo d'Alba 2013";"Rizieri Nebbiolo d'Alba";"2013";"228.4";"0.75";"304.53";"RÃ¸dvin";"Glass";"13.5";"2.2558024"
"Vinmonopolet";"7819301";"Finca LuzÃ³n Roble 2015";"Finca LuzÃ³n Roble";"2015";"131.2";"0.75";"174.93";"RÃ¸dvin";"Glass";"14.5";"1.2064368"
"Vinmonopolet";"7819401";"Bod. XimÃ©nez-SpÃ­nola Solera 1918 2017";"Bod. XimÃ©nez-SpÃ­nola Solera";"2017";"690.2";"0.75";"920.27";"Sherry";"Glass";"15";"6.1351113"
"Vinmonopolet";"7819501";"Finca Valpiedra Reserva 2010";"Finca Valpiedra Reserva";"2010";"320.9";"0.75";"427.87";"RÃ¸dvin";"Glass";"13.5";"3.1693826"
"Vinmonopolet";"7819605";"Schloss Johannisberg Gelblack Riesling Trocken 2016";"Schloss Johannisberg Gelblack Riesling Trocken";"2016";"649.5";"1.5";"433";"White wine";"Glass";"12.5";"3.464"
"Vinmonopolet";"7819801";"Barbichon Blanc de Blancs Brut";"Barbichon Blanc de Blancs Brut";"0";"399.9";"0.75";"533.2";"Champagne, brut";"Glass";"12";"4.443333"
"Vinmonopolet";"7820101";"Pierre Gerbais Grains de Celles RosÃ©";"Pierre Gerbais Grains de Celles RosÃ©";"0";"409.9";"0.75";"546.53";"Champagne, rosÃ©";"Glass";"12";"4.5544443"
"Vinmonopolet";"7820401";"Graveirette CÃ´tes du RhÃ´ne 2015";"Graveirette CÃ´tes du RhÃ´ne";"2015";"224.9";"0.75";"299.87";"RÃ¸dvin";"Glass";"14.5";"2.0680459"
"Vinmonopolet";"7821201";"1701 Sullerba Frizzante Non Dosato";"Sullerba Frizzante Non Dosato";"0";"149.9";"0.75";"199.87";"Sparkling white wine";"Glass";"11";"1.8169696"
"Vinmonopolet";"7821405";"Von Winning Riesling 2016";"Von Winning Riesling";"2016";"349.9";"1.5";"233.27";"White wine";"Glass";"12";"1.9438889"
"Vinmonopolet";"7821601";"Bosman Fides Grenache Blanc 2017";"Bosman Fides Grenache Blanc";"2017";"229.9";"0.75";"306.53";"White wine";"Glass";"13.5";"2.2706172"
"Vinmonopolet";"7821701";"Bosman Twyfeling Cinsaut 2017";"Bosman Twyfeling Cinsaut";"2017";"234.9";"0.75";"313.2";"RÃ¸dvin";"Glass";"14";"2.2371428"
"Vinmonopolet";"7821801";"BK Wines One Ball Chardonnay 2018";"BK Wines One Ball Chardonnay";"2018";"259.9";"0.75";"346.53";"White wine";"Glass";"12.8";"2.7072916"
"Vinmonopolet";"7821901";"Felton Road Cornish Point Pinot Noir 2018";"Felton Road Cornish Point Pinot Noir";"2018";"529.5";"0.75";"706";"RÃ¸dvin";"Glass";"14";"5.042857"
"Vinmonopolet";"7822001";"Pietramore Trebbiano Spumante Extra Brut";"Pietramore Trebbiano Spumante Extra Brut";"0";"191.4";"0.75";"255.2";"Sparkling wine";"Glass";"12.5";"2.0416"
"Vinmonopolet";"7822101";"Costadoro Lo Puro 2019";"Costadoro Lo Puro";"2019";"142.9";"0.75";"190.53";"RÃ¸dvin";"Glass";"13";"1.465641"
"Vinmonopolet";"7822201";"Pietramore Montepulciano d'Abruzzo 2015";"Pietramore Montepulciano d'Abruzzo";"2015";"161.7";"0.75";"215.6";"RÃ¸dvin";"Glass";"14";"1.54"
"Vinmonopolet";"7822301";"Dom. Gaunoux & Fils Bourgogne Blanc 2017";"Dom. Gaunoux & Fils Bourgogne Blanc";"2017";"319.9";"0.75";"426.53";"White wine";"Glass";"13";"3.2810256"
"Vinmonopolet";"7822401";"Jean-Michel Gaunoux Meursault 2017";"Jean-Michel Gaunoux Meursault";"2017";"579.9";"0.75";"773.2";"White wine";"Glass";"13";"5.9476924"
"Vinmonopolet";"7822501";"Jean-Michel Gaunoux Meursault Premier Cru PerriÃ¨res 2014";"Jean-Michel Gaunoux Meursault Premier Cru PerriÃ¨res";"2014";"859.9";"0.75";"1146.53";"White wine";"Glass";"13";"8.819488"
"Vinmonopolet";"7822601";"Quercia al Poggio Chianti Classico Riserva 2013";"Quercia al Poggio Chianti Classico Riserva";"2013";"389.9";"0.75";"519.87";"RÃ¸dvin";"Glass";"13.5";"3.8508642"
"Vinmonopolet";"7822701";"Quercia al Poggio Chianti Classico 2016";"Quercia al Poggio Chianti Classico";"2016";"232.9";"0.75";"310.53";"RÃ¸dvin";"Glass";"13.5";"2.300247"
"Vinmonopolet";"7822801";"Maccario Villa Della Rosa Barbera d'Asti 2016";"Maccario Villa Della Rosa Barbera d'Asti";"2016";"159.9";"0.75";"213.2";"RÃ¸dvin";"Glass";"12.5";"1.7055999"
"Vinmonopolet";"7823001";"Samuel Billaud Chablis Grand Cru VaudÃ©sir 2016";"Samuel Billaud Chablis Grand Cru VaudÃ©sir";"2016";"799.9";"0.75";"1066.53";"White wine";"Glass";"13";"8.2041025"
"Vinmonopolet";"7823101";"Samuel Billaud Chablis Grand Cru Blanchot 2016";"Samuel Billaud Chablis Grand Cru Blanchot";"2016";"779.9";"0.75";"1039.87";"White wine";"Glass";"13";"7.998975"
"Vinmonopolet";"7823201";"Waterkloof Seriously Cool Cinsault";"Waterkloof Seriously Cool Cinsault";"2016";"229.9";"0.75";"306.53";"RÃ¸dvin";"Glass";"12.5";"2.4522667"
"Vinmonopolet";"7823301";"Peter Lehmann Hill & Valley Chardonnay 2014";"Peter Lehmann Hill & Valley Chardonnay";"2014";"209.9";"0.75";"279.87";"White wine";"Glass";"12";"2.3322222"
"Vinmonopolet";"7823501";"Peter Lehmann Clancy's Red Blend 2014";"Peter Lehmann Clancy's Red Blend";"2014";"269.9";"0.75";"359.87";"RÃ¸dvin";"Glass";"14.5";"2.481839"
"Vinmonopolet";"7823601";"Palma Nera Nero d'Avola 2015";"Palma Nera Nero d'Avola";"2015";"164.9";"0.75";"219.87";"RÃ¸dvin";"Glass";"13";"1.691282"
"Vinmonopolet";"7823801";"Paul Jaboulet Gigondas Pierre Aiguille 2017";"Paul Jaboulet Gigondas Pierre Aiguille";"2017";"239.9";"0.75";"319.87";"RÃ¸dvin";"Glass";"14.5";"2.205977"
"Vinmonopolet";"7823901";"Dom. des Treilles Syrah 2016";"Dom. des Treilles Syrah";"2016";"149.8";"0.75";"199.73";"RÃ¸dvin";"Glass";"14.5";"1.3774713"
"Vinmonopolet";"7824101";"Mustiguillo Mestizaje 2015";"Mustiguillo Mestizaje";"2015";"183.4";"0.75";"244.53";"RÃ¸dvin";"Glass";"13.5";"1.811358"
"Vinmonopolet";"7824201";"Ch. Simard 2007";"Ch. Simard";"2007";"279.9";"0.75";"373.2";"RÃ¸dvin";"Glass";"12.5";"2.9856"
"Vinmonopolet";"7824301";"Burguet Les Pince Vin 2017";"Burguet Les Pince Vin";"2017";"369";"0.75";"492";"RÃ¸dvin";"Glass";"13";"3.7846153"
"Vinmonopolet";"7824501";"Burguet Vosne-RomanÃ©e 2017";"Burguet Vosne-RomanÃ©e";"2017";"780.1";"0.75";"1040.13";"RÃ¸dvin";"Glass";"13";"8.001025"
"Vinmonopolet";"7824601";"Ch. Sisqueilles Rivesaltes 1946";"Ch. Sisqueilles Rivesaltes";"1946";"1669";"0.75";"2225.33";"Fortified wine";"Glass";"16";"13.908334"
"Vinmonopolet";"7824701";"Burguet Gevrey-Chambertin Mes Favorites 2015";"Burguet Gevrey-Chambertin Mes Favorites";"2015";"598";"0.75";"797.33";"RÃ¸dvin";"Glass";"13";"6.133333"
"Vinmonopolet";"7824901";"Grange aux Belles Coup de Boule";"Grange aux Belles Coup de Boule";"0";"249";"0.75";"332";"Perlende vin, rosÃ©";"Glass";"11.5";"2.8869565"
"Vinmonopolet";"7825001";"Mayacamas Cabernet Sauvignon 2013";"Mayacamas Cabernet Sauvignon";"2013";"995";"0.75";"1326.67";"RÃ¸dvin";"Glass";"14.2";"9.342723"
"Vinmonopolet";"7825101";"Burguet Vosne-RomanÃ©e Premier Cru Les Rouges du Dessus 2017";"Burguet Vosne-RomanÃ©e Premier Cru Les Rouges du Dessus";"2017";"998";"0.75";"1330.67";"RÃ¸dvin";"Glass";"13.5";"9.856791"
"Vinmonopolet";"7825505";"Schloss Johannisberg Silberlack Riesling Trocken GG 2015";"Schloss Johannisberg Silberlack Riesling Trocken GG";"2015";"1219.5";"1.5";"813";"White wine";"Glass";"13";"6.253846"
"Vinmonopolet";"7825601";"Schloss Johannisberg Bronzelack Riesling Trocken 2017";"Schloss Johannisberg Bronzelack Riesling Trocken";"2017";"359.9";"0.75";"479.87";"White wine";"Glass";"12";"3.9988887"
"Vinmonopolet";"7825901";"Ch. de Chamilly CrÃ©mant de Bourgogne Brut 2015";"Ch. de Chamilly CrÃ©mant de Bourgogne Brut";"2015";"269.9";"0.75";"359.87";"Sparkling wine";"Glass";"12";"2.9988887"
"Vinmonopolet";"7826301";"Punset Langhe Arneis 2017";"Punset Langhe Arneis";"2017";"239.9";"0.75";"319.87";"White wine";"Glass";"13";"2.4605129"
"Vinmonopolet";"7826702";"La Cappuccina Carmenos Passito 2011";"La Cappuccina Carmenos Passito";"2011";"319.9";"0.5";"639.8";"RÃ¸dvin";"Glass";"14";"4.5699997"
"Vinmonopolet";"7828101";"San Cassiano Soave";"San Cassiano Soave";"0";"179.3";"0.75";"239.07";"White wine";"Glass";"13";"1.8389744"
"Vinmonopolet";"7828605";"Sandrone Barolo Aleste 2013";"Sandrone Barolo Aleste";"2013";"1829";"1.5";"1219.33";"RÃ¸dvin";"Glass";"14.5";"8.409195"
"Vinmonopolet";"7829001";"Sandrone Barolo Aleste 2013";"Sandrone Barolo Aleste";"2013";"889.9";"0.75";"1186.53";"RÃ¸dvin";"Glass";"14.5";"8.182989"
"Vinmonopolet";"7829801";"FÃ¨lsina Colonia Chianti Classico Gran Selezione 2010";"FÃ¨lsina Colonia Chianti Classico Gran Selezione";"2010";"1000";"0.75";"1333.33";"RÃ¸dvin";"Glass";"13.5";"9.876543"
"Vinmonopolet";"7829901";"Laurent Perrachon Julienas Les Mouilles 2016";"Laurent Perrachon Julienas Les Mouilles";"2016";"239.9";"0.75";"319.87";"RÃ¸dvin";"Glass";"13";"2.4605129"
"Vinmonopolet";"7830001";"Laurent Perrachon Chenas 3 Mozaic 2016";"Laurent Perrachon Chenas 3 Mozaic";"2016";"249.9";"0.75";"333.2";"RÃ¸dvin";"Glass";"12";"2.7766666"
"Vinmonopolet";"7830101";"Laurent Perrachon Morgon Corcelette 2018";"Laurent Perrachon Morgon Corcelette";"2018";"209.9";"0.75";"279.87";"RÃ¸dvin";"Glass";"13";"2.1528203"
"Vinmonopolet";"7830201";"Albert Bichot Vieilles Vignes de Chardonnay 2015";"Albert Bichot Vieilles Vignes de Chardonnay";"2015";"249.9";"0.75";"333.2";"White wine";"Glass";"13";"2.563077"
"Vinmonopolet";"7830301";"Albert Bichot Vieilles Vignes de Pinot Noir 2016";"Albert Bichot Vieilles Vignes de Pinot Noir";"2016";"229.9";"0.75";"306.53";"RÃ¸dvin";"Glass";"12.5";"2.4522667"
"Vinmonopolet";"7830401";"Leitz RiesTingeLing 2016";"Leitz RiesTingeLing";"2016";"109.9";"0.75";"146.53";"White wine";"Glass";"4.8";"3.0527778"
"Vinmonopolet";"7830501";"Ch. Bellevue Amphorae";"Ch. Bellevue Amphorae";"2015";"330";"0.75";"440";"RÃ¸dvin";"Glass";"15";"2.9333334"
"Vinmonopolet";"7831301";"Smithfield Cellars Pinot Noir 2013";"Smithfield Cellars Pinot Noir";"2013";"131.2";"0.75";"174.93";"RÃ¸dvin";"Glass";"13.5";"1.2958025"
"Vinmonopolet";"7831401";"Battle of Bosworth Puritan Shiraz 2016";"Battle of Bosworth Puritan Shiraz";"2016";"148.7";"0.75";"198.27";"RÃ¸dvin";"Glass";"14.5";"1.3673563"
"Vinmonopolet";"7832001";"St. Margarita Hoya Hermosa Petit Verdot 2011";"St. Margarita Hoya Hermosa Petit Verdot";"2011";"247.8";"0.75";"330.4";"RÃ¸dvin";"Glass";"14";"2.3600001"
"Vinmonopolet";"7832101";"Pasion Gold 2017";"Pasion Gold";"2017";"176";"0.75";"234.67";"White wine";"Glass";"9.5";"2.4701755"
"Vinmonopolet";"7832401";"Pasion Pink 2017";"Pasion Pink";"2017";"176";"0.75";"234.67";"Flavoured wine	";"Glass";"9.5";"2.4701755"
"Vinmonopolet";"7832501";"Pasion Orange 2017";"Pasion Orange";"2017";"176";"0.75";"234.67";"Flavoured wine	";"Glass";"9.5";"2.4701755"
"Vinmonopolet";"7833301";"Palmento Costanzo Mofete Etna Rosso 2013";"Palmento Costanzo Mofete Etna Rosso";"2013";"246";"0.75";"328";"RÃ¸dvin";"Glass";"14";"2.3428571"
"Vinmonopolet";"7833401";"Nicosia Vulka Etna Bianco 2017";"Nicosia Vulka Etna Bianco";"2017";"211";"0.75";"281.33";"White wine";"Glass";"12.5";"2.2506666"
"Vinmonopolet";"7833701";"Nicosia Fondo Filara Frappato 2017";"Nicosia Fondo Filara Frappato";"2017";"208";"0.75";"277.33";"RÃ¸dvin";"Glass";"12.5";"2.2186666"
"Vinmonopolet";"7833901";"Nicosia Fondo Filara Grillo 2018";"Nicosia Fondo Filara Grillo";"2018";"202";"0.75";"269.33";"White wine";"Glass";"13";"2.071795"
"Vinmonopolet";"7834401";"J.B. Becker Wallufer Walkenberg Riesling Auslese trocken 2015";"J.B. Becker Wallufer Walkenberg Riesling Auslese trocken";"2015";"546";"0.75";"728";"White wine";"Glass";"13";"5.6"
"Vinmonopolet";"7834501";"J.B. Becker Wallufer Walkenberg Riesling SpÃ¤tlese Trocken Alte Reben 2015";"J.B. Becker Wallufer Walkenberg Riesling SpÃ¤tlese Trocken Alte Reben";"2015";"333";"0.75";"444";"White wine";"Glass";"12.5";"3.552"
"Vinmonopolet";"7834701";"J.B. Becker Wallufer Walkenberg Riesling Kabinett trocken 2014";"J.B. Becker Wallufer Walkenberg Riesling Kabinett trocken";"2014";"248";"0.75";"330.67";"White wine";"Glass";"10.5";"3.1492064"
"Vinmonopolet";"7834801";"J.B. Becker Wallufer Oberberg Riesling Kabinett halbtrocken 2015";"J.B. Becker Wallufer Oberberg Riesling Kabinett halbtrocken";"2015";"248";"0.75";"330.67";"White wine";"Glass";"11.5";"2.8753624"
"Vinmonopolet";"7834901";"J.B. Becker Rauenthaler WÃ¼lfen Riesling Auslese 1989";"J.B. Becker Rauenthaler WÃ¼lfen Riesling Auslese";"1989";"765";"0.75";"1020";"White wine";"Glass";"11";"9.272727"
"Vinmonopolet";"7835001";"J.B. Becker Wallufer Berg Bildstock Riesling SpÃ¤tlese 2004";"J.B. Becker Wallufer Berg Bildstock Riesling SpÃ¤tlese";"2004";"449";"0.75";"598.67";"White wine";"Glass";"10";"5.9866667"
"Vinmonopolet";"7835101";"J.B. Becker Wallufer Walkenberg Riesling SpÃ¤tlese trocken 2015";"J.B. Becker Wallufer Walkenberg Riesling SpÃ¤tlese trocken";"2015";"330";"0.75";"440";"White wine";"Glass";"12.5";"3.52"
"Vinmonopolet";"7836001";"Ch. Cabos 2015";"Ch. Cabos";"2015";"225";"0.75";"300";"RÃ¸dvin";"Glass";"14";"2.142857"
"Vinmonopolet";"7836101";"Ch. Bellevue 2011";"Ch. Bellevue";"2011";"897.9";"0.75";"1197.2";"RÃ¸dvin";"Glass";"14.5";"8.256552"
"Vinmonopolet";"7836301";"Carillon d`Angelus 2012";"Carillon d`Angelus";"2012";"1469";"0.75";"1958.67";"RÃ¸dvin";"Glass";"13.5";"14.508642"
"Vinmonopolet";"7836401";"La Pastourelle de Clerc Milon 2011";"La Pastourelle de Clerc Milon";"2011";"639";"0.75";"852";"RÃ¸dvin";"Glass";"13";"6.5538464"
"Vinmonopolet";"7836501";"Clos Fourtet 2014";"Clos Fourtet";"2014";"1598";"0.75";"2130.67";"RÃ¸dvin";"Glass";"13.5";"15.782716"
"Vinmonopolet";"7836601";"Ch. de Castets Vielles Vignes 2015";"Ch. de Castets Vielles Vignes";"2015";"234.4";"0.75";"312.53";"RÃ¸dvin";"Glass";"13";"2.4041026"
"Vinmonopolet";"7836702";"Ch. Pajzos Tokaji Harslevelu 2015";"Ch. Pajzos Tokaji Harslevelu";"2015";"190.1";"0.5";"380.2";"White wine";"Glass";"10";"3.802"
"Vinmonopolet";"7837001";"Ambroise Bourgogne Blanc 2015";"Ambroise Bourgogne Blanc";"2015";"279.8";"0.75";"373.07";"White wine";"Glass";"13";"2.8697433"
"Vinmonopolet";"7837101";"Ambroise Cote de Nuits Villages 2015";"Ambroise Cote de Nuits Villages";"2015";"379";"0.75";"505.33";"White wine";"Glass";"13";"3.8871794"
"Vinmonopolet";"7837701";"Bosio Leda the Truffle Hunter Nebbiolo d'Alba 2017";"Bosio Leda the Truffle Hunter Nebbiolo d'Alba";"2017";"189.9";"0.75";"253.2";"RÃ¸dvin";"Glass";"14";"1.8085713"
"Vinmonopolet";"7837801";"Bosio Leda Truffle Hunter Barb. d'Asti 2018";"Bosio Leda Truffle Hunter Barb. d'Asti";"2018";"169.9";"0.75";"226.53";"RÃ¸dvin";"Glass";"13";"1.7425641"
"Vinmonopolet";"7837902";"Ayinger Urweisse";"Ayinger Urweisse";"0";"54.9";"0.5";"109.8";"HveteÃ¸l";"Glass";"5.8";"1.8931035"
"Vinmonopolet";"7838002";"Ayinger BrÃ¤uweisse Hefeweissbier";"Ayinger BrÃ¤uweisse Hefeweissbier";"0";"55.9";"0.5";"111.8";"HveteÃ¸l";"Glass";"5.1";"2.192157"
"Vinmonopolet";"7838101";"Heaven Scent RosÃ© 2017";"Heaven Scent RosÃ©";"2017";"169.9";"0.75";"226.53";"RosÃ©vin";"Glass";"12";"1.8877777"
"Vinmonopolet";"7838205";"Provocativo Cava Brut";"Provocativo Cava Brut";"0";"599";"1.5";"399.33";"Sparkling wine";"Glass";"11.5";"3.4724638"
"Vinmonopolet";"7838301";"Graham Norton's Own Shiraz 2015";"Graham Norton's Own Shiraz";"2015";"190";"0.75";"253.33";"RÃ¸dvin";"Glass";"14.5";"1.7471265"
"Vinmonopolet";"7838506";"Natural Selections Bordeaux";"Natural Selections Bordeaux";"0";"549.9";"3";"183.3";"RÃ¸dvin";"Bag-in-box";"13.5";"1.3577778"
"Vinmonopolet";"7838601";"Cava Pere Mata Reserva Familia 2014";"Cava Pere Mata Reserva Familia";"2014";"239";"0.75";"318.67";"Sparkling wine";"Glass";"11.5";"2.7710145"
"Vinmonopolet";"7838701";"Springfield Estate Methode Ancienne Cabernet Sauvignon 1997";"Springfield Estate Methode Ancienne Cabernet Sauvignon";"1997";"860";"0.75";"1146.67";"RÃ¸dvin";"Glass";"13.5";"8.493827"
"Vinmonopolet";"7839402";"Voss Bryggeri / Borg BrugghÃºs Smalahove Stout";"Voss Bryggeri / Borg BrugghÃºs Smalahove Stout";"0";"69";"0.33";"209.09";"Porter and stout";"Metall";"7";"2.9870129"
"Vinmonopolet";"7839501";"Pazo Cilleiro AlbariÃ±o 2018";"Pazo Cilleiro AlbariÃ±o";"2018";"179";"0.75";"238.67";"White wine";"Glass";"13";"1.8358974"
"Vinmonopolet";"7839601";"Pasion Blue 2017";"Pasion Blue";"2017";"176";"0.75";"234.67";"Flavoured wine	";"Glass";"9.5";"2.4701755"
"Vinmonopolet";"7839701";"Bulleit Kentucky Straight Bourbon 10 YO";"Bulleit Kentucky Straight Bourbon 10 YO";"0";"529.9";"0.7";"757";"Whisky";"Glass";"45.6";"1.6600878"
"Vinmonopolet";"7839801";"Roe & Co";"Roe & Co";"0";"499.9";"0.7";"714.14";"Whisky";"Glass";"45";"1.5869842"
"Vinmonopolet";"7839901";"Eduardo Torres Acosta Versante Nord 2018";"Eduardo Torres Acosta Versante Nord";"2018";"329.9";"0.75";"439.87";"White wine";"Glass";"12.5";"3.5189333"
"Vinmonopolet";"7840101";"Leclerc Briant Premier Cru Extra Brut";"Leclerc Briant Premier Cru Extra Brut";"0";"559.9";"0.75";"746.53";"Champagne extra brut";"Glass";"12";"6.2211113"
"Vinmonopolet";"7841502";"Reodor Felgens FlÃ¥klypa Spesial Akevitt";"Reodor Felgens FlÃ¥klypa Spesial Akevitt";"0";"399";"0.5";"798";"Aquavit";"Glass";"40";"1.995"
"Vinmonopolet";"7841703";"JÃ¦rakevitt Special";"JÃ¦rakevitt Special";"0";"57.9";"0.04";"1447.5";"Aquavit";"Glass";"40";"3.61875"
"Vinmonopolet";"7841901";"Ch. Lousteauneuf 2010";"Ch. Lousteauneuf";"2010";"259.9";"0.75";"346.53";"RÃ¸dvin";"Glass";"14";"2.475238"
"Vinmonopolet";"7842401";"Saint-Cyr ChÃ©nas Les BlÃ©monts 2018";"Saint-Cyr ChÃ©nas Les BlÃ©monts";"2018";"249.9";"0.75";"333.2";"RÃ¸dvin";"Glass";"13";"2.563077"
"Vinmonopolet";"7842502";"Brunehaut Triple";"Brunehaut Triple";"0";"62.9";"0.33";"190.61";"Trappist";"Glass";"8";"2.3825758"
"Vinmonopolet";"7842602";"Edel Is-Sider 2017";"Edel Is-Sider";"2017";"318.9";"0.38";"850.4";"Fruit wine";"Glass";"10";"8.392105"
"Vinmonopolet";"7842801";"Radio-Coteau Terra Neuma Pinot Noir 2014";"Radio-Coteau Terra Neuma Pinot Noir";"2014";"549";"0.75";"732";"RÃ¸dvin";"Glass";"13.4";"5.4626865"
"Vinmonopolet";"7843001";"Durello Lessini A Flying Start";"Durello Lessini A Flying Start";"0";"144.9";"0.75";"193.2";"Sparkling wine";"Glass";"11.5";"1.68"
"Vinmonopolet";"7843102";"Edge Brewing Barrica 24";"Edge Brewing Barrica 24";"0";"79.8";"0.33";"241.82";"Porter and stout";"Glass";"10.5";"2.3030303"
"Vinmonopolet";"7843401";"Le Cinciole Aluigi Chianti Classico Riserva 2013";"Le Cinciole Aluigi Chianti Classico Riserva";"2013";"149.9";"0.75";"199.87";"RÃ¸dvin";"Glass";"13.5";"1.4804938"
"Vinmonopolet";"7843501";"Fontodi Filetta di Lamole Chianti Classico 2016";"Fontodi Filetta di Lamole Chianti Classico";"2016";"259.9";"0.75";"346.53";"RÃ¸dvin";"Glass";"13.5";"2.5669136"
"Vinmonopolet";"7843602";"Geiranger Studebaker Chocolate Stout";"Geiranger Studebaker Chocolate Stout";"0";"52.9";"0.33";"160.3";"Porter and stout";"Glass";"5.3";"3.0245852"
"Vinmonopolet";"7844301";"Buffalo Ridge Zinfandel 2015";"Buffalo Ridge Zinfandel";"2015";"136.9";"0.75";"182.53";"RÃ¸dvin";"Glass";"14";"1.3038095"
"Vinmonopolet";"7844605";"Art & Wine BlaufrÃ¤nkisch 2015";"Art & Wine BlaufrÃ¤nkisch";"2015";"399.7";"1.5";"266.47";"RÃ¸dvin";"Glass";"12";"2.2205555"
"Vinmonopolet";"7844701";"Art & Wine Pinot Blanc 2017";"Art & Wine Pinot Blanc";"2017";"213";"0.75";"284";"White wine";"Glass";"12";"2.3666666"
"Vinmonopolet";"7844805";"Lykkebobler Brut Nature";"Lykkebobler Brut Nature";"2017";"339.9";"1.5";"226.6";"Sparkling wine";"Glass";"11.5";"1.9704348"
"Vinmonopolet";"7845301";"Borgogno Barolo 2015";"Borgogno Barolo";"2015";"499.9";"0.75";"666.53";"RÃ¸dvin";"Glass";"13.5";"4.937284"
"Vinmonopolet";"7845701";"Redtree Pinot Noir 2017";"Redtree Pinot Noir";"2017";"179.9";"0.75";"239.87";"RÃ¸dvin";"Glass";"13.5";"1.77679"
"Vinmonopolet";"7845802";"Petit Guiraud Gold Christmas 2015";"Petit Guiraud Gold Christmas";"2015";"189.9";"0.38";"506.4";"White wine";"Glass";"13.5";"3.7017543"
"Vinmonopolet";"7845901";"The Lobster Roll Julevin til Lutefisk";"The Lobster Roll Julevin til Lutefisk";"2016";"119.6";"0.75";"159.47";"White wine";"Glass";"12.5";"1.2757334"
"Vinmonopolet";"7846301";"Dom. des Malandes Bourgogne Blanc 2018";"Dom. des Malandes Bourgogne Blanc";"2018";"199.9";"0.75";"266.53";"White wine";"Glass";"12.5";"2.1322665"
"Vinmonopolet";"7846401";"Colle Corviano Montepulciano d'Abruzzo 2016";"Colle Corviano Montepulciano d'Abruzzo";"2016";"139.9";"0.75";"186.53";"RÃ¸dvin";"Glass";"13";"1.4348717"
"Vinmonopolet";"7846502";"Chaos White 2018";"Chaos White";"2018";"299.9";"0.5";"599.8";"White wine";"Glass";"14";"4.2842855"
"Vinmonopolet";"7846601";"Elgin Ridge Pinot Noir 2014";"Elgin Ridge Pinot Noir";"2014";"309";"0.75";"412";"RÃ¸dvin";"Glass";"13.5";"3.0518517"
"Vinmonopolet";"7846801";"Elgin Ridge MCC 2013";"Elgin Ridge MCC";"2013";"329";"0.75";"438.67";"Sparkling wine";"Glass";"12.5";"3.5093334"
"Vinmonopolet";"7846901";"Casa d'Ambra Biancolella Ischia 2016";"Casa d'Ambra Biancolella Ischia";"2016";"240";"0.75";"320";"White wine";"Glass";"12.5";"2.56"
"Vinmonopolet";"7847001";"LÃ¸iten Taffel Aquavit";"LÃ¸iten Taffel Aquavit";"0";"369.9";"0.7";"528.43";"Aquavit";"Glass";"40";"1.3210714"
"Vinmonopolet";"7847101";"BrazÃ£o da Vila 2015";"BrazÃ£o da Vila";"2015";"99.6";"0.75";"132.8";"RÃ¸dvin";"Glass";"13.5";"0.9837037"
"Vinmonopolet";"7847302";"Bottega Latte Macchiato Liquore";"Bottega Latte Macchiato Liquore";"0";"199.9";"0.5";"399.8";"LikÃ¸r";"Glass";"15";"2.6653333"
"Vinmonopolet";"7847401";"Ch. RÃ©aut 2016";"Ch. RÃ©aut";"2016";"249.9";"0.75";"333.2";"RÃ¸dvin";"Glass";"13.5";"2.468148"
"Vinmonopolet";"7847501";"Borgeot Santenay 1er Cru La Comme 2015";"Borgeot Santenay 1er Cru La Comme";"2015";"429.9";"0.75";"573.2";"White wine";"Glass";"13.5";"4.245926"
"Vinmonopolet";"7847701";"Borgeot Santenay Clos de la Comme Dessus 2016";"Borgeot Santenay Clos de la Comme Dessus";"2016";"379.9";"0.75";"506.53";"White wine";"Glass";"13";"3.8964102"
"Vinmonopolet";"7847802";"Ego Brygghus Hybridize";"Ego Brygghus Hybridize";"0";"49.9";"0.33";"145.15";"India pale ale";"Emballasje med pant";"6";"2.520202"
"Vinmonopolet";"7848201";"Borgeot Puligny-Montrachet Les Meix 2016";"Borgeot Puligny-Montrachet Les Meix";"2016";"569.9";"0.75";"759.87";"White wine";"Glass";"13";"5.8451285"
"Vinmonopolet";"7848406";"Miopasso Terre Siciliane Rosso 2017";"Miopasso Terre Siciliane Rosso";"2017";"424.9";"3";"141.63";"RÃ¸dvin";"Bag-in-box";"13";"1.0894872"
"Vinmonopolet";"7848501";"Protea RosÃ© 2018";"Protea RosÃ©";"2018";"149";"0.75";"198.67";"RosÃ©vin";"Glass";"12.5";"1.5893333"
"Vinmonopolet";"7848601";"Protea Pinot Grigio 2017";"Protea Pinot Grigio";"2017";"149";"0.75";"198.67";"White wine";"Glass";"12.5";"1.5893333"
"Vinmonopolet";"7848706";"Weinhaus der Stadt Mainz 2018";"Weinhaus der Stadt Mainz";"2018";"399.9";"3";"133.3";"White wine";"Bag-in-box";"11.5";"1.1591305"
"Vinmonopolet";"7849101";"Thorne & Daughters Tin Soldier Semillon 2018";"Thorne & Daughters Tin Soldier Semillon";"2018";"349.9";"0.75";"466.53";"White wine";"Glass";"12.5";"3.7322667"
"Vinmonopolet";"7849301";"Thorne & Daughters Paper Kite Old Vine Semillon 2017";"Thorne & Daughters Paper Kite Old Vine Semillon";"2017";"349.9";"0.75";"466.53";"White wine";"Glass";"13";"3.588718"
"Vinmonopolet";"7850001";"J. Moreau & Fils Chardonnay 2018";"J. Moreau & Fils Chardonnay";"2018";"134.9";"0.75";"179.87";"White wine";"Glass";"12.5";"1.4389333"
"Vinmonopolet";"7850101";"Conceito Contraste Douro Tinto 2016";"Conceito Contraste Douro Tinto";"2016";"229.9";"0.75";"306.53";"RÃ¸dvin";"Glass";"13.5";"2.2706172"
"Vinmonopolet";"7850301";"Conceito Bastardo 2017";"Conceito Bastardo";"2017";"319.9";"0.75";"426.53";"RÃ¸dvin";"Glass";"13";"3.2810256"
"Vinmonopolet";"7850501";"Sohm & Kracher Single Vineyard 2012";"Sohm & Kracher Single Vineyard";"2012";"399";"0.75";"532";"White wine";"Glass";"13.5";"3.9407408"
"Vinmonopolet";"7850601";"Sohm & Kracher St. Georg GrÃ¼ner Veltliner 2013";"Sohm & Kracher St. Georg GrÃ¼ner Veltliner";"2013";"289";"0.75";"385.33";"White wine";"Glass";"13";"2.9641025"
"Vinmonopolet";"7850701";"Sohm & Kracher Alte Reben GrÃ¼ner Veltliner 2013";"Sohm & Kracher Alte Reben GrÃ¼ner Veltliner";"2013";"270";"0.75";"360";"White wine";"Glass";"13";"2.7692308"
"Vinmonopolet";"7850801";"Sohm & Kracher Lion GrÃ¼ner Veltliner 2018";"Sohm & Kracher Lion GrÃ¼ner Veltliner";"2018";"219";"0.75";"292";"White wine";"Glass";"12.5";"2.336"
"Vinmonopolet";"7851801";"b.io Primitivo 2019";"b.io Primitivo";"2019";"179.9";"0.75";"239.87";"RÃ¸dvin";"Glass";"14";"1.7133332"
"Vinmonopolet";"7852507";"Chimay Trappist Blue Grande RÃ©serve 2018";"Chimay Trappist Blue Grande RÃ©serve";"2018";"2250";"6";"375";"Trappist";"Glass";"9";"4.1666665"
"Vinmonopolet";"7852802";"San Crispino Syrah Merlot";"San Crispino Syrah Merlot";"0";"84.9";"0.5";"169.8";"RÃ¸dvin";"Ãvrig";"13";"1.3061539"
"Vinmonopolet";"7852901";"Scapa Glansa";"Scapa Glansa";"0";"640";"0.7";"914.29";"Whisky";"Glass";"40";"2.2857144"
"Vinmonopolet";"7853004";"Absolut Mixt Blueberry & Lime";"Absolut Mixt Blueberry & Lime";"0";"39.9";"0.25";"159.6";"Other spirit";"Metall";"5";"3.1920002"
"Vinmonopolet";"7853104";"Absolut Mixt Cloudberry & Apple";"Absolut Mixt Cloudberry & Apple";"0";"39.9";"0.25";"159.6";"Other spirit";"Metall";"5";"3.1920002"
"Vinmonopolet";"7853201";"Pernilla Perle";"Pernilla Perle";"0";"222.5";"0.75";"296.67";"Cider";"Glass";"8.5";"3.490196"
"Vinmonopolet";"7853202";"Pernilla Perle";"Pernilla Perle";"0";"129.3";"0.38";"344.8";"Cider";"Glass";"8.5";"4.003096"
"Vinmonopolet";"7853401";"Roberto Cavalli Vodka Rosemary";"Roberto Cavalli Vodka Rosemary";"0";"697.6";"1";"697.6";"Vodka";"Glass";"40";"1.744"
"Vinmonopolet";"7853601";"Nodus Chaval 2016";"Nodus Chaval";"2016";"138.7";"0.75";"184.93";"RÃ¸dvin";"Glass";"13";"1.422564"
"Vinmonopolet";"7854101";"Long Barn Pinot Noir";"Long Barn Pinot Noir";"2016";"255";"0.75";"340";"RÃ¸dvin";"Glass";"13.5";"2.5185184"
"Vinmonopolet";"7854201";"Long Barn Chardonnay";"Long Barn Chardonnay";"0";"256";"0.75";"341.33";"White wine";"Glass";"13.5";"2.5283952"
"Vinmonopolet";"7854301";"Guru White 2017";"Guru White";"2017";"324.9";"0.75";"433.2";"White wine";"Glass";"13";"3.3323076"
"Vinmonopolet";"7854401";"Manoella Red";"Manoella Red";"2015";"244.9";"0.75";"326.53";"RÃ¸dvin";"Glass";"14";"2.332381"
"Vinmonopolet";"7854501";"Valiano 6.38 Chianti Classico Gran Selezione 2013";"Valiano 6.38 Chianti Classico Gran Selezione";"2013";"259.9";"0.75";"346.53";"RÃ¸dvin";"Glass";"13.5";"2.5669136"
"Vinmonopolet";"7854601";"Chocapalha Vinha MÃ£e 2013";"Chocapalha Vinha MÃ£e";"2013";"289.8";"0.75";"386.4";"RÃ¸dvin";"Glass";"14";"2.76"
"Vinmonopolet";"7854701";"Mar de Lisboa Red 2014";"Mar de Lisboa Red";"2014";"99.7";"0.75";"132.93";"RÃ¸dvin";"Glass";"13";"1.022564"
"Vinmonopolet";"7854901";"Mar de Lisboa White 2016";"Mar de Lisboa White";"2016";"99.7";"0.75";"132.93";"White wine";"Glass";"13";"1.022564"
"Vinmonopolet";"7855001";"Quinta de Chocapalha Tinto 2013";"Quinta de Chocapalha Tinto";"2013";"179.6";"0.75";"239.47";"RÃ¸dvin";"Glass";"13.5";"1.7738272"
"Vinmonopolet";"7855101";"Quinta de Chocapalha Arinto 2017";"Quinta de Chocapalha Arinto";"2017";"169.6";"0.75";"226.13";"White wine";"Glass";"12.5";"1.8090668"
"Vinmonopolet";"7855201";"Ch. des Jacques CÃ´te du Py 2017";"Ch. des Jacques CÃ´te du Py";"2017";"349.9";"0.75";"466.53";"RÃ¸dvin";"Glass";"15";"3.110222"
"Vinmonopolet";"7855301";"Ch. des Jacques Fleurie 2015";"Ch. des Jacques Fleurie";"2015";"249.9";"0.75";"333.2";"RÃ¸dvin";"Glass";"13";"2.563077"
"Vinmonopolet";"7855401";"Ch. des Jacques Moulin-Ã -Vent Clos de RochegrÃ¨s 2016";"Ch. des Jacques Moulin-Ã -Vent Clos de RochegrÃ¨s";"2016";"299.9";"0.75";"399.87";"RÃ¸dvin";"Glass";"13";"3.0758975"
"Vinmonopolet";"7855501";"DiplomÃ¡tico Planas Rum";"DiplomÃ¡tico Planas Rum";"0";"549";"0.7";"784.29";"Rum";"Glass";"47";"1.6686931"
"Vinmonopolet";"7855601";"Vine Mind Riesling 2017";"Vine Mind Riesling";"2017";"199.9";"0.75";"266.53";"White wine";"Glass";"11.5";"2.317681"
"Vinmonopolet";"7855701";"Vine Mind Shiraz Malbec 2016";"Vine Mind Shiraz Malbec";"2016";"224.9";"0.75";"299.87";"RÃ¸dvin";"Glass";"14";"2.1419046"
"Vinmonopolet";"7855803";"Jack Daniel's Tennessee";"Jack Daniel's Tennessee";"0";"51.9";"0.05";"1038";"Whisky";"Plast";"40";"2.595"
"Vinmonopolet";"7855901";"Leitz Mysticum Rheingau Riesling 2016";"Leitz Mysticum Rheingau Riesling";"2016";"169.9";"0.75";"226.53";"White wine";"Glass";"12";"1.8877777"
"Vinmonopolet";"7856201";"San Francesco CirÃ² Bianco 2017";"San Francesco CirÃ² Bianco";"2017";"179.9";"0.75";"239.87";"White wine";"Glass";"12.5";"1.9189333"
"Vinmonopolet";"7856501";"CuvÃ©e Jubileum Engebret CafÃ© 2016";"CuvÃ©e Jubileum Engebret CafÃ©";"2016";"159.9";"0.75";"213.2";"White wine";"Glass";"12";"1.7766666"
"Vinmonopolet";"7856601";"Dom. Emile Beyer Pinot Gris Tradition 2017";"Dom. Emile Beyer Pinot Gris Tradition";"2017";"259.9";"0.75";"346.53";"White wine";"Glass";"13.5";"2.5669136"
"Vinmonopolet";"7856801";"Alain Jaume ChÃ¢teauneuf-du-Pape Dom. Grand Veneur Le MiocÃ¨ne 2018";"Alain Jaume ChÃ¢teauneuf-du-Pape Dom. Grand Veneur Le MiocÃ¨ne";"2018";"449.9";"0.75";"599.87";"White wine";"Glass";"14";"4.284762"
"Vinmonopolet";"7856901";"Pertinace Langhe Nebbiolo 2017";"Pertinace Langhe Nebbiolo";"2017";"239.9";"0.75";"319.87";"RÃ¸dvin";"Glass";"14";"2.284762"
"Vinmonopolet";"7857501";"ZagarrÃ³n Pausa Tempranillo & Petit Verdot 2015";"ZagarrÃ³n Pausa Tempranillo & Petit Verdot";"2015";"158.1";"0.75";"210.8";"RÃ¸dvin";"Glass";"13";"1.6215385"
"Vinmonopolet";"7857601";"ZagarrÃ³n Sandogal NÂº3 Tempranillo & Petit Verdot 2015";"ZagarrÃ³n Sandogal NÂº3 Tempranillo & Petit Verdot";"2015";"115";"0.75";"153.33";"RÃ¸dvin";"Glass";"13";"1.1794872"
"Vinmonopolet";"7857701";"1000 Stories Bourbon Barrel Aged Zinfandel 2017";"Stories Bourbon Barrel Aged Zinfandel";"2017";"199.9";"0.75";"266.53";"RÃ¸dvin";"Glass";"14.5";"1.8381609"
"Vinmonopolet";"7858105";"Meinklang Prosa RosÃ© 2017";"Meinklang Prosa RosÃ©";"2017";"369.9";"1.5";"246.6";"Perlende vin, rosÃ©";"Glass";"10.5";"2.3485713"
"Vinmonopolet";"7858902";"Cervisiam S'Morebidly Obese Imperial Pastry Stout";"Cervisiam S'Morebidly Obese Imperial Pastry Stout";"0";"79.9";"0.33";"236.06";"Porter and stout";"Emballasje med pant";"10";"2.421212"
"Vinmonopolet";"7859301";"Licor 43 Orochata";"Licor 43 Orochata";"0";"309.9";"0.7";"442.71";"LikÃ¸r";"Glass";"16";"2.7669642"
"Vinmonopolet";"7859402";"Glittertind Premium Bitter";"Glittertind Premium Bitter";"0";"343";"0.5";"686";"Bitter	";"Glass";"35";"1.96"
"Vinmonopolet";"7859501";"Heger SpÃ¤tburgunder Sonett 2015";"Heger SpÃ¤tburgunder Sonett";"2015";"199.9";"0.75";"266.53";"RÃ¸dvin";"Glass";"13";"2.0502563"
"Vinmonopolet";"7859701";"Pacher Hof Sylvaner 2017";"Pacher Hof Sylvaner";"2017";"265";"0.75";"353.33";"White wine";"Glass";"13";"2.7179487"
"Vinmonopolet";"7859801";"Pacher Hof Pinot Grigio 2018";"Pacher Hof Pinot Grigio";"2018";"289.9";"0.75";"386.53";"White wine";"Glass";"13.5";"2.8632097"
"Vinmonopolet";"7860101";"Weiser-KÃ¼nstler Trabener Gaispfad 2015";"Weiser-KÃ¼nstler Trabener Gaispfad";"2015";"399.9";"0.75";"533.2";"White wine";"Glass";"12";"4.443333"
"Vinmonopolet";"7860601";"Bernabeleva Arroyo del TÃ³rtolas 2016";"Bernabeleva Arroyo del TÃ³rtolas";"2016";"429.9";"0.75";"573.2";"RÃ¸dvin";"Glass";"14";"4.0942855"
"Vinmonopolet";"7860901";"Weiser-KÃ¼nstler Enkircher Ellergrub Grosse Eule 2017";"Weiser-KÃ¼nstler Enkircher Ellergrub Grosse Eule";"2017";"489.9";"0.75";"653.2";"White wine";"Glass";"12";"5.443333"
"Vinmonopolet";"7861001";"Larsen Winter Blend";"Larsen Winter Blend";"0";"449.9";"0.7";"642.71";"Grape spirit";"Glass";"43";"1.4946843"
"Vinmonopolet";"7861101";"Guffens aux Tourettes Syrah d`Endes 2016";"Guffens aux Tourettes Syrah d`Endes";"2016";"138.8";"0.75";"185.07";"RÃ¸dvin";"Glass";"15";"1.2337778"
"Vinmonopolet";"7861201";"Larsen Summer Blend";"Larsen Summer Blend";"0";"399.9";"0.7";"571.29";"Grape spirit";"Glass";"40";"1.4282143"
"Vinmonopolet";"7861501";"Heidi SchrÃ¶ck BlaufrÃ¤nkisch Kulm 2016";"Heidi SchrÃ¶ck BlaufrÃ¤nkisch Kulm";"2016";"249.9";"0.75";"333.2";"RÃ¸dvin";"Glass";"13";"2.563077"
"Vinmonopolet";"7861601";"Lackner Tinnacher Sauvignon Blanc Ried Steinbach 2016";"Lackner Tinnacher Sauvignon Blanc Ried Steinbach";"2016";"349.9";"0.75";"466.53";"White wine";"Glass";"13";"3.588718"
"Vinmonopolet";"7861801";"1910 Aquavit Bryggeloftet & Stuene";"Aquavit Bryggeloftet & Stuene";"0";"450";"0.7";"642.86";"Aquavit";"Glass";"40";"1.6071429"
"Vinmonopolet";"7861901";"Ron Cartavio Silver";"Ron Cartavio Silver";"0";"489";"0.7";"698.57";"Rum";"Glass";"40";"1.7464286"
"Vinmonopolet";"7862002";"Cuatro G'S Pisco Mosto Verde Italia";"Cuatro G'S Pisco Mosto Verde Italia";"0";"530";"0.5";"1060";"Grape spirit";"Glass";"40";"2.65"
"Vinmonopolet";"7862101";"Pancho Fierro Quebranta Pisco";"Pancho Fierro Quebranta Pisco";"0";"526";"0.7";"751.43";"Grape spirit";"Glass";"38";"1.9774437"
"Vinmonopolet";"7862301";"Long Barn Zinfandel";"Long Barn Zinfandel";"0";"258";"0.75";"344";"RÃ¸dvin";"Glass";"13.9";"2.4748201"
"Vinmonopolet";"7862401";"Senior Bortolomiol Prosecco Superiore Millesimato";"Senior Bortolomiol Prosecco Superiore Millesimato";"0";"293";"0.75";"390.67";"Sparkling wine";"Glass";"11.5";"3.3971014"
"Vinmonopolet";"7863201";"Lioco Lolonis Valdiguie 2015";"Lioco Lolonis Valdiguie";"2015";"369";"0.75";"492";"RÃ¸dvin";"Glass";"12.2";"4.032787"
"Vinmonopolet";"7864201";"11th Hour Pinot Noir";"11th Hour Pinot Noir";"0";"149.9";"0.75";"199.87";"RÃ¸dvin";"Glass";"13";"1.5374359"
"Vinmonopolet";"7864301";"11th Hour Zinfandel";"11th Hour Zinfandel";"0";"147.9";"0.75";"197.2";"RÃ¸dvin";"Glass";"13.5";"1.4607407"
"Vinmonopolet";"7864408";"24 Norske Akevitter (23x2cl,1x4cl)";"24 Norske Akevitter (23x2cl,1x4cl)";"0";"799.9";"0.5";"1599.8";"Aquavit";"Ãvrig";"40";"3.9995"
"Vinmonopolet";"7864502";"Oslo Gin";"Oslo Gin";"0";"399.9";"0.5";"799.8";"Gin";"Glass";"45.8";"1.7462882"
"Vinmonopolet";"7864601";"CompaÃ±ero Elixir Orange";"CompaÃ±ero Elixir Orange";"0";"600";"0.7";"857.14";"Rum";"Glass";"40";"2.142857"
"Vinmonopolet";"7864701";"Sparkling Tea GrÃ¸n";"Sparkling Tea GrÃ¸n";"0";"189.9";"0.75";"253.2";"Fruit wine";"Glass";"5";"5.0639997"
"Vinmonopolet";"7864801";"Sparkling Tea RÃ¸d";"Sparkling Tea RÃ¸d";"0";"189.9";"0.75";"253.2";"Fruit wine";"Glass";"5";"5.0639997"
"Vinmonopolet";"7865001";"1701 Franciacorta Brut";"Franciacorta Brut";"0";"309.9";"0.75";"413.2";"Sparkling wine";"Glass";"12.5";"3.3056"
"Vinmonopolet";"7865301";"Mont'Albano Terre Biologiche Rosso";"Mont'Albano Terre Biologiche Rosso";"0";"151.7";"0.75";"202.27";"RÃ¸dvin";"Glass";"11.5";"1.7588406"
"Vinmonopolet";"7865501";"Mont'Albano Soave";"Mont'Albano Soave";"2018";"125";"0.75";"166.67";"White wine";"Glass";"11.5";"1.4492754"
"Vinmonopolet";"7865701";"Alheit La Colline Vineyard 2018";"Alheit La Colline Vineyard";"2018";"649.9";"0.75";"866.53";"White wine";"Glass";"13.5";"6.4187655"
"Vinmonopolet";"7865801";"Savage Dirt Track Cinsault 2018";"Savage Dirt Track Cinsault";"2018";"154.9";"0.75";"206.53";"RÃ¸dvin";"Glass";"13";"1.5887179"
"Vinmonopolet";"7865901";"Rall White 2018";"Rall White";"2018";"369.9";"0.75";"493.2";"White wine";"Glass";"13.5";"3.6533332"
"Vinmonopolet";"7866001";"Thorne & Daughters Rocking Horse 2018";"Thorne & Daughters Rocking Horse";"2018";"289.9";"0.75";"386.53";"White wine";"Glass";"13";"2.9733334"
"Vinmonopolet";"7866101";"Savage Follow the Line 2018";"Savage Follow the Line";"2018";"349.9";"0.75";"466.53";"RÃ¸dvin";"Glass";"13";"3.588718"
"Vinmonopolet";"7866401";"Tenuta Degli Dei Forcole Chianti Classico 2016";"Tenuta Degli Dei Forcole Chianti Classico";"2016";"219.2";"0.75";"292.27";"RÃ¸dvin";"Glass";"13.5";"2.1649382"
"Vinmonopolet";"7866501";"Bayanegra Tempranillo 2019";"Bayanegra Tempranillo";"2019";"93.4";"0.75";"124.53";"RÃ¸dvin";"Glass";"12";"1.0377778"
"Vinmonopolet";"7866606";"Sensawine Tempranillo Premier 2019";"Sensawine Tempranillo Premier";"2019";"374.6";"3";"124.87";"RÃ¸dvin";"Bag-in-box";"13";"0.9605128"
"Vinmonopolet";"7866901";"La Genisia Bonarda OltrepÃ² Pavese 2016";"La Genisia Bonarda OltrepÃ² Pavese";"2016";"115";"0.75";"153.33";"RÃ¸dvin";"Glass";"12.5";"1.2266667"
"Vinmonopolet";"7867001";"Agerre Txakoli 2018";"Agerre Txakoli";"2018";"179.7";"0.75";"239.6";"White wine";"Glass";"11";"2.178182"
"Vinmonopolet";"7867101";"San MartÃ­n Txakoli 2016";"San MartÃ­n Txakoli";"2016";"199.8";"0.75";"266.4";"White wine";"Glass";"11.5";"2.316522"
"Vinmonopolet";"7867201";"Ophalum Albarino 2018";"Ophalum Albarino";"2018";"179.6";"0.75";"239.47";"White wine";"Glass";"13";"1.8420514"
"Vinmonopolet";"7867301";"Follas Novas AlbariÃ±o 2016";"Follas Novas AlbariÃ±o";"2016";"189.6";"0.75";"252.8";"White wine";"Glass";"13.5";"1.8725927"
"Vinmonopolet";"7867501";"Chanzy Gevrey-Chambertin 1er Cru Combe aux Moines 2014";"Chanzy Gevrey-Chambertin 1er Cru Combe aux Moines";"2014";"950";"0.75";"1266.67";"RÃ¸dvin";"Glass";"13";"9.743589"
"Vinmonopolet";"7867601";"Chanzy Vosne-RomanÃ©e La Croix Blanche 2016";"Chanzy Vosne-RomanÃ©e La Croix Blanche";"2016";"790";"0.75";"1053.33";"RÃ¸dvin";"Glass";"13";"8.102564"
"Vinmonopolet";"7867801";"Chanzy Santenay 1er Cru GraviÃ¨res 2015";"Chanzy Santenay 1er Cru GraviÃ¨res";"2015";"590";"0.75";"786.67";"RÃ¸dvin";"Glass";"13";"6.051282"
"Vinmonopolet";"7869402";"Ãgir Ragnarok JubileumsÃ¸l 2017";"Ãgir Ragnarok JubileumsÃ¸l";"2017";"159.9";"0.33";"484.55";"Special";"Glass";"15";"3.2303028"
"Vinmonopolet";"7869602";"Haandbryggeriet HaandKvartett Quadrupel";"Haandbryggeriet HaandKvartett Quadrupel";"0";"69.2";"0.33";"209.7";"Trappist";"Glass";"8.5";"2.467023"
"Vinmonopolet";"7869702";"Haandbryggeriet Batch #1000";"Haandbryggeriet Batch #";"0";"71.6";"0.33";"216.97";"Special";"Glass";"10.4";"2.086247"
"Vinmonopolet";"7870001";"Prohibition Zinfandel 2018";"Prohibition Zinfandel";"2018";"165";"0.75";"220";"RÃ¸dvin";"Glass";"14";"1.5714285"
"Vinmonopolet";"7870106";"Prohibition Zinfandel 2018";"Prohibition Zinfandel";"2018";"519.9";"3";"173.3";"RÃ¸dvin";"Bag-in-box";"14";"1.2378572"
"Vinmonopolet";"7870201";"Winemaker's Secret Barrels Red Blend";"Winemaker's Secret Barrels Red Blend";"0";"149.9";"1";"149.9";"RÃ¸dvin";"Glass";"13.5";"1.1103703"
"Vinmonopolet";"7870301";"Nansen Aquavit";"Nansen Aquavit";"0";"439.9";"0.7";"628.43";"Aquavit";"Glass";"40";"1.5710714"
"Vinmonopolet";"7870402";"De Kuyper CrÃ¨me de Cassis";"De Kuyper CrÃ¨me de Cassis";"0";"199.9";"0.5";"399.8";"LikÃ¸r";"Glass";"15";"2.6653333"
"Vinmonopolet";"7870502";"De Kuyper CrÃ¨me de CafÃ©";"De Kuyper CrÃ¨me de CafÃ©";"0";"199.9";"0.5";"399.8";"LikÃ¸r";"Glass";"20";"1.999"
"Vinmonopolet";"7870901";"Dom. Roux Bourgogne PN La Moutonniere 2017";"Dom. Roux Bourgogne PN La Moutonniere";"2017";"246";"0.75";"328";"RÃ¸dvin";"Glass";"12.5";"2.624"
"Vinmonopolet";"7871101";"Joncier Lirac Le Classique 2013";"Joncier Lirac Le Classique";"2013";"164.7";"0.75";"219.6";"RÃ¸dvin";"Glass";"14.5";"1.5144827"
"Vinmonopolet";"7871401";"Dom. Roux Bourgogne Chardonnay Les Murelles 2018";"Dom. Roux Bourgogne Chardonnay Les Murelles";"2018";"229.9";"0.75";"306.53";"White wine";"Glass";"12.5";"2.4522667"
"Vinmonopolet";"7872001";"MoltÃ©s Pinot Noir Tradition 2018";"MoltÃ©s Pinot Noir Tradition";"2018";"170.5";"0.75";"227.33";"RÃ¸dvin";"Glass";"13";"1.7487179"
"Vinmonopolet";"7872105";"Chimay Trappist Red PremiÃ¨re";"Chimay Trappist Red PremiÃ¨re";"0";"319.9";"1.5";"213.27";"Trappist";"Glass";"7";"3.0466666"
"Vinmonopolet";"7872203";"Bareksten Rhubarb Bitter";"Bareksten Rhubarb Bitter";"0";"135";"0.1";"1350";"Bitter	";"Glass";"44";"3.0681818"
"Vinmonopolet";"7872303";"Bareksten Old Fashioned Bitter";"Bareksten Old Fashioned Bitter";"0";"135";"0.1";"1350";"Bitter	";"Glass";"44";"3.0681818"
"Vinmonopolet";"7872401";"Umberto Cesari CaÂ´Grande Romagna Sangiovese Superiore 2018";"Umberto Cesari CaÂ´Grande Romagna Sangiovese Superiore";"2018";"135";"0.75";"180";"RÃ¸dvin";"Glass";"12.5";"1.44"
"Vinmonopolet";"7872601";"Reynoble Garnacha 2015";"Reynoble Garnacha";"2015";"174.6";"0.75";"232.8";"RÃ¸dvin";"Glass";"13.5";"1.7244445"
"Vinmonopolet";"7872801";"Sister Isles Reserva Rhum";"Sister Isles Reserva Rhum";"0";"400";"0.7";"571.43";"Rum";"Glass";"40";"1.4285715"
"Vinmonopolet";"7872908";"SelskapsPack Bitter & Lakris (5x2cl)";"SelskapsPack Bitter & Lakris (5x2cl)";"0";"125";"0.1";"1250";"Other spirit";"Ãvrig";"35";"3.5714285"
"Vinmonopolet";"7873001";"MoltÃ¨s ZinnkoepflÃ© Riesling Grand Cru 2017";"MoltÃ¨s ZinnkoepflÃ© Riesling Grand Cru";"2017";"255.8";"0.75";"341.07";"White wine";"Glass";"14";"2.4361906"
"Vinmonopolet";"7873101";"MoltÃ¨s Riesling Tradition";"MoltÃ¨s Riesling Tradition";"0";"168";"0.75";"224";"White wine";"Glass";"13";"1.7230769"
"Vinmonopolet";"7873201";"MoltÃ¨s SonnenglaenzlÃ© Pinot Noir 2015";"MoltÃ¨s SonnenglaenzlÃ© Pinot Noir";"2015";"249.1";"0.75";"332.13";"RÃ¸dvin";"Glass";"13.5";"2.460247"
"Vinmonopolet";"7873301";"MoltÃ¨s Steinberg Gewurztraminer 2015";"MoltÃ¨s Steinberg Gewurztraminer";"2015";"196";"0.75";"261.33";"White wine";"Glass";"13";"2.0102565"
"Vinmonopolet";"7873701";"Lieu Dit Chenin Blanc";"Lieu Dit Chenin Blanc";"2017";"359";"0.75";"478.67";"White wine";"Glass";"12.7";"3.769029"
"Vinmonopolet";"7874602";"Kinn Invalidstaut";"Kinn Invalidstaut";"0";"65";"0.38";"173.33";"Porter and stout";"Glass";"9";"1.9005848"
"Vinmonopolet";"7875101";"Senesi Aretini Chianti";"Senesi Aretini Chianti";"2018";"150";"0.75";"200";"RÃ¸dvin";"Glass";"13";"1.5384616"
"Vinmonopolet";"7875601";"Viberti Giovanni Chardonnay 2017";"Viberti Giovanni Chardonnay";"2017";"239.9";"0.75";"319.87";"White wine";"Glass";"13.5";"2.3693826"
"Vinmonopolet";"7876002";"Amundsen Hopbliminal Messages New England IPA";"Amundsen Hopbliminal Messages New England IPA";"0";"51.9";"0.33";"151.21";"India pale ale";"Emballasje med pant";"5.3";"2.9674098"
"Vinmonopolet";"7878702";"InderÃ¸y Brenneri Juleaquavit 2019";"InderÃ¸y Brenneri Juleaquavit";"2019";"426.1";"0.5";"852.2";"Aquavit";"Glass";"40";"2.1305"
"Vinmonopolet";"7879001";"Dom. de la CÃ´te Sta. Rita Hills Pinot Noir 2016";"Dom. de la CÃ´te Sta. Rita Hills Pinot Noir";"2016";"479.9";"0.75";"639.87";"RÃ¸dvin";"Glass";"12.5";"5.118933"
"Vinmonopolet";"7879101";"Dom. de la CÃ´te Memorious Pinot Noir 2017";"Dom. de la CÃ´te Memorious Pinot Noir";"2017";"599.9";"0.75";"799.87";"RÃ¸dvin";"Glass";"13";"6.1528206"
"Vinmonopolet";"7879201";"Dom. de la CÃ´te Bloom's Field Pinot Noir 2017";"Dom. de la CÃ´te Bloom's Field Pinot Noir";"2017";"699.9";"0.75";"933.2";"RÃ¸dvin";"Glass";"12.5";"7.4656005"
"Vinmonopolet";"7879301";"La CÃ´te Pinot Noir 2017";"La CÃ´te Pinot Noir";"2017";"899.9";"0.75";"1199.87";"RÃ¸dvin";"Glass";"13";"9.229744"
"Vinmonopolet";"7879701";"PadrÃ³ & Co. Vermouth Blanco Reserva";"PadrÃ³ & Co. Vermouth Blanco Reserva";"0";"232";"0.75";"309.33";"Vermouth";"Glass";"18";"1.7185185"
"Vinmonopolet";"7879801";"PadrÃ³ & Co. Vermouth Rojo ClÃ¡sico";"PadrÃ³ & Co. Vermouth Rojo ClÃ¡sico";"0";"230";"0.75";"306.67";"Vermouth";"Glass";"18";"1.7037038"
"Vinmonopolet";"7880001";"Portal Frontaria Tinto 2014";"Portal Frontaria Tinto";"2014";"119.9";"0.75";"159.87";"RÃ¸dvin";"Glass";"13";"1.2297436"
"Vinmonopolet";"7880101";"Stekar Jankot 2017";"Stekar Jankot";"2017";"359";"0.75";"478.67";"White wine";"Glass";"13.5";"3.545679"
"Vinmonopolet";"7880201";"Stekar Pinot Draga 2013";"Stekar Pinot Draga";"2013";"375";"0.75";"500";"White wine";"Glass";"13.5";"3.7037036"
"Vinmonopolet";"7880301";"Stekar Izi 2018";"Stekar Izi";"2018";"244";"0.75";"325.33";"White wine";"Glass";"12";"2.711111"
"Vinmonopolet";"7880401";"Woodford Reserve Kentucky Straight Rye";"Woodford Reserve Kentucky Straight Rye";"0";"674.9";"0.7";"964.14";"Whisky";"Glass";"45.2";"2.1330595"
"Vinmonopolet";"7880502";"Sartori Recioto di Soave 2015";"Sartori Recioto di Soave";"2015";"239.9";"0.5";"479.8";"White wine";"Glass";"13";"3.6907692"
"Vinmonopolet";"7880601";"Schwedhelm Karlspfad Weissburgunder Trocken 2015";"Schwedhelm Karlspfad Weissburgunder Trocken";"2015";"189.9";"0.75";"253.2";"White wine";"Glass";"13";"1.9476923"
"Vinmonopolet";"7880901";"Ch. Musar 1980";"Ch. Musar";"1980";"1999.9";"0.75";"2666.53";"RÃ¸dvin";"Glass";"14";"19.046667"
"Vinmonopolet";"7881001";"Segni di Langa Nu 2018";"Segni di Langa Nu";"2018";"319";"1";"319";"RÃ¸dvin";"Glass";"13";"2.4538462"
"Vinmonopolet";"7881101";"Masottina Prosecco Brut";"Masottina Prosecco Brut";"0";"175";"0.75";"233.33";"Sparkling wine";"Glass";"11.5";"2.0289855"
"Vinmonopolet";"7881201";"Fernando de Castilla Vermut";"Fernando de Castilla Vermut";"0";"299.9";"0.75";"399.87";"Vermouth";"Glass";"17";"2.3521569"
"Vinmonopolet";"7881301";"Ascheri Barolo 2014";"Ascheri Barolo";"2014";"329.9";"0.75";"439.87";"RÃ¸dvin";"Glass";"14";"3.1419046"
"Vinmonopolet";"7881401";"Tamnavulin Speyside Single Malt Scotch Whisky";"Tamnavulin Speyside Single Malt Scotch Whisky";"0";"475";"0.7";"678.57";"Whisky";"Glass";"40";"1.6964287"
"Vinmonopolet";"7881701";"Lo-Fi Chenin Blanc 2016";"Lo-Fi Chenin Blanc";"2016";"219.8";"0.75";"293.07";"White wine";"Glass";"13.5";"2.1708643"
"Vinmonopolet";"7881801";"Lo-Fi Gamay Noir 2016";"Lo-Fi Gamay Noir";"2016";"219.8";"0.75";"293.07";"RÃ¸dvin";"Glass";"11.5";"2.548406"
"Vinmonopolet";"7881901";"Lo-Fi Chardonnay 2016";"Lo-Fi Chardonnay";"2016";"219.8";"0.75";"293.07";"White wine";"Glass";"13.7";"2.1391728"
"Vinmonopolet";"7882401";"Sandhi Sanford & Benedict Chardonnay 2017";"Sandhi Sanford & Benedict Chardonnay";"2017";"549.9";"0.75";"733.2";"White wine";"Glass";"12.5";"5.8656"
"Vinmonopolet";"7882701";"Sandhi Santa Barbara Chardonnay 2018";"Sandhi Santa Barbara Chardonnay";"2018";"269.9";"0.75";"359.87";"White wine";"Glass";"12.5";"2.8789332"
"Vinmonopolet";"7882801";"Pommard 1er Cru Les Pezerolles 2016";"Pommard 1er Cru Les Pezerolles";"2016";"739.9";"0.75";"986.53";"RÃ¸dvin";"Glass";"12.5";"7.8922668"
"Vinmonopolet";"7882901";"Heitz-Lochardet Meursault En la Barre 2017";"Heitz-Lochardet Meursault En la Barre";"2017";"579.9";"0.75";"773.2";"White wine";"Glass";"13";"5.9476924"
"Vinmonopolet";"7883001";"Volnay 1er Cru Taillepieds 2017";"Volnay 1er Cru Taillepieds";"2017";"789.9";"0.75";"1053.2";"RÃ¸dvin";"Glass";"12.5";"8.4256"
"Vinmonopolet";"7883201";"Dom. Heitz-Lochardet Chassagne-Montrachet 1er Cru La Maltroie 2017";"Dom. Heitz-Lochardet Chassagne-Montrachet 1er Cru La Maltroie";"2017";"689.9";"0.75";"919.87";"White wine";"Glass";"13";"7.0758977"
"Vinmonopolet";"7883801";"Hammeken Everyday Cava";"Hammeken Everyday Cava";"0";"139.9";"0.75";"186.53";"Sparkling wine";"Glass";"11.5";"1.622029"
"Vinmonopolet";"7884606";"Yankee Bag Zinfandel";"Yankee Bag Zinfandel";"0";"449.9";"3";"149.97";"RÃ¸dvin";"Bag-in-box";"13.5";"1.1108642"
"Vinmonopolet";"7885701";"Graham's Quinta dos Malvedos Vintage 2006";"Graham's Quinta dos Malvedos Vintage";"2006";"589.9";"0.75";"786.53";"Port wine";"Glass";"20";"3.9326668"
"Vinmonopolet";"7886001";"Forco Vini Barbera 2019";"Forco Vini Barbera";"2019";"134.9";"0.75";"179.87";"RÃ¸dvin";"Glass";"12.5";"1.4389333"
"Vinmonopolet";"7886401";"La Cave Brillante CrÃ©mant de Bordeaux";"La Cave Brillante CrÃ©mant de Bordeaux";"0";"159.9";"0.75";"213.2";"Sparkling wine";"Glass";"11.5";"1.853913"
"Vinmonopolet";"7886501";"Vignobles La Montagne CÃ´tes du RhÃ´ne 2016";"Vignobles La Montagne CÃ´tes du RhÃ´ne";"2016";"129.6";"0.75";"172.8";"RÃ¸dvin";"Glass";"14";"1.2342858"
"Vinmonopolet";"7886601";"Braastad Three Stars";"Braastad Three Stars";"0";"409.9";"0.7";"585.57";"Grape spirit";"Glass";"40";"1.4639286"
"Vinmonopolet";"7887801";"Louis Max Gevrey-Chambertin Vieilles Vignes 2015";"Louis Max Gevrey-Chambertin Vieilles Vignes";"2015";"490";"0.75";"653.33";"RÃ¸dvin";"Glass";"13";"5.025641"
"Vinmonopolet";"7888301";"Carmelo Rodero Pago de ValtarreÃ±a 2015";"Carmelo Rodero Pago de ValtarreÃ±a";"2015";"516.5";"0.75";"688.67";"RÃ¸dvin";"Glass";"14";"4.919048"
"Vinmonopolet";"7888501";"Piaggia Carmignano Riserva 2016";"Piaggia Carmignano Riserva";"2016";"445.1";"0.75";"593.47";"RÃ¸dvin";"Glass";"14.5";"4.0928736"
"Vinmonopolet";"7889201";"Armand Heitz Bourgogne AligotÃ© 2017";"Armand Heitz Bourgogne AligotÃ©";"2017";"269.9";"0.75";"359.87";"White wine";"Glass";"13";"2.7682052"
"Vinmonopolet";"7890001";"Zorah KarasÃ¬ 2015";"Zorah KarasÃ¬";"2015";"359";"0.75";"478.67";"RÃ¸dvin";"Glass";"13.5";"3.545679"
"Vinmonopolet";"7892801";"Gamla Nature Brut";"Gamla Nature Brut";"0";"229.9";"0.75";"306.53";"Sparkling wine";"Glass";"11.5";"2.665507"
"Vinmonopolet";"7893301";"Wildekrans Estate Shiraz 2014";"Wildekrans Estate Shiraz";"2014";"239.1";"0.75";"318.8";"RÃ¸dvin";"Glass";"14";"2.277143"
"Vinmonopolet";"7893401";"Wildekrans Estate Sauvignon Blanc 2016";"Wildekrans Estate Sauvignon Blanc";"2016";"228.9";"0.75";"305.2";"White wine";"Glass";"12.5";"2.4415998"
"Vinmonopolet";"7893501";"Rive di Santo Stefano Prosecco Valdobbiadene Superiore";"Rive di Santo Stefano Prosecco Valdobbiadene Superiore";"0";"174.9";"0.75";"233.2";"Sparkling wine";"Glass";"11.5";"2.027826"
"Vinmonopolet";"7894001";"Loxarel Ancestral a PÃ¨l";"Loxarel Ancestral a PÃ¨l";"0";"249.9";"0.75";"333.2";"Sparkling white wine";"Glass";"12";"2.7766666"
"Vinmonopolet";"7894101";"GarzÃ³n Tannat Reserve 2016";"GarzÃ³n Tannat Reserve";"2016";"209.9";"0.75";"279.87";"RÃ¸dvin";"Glass";"14.5";"1.9301149"
"Vinmonopolet";"7894201";"GarzÃ³n AlbariÃ±o Reserve 2017";"GarzÃ³n AlbariÃ±o Reserve";"2017";"235";"0.75";"313.33";"White wine";"Glass";"14";"2.2380953"
"Vinmonopolet";"7894301";"Palmina Nebbiolo Sisquoc 2010";"Palmina Nebbiolo Sisquoc";"2010";"329.9";"0.75";"439.87";"RÃ¸dvin";"Glass";"14.9";"2.9521253"
"Vinmonopolet";"7894602";"GrÃ¼nerlÃ¸kka Brygghus Chorongi Kaffestout";"GrÃ¼nerlÃ¸kka Brygghus Chorongi Kaffestout";"0";"62.1";"0.33";"188.18";"Porter and stout";"Glass";"8.5";"2.2139037"
"Vinmonopolet";"7894901";"Bod. La Garnacha de Mustiguillo 2016";"Bod. La Garnacha de Mustiguillo";"2016";"261.4";"0.75";"348.53";"RÃ¸dvin";"Glass";"14";"2.4895236"
"Vinmonopolet";"7897105";"Artadi Pagos Viejos 2009";"Artadi Pagos Viejos";"2009";"1725.4";"1.5";"1150.27";"RÃ¸dvin";"Glass";"14";"8.21619"
"Vinmonopolet";"7897507";"Franco Conterno Cascina Sciulun Langhe Nebbiolo 2015";"Franco Conterno Cascina Sciulun Langhe Nebbiolo";"2015";"4019";"9";"446.56";"RÃ¸dvin";"Glass";"14";"3.1896825"
"Vinmonopolet";"7898302";"Eiker Pale";"Eiker Pale";"0";"49.8";"0.33";"150.91";"Pale ale";"Glass";"5.5";"2.7438016"
"Vinmonopolet";"7898402";"Takara Nigori CrÃ¨me de Sake";"Takara Nigori CrÃ¨me de Sake";"0";"99.9";"0.3";"333";"Sake";"Glass";"15";"2.22"
"Vinmonopolet";"7898501";"Rock Ferry Trig Hill Pinot Gris 2015";"Rock Ferry Trig Hill Pinot Gris";"2015";"322.7";"0.75";"430.27";"White wine";"Glass";"14.6";"2.947032"
"Vinmonopolet";"7898601";"Damoiseau 5 Ans D`age";"Damoiseau 5 Ans D`age";"0";"530";"0.7";"757.14";"Rum";"Glass";"42";"1.8027211"
"Vinmonopolet";"7900201";"Ch. le Puy BarthÃ©lemy 2014";"Ch. le Puy BarthÃ©lemy";"2014";"899.8";"0.75";"1199.73";"RÃ¸dvin";"Glass";"13.5";"8.886913"
"Vinmonopolet";"7900301";"Reynaud Crozes Hermitage Les Croix Vieilles Vignes 2017";"Reynaud Crozes Hermitage Les Croix Vieilles Vignes";"2017";"318.9";"0.75";"425.2";"RÃ¸dvin";"Glass";"13";"3.2707691"
"Vinmonopolet";"7901001";"Bod. Atamisque Serbal Cabernet Franc 2015";"Bod. Atamisque Serbal Cabernet Franc";"2015";"277.1";"0.75";"369.47";"RÃ¸dvin";"Glass";"14.3";"2.583683"
"Vinmonopolet";"7901101";"Bod. Atamisque Serbal Pinot Noir 2018";"Bod. Atamisque Serbal Pinot Noir";"2018";"278.1";"0.75";"370.8";"RÃ¸dvin";"Glass";"14.5";"2.5572414"
"Vinmonopolet";"7901301";"Brora 34 YO 1982";"Brora 34 YO";"1982";"14999.9";"0.7";"21428.43";"Whisky";"Glass";"51.9";"41.287918"
"Vinmonopolet";"7901702";"Sotra Cognac Petite Champagne Single Cask";"Sotra Cognac Petite Champagne Single Cask";"0";"978";"0.5";"1956";"Grape spirit";"Glass";"40";"4.89"
"Vinmonopolet";"7901901";"SÃ©gla 2011";"SÃ©gla";"2011";"550";"0.75";"733.33";"RÃ¸dvin";"Glass";"13.5";"5.432099"
"Vinmonopolet";"7902001";"Croix Canon 2012";"Croix Canon";"2012";"539.9";"0.75";"719.87";"RÃ¸dvin";"Glass";"14";"5.141905"
"Vinmonopolet";"7902201";"Gran Passione 2019";"Gran Passione";"2019";"159.9";"0.75";"213.2";"RÃ¸dvin";"Glass";"14";"1.5228571"
"Vinmonopolet";"7902901";"Dom. du Dragon RosÃ© Grande CuvÃ©e 2018";"Dom. du Dragon RosÃ© Grande CuvÃ©e";"2018";"200.6";"0.75";"267.47";"RosÃ©vin";"Glass";"12.5";"2.1397333"
"Vinmonopolet";"7903001";"Cristian Senez Carte Verte Brut";"Cristian Senez Carte Verte Brut";"0";"340.4";"0.75";"453.87";"Champagne, brut";"Glass";"12";"3.7822223"
"Vinmonopolet";"7903301";"Sunday Drive Pinot Noir 2018";"Sunday Drive Pinot Noir";"2018";"150";"0.75";"200";"RÃ¸dvin";"Glass";"13.5";"1.4814814"
"Vinmonopolet";"7903701";"Sassy eplesider";"Sassy eplesider";"0";"98.9";"0.75";"131.87";"Cider";"Glass";"5.2";"2.5358975"
"Vinmonopolet";"7903801";"Fidora Valdobbiadene Prosecco Superiore 2016";"Fidora Valdobbiadene Prosecco Superiore";"2016";"199.9";"0.75";"266.53";"Sparkling wine";"Glass";"11";"2.4230301"
"Vinmonopolet";"7904601";"Montecillo EdiciÃ³n Limitada 2011";"Montecillo EdiciÃ³n Limitada";"2011";"249.9";"0.75";"333.2";"RÃ¸dvin";"Glass";"13.5";"2.468148"
"Vinmonopolet";"7904701";"Fidora Prosecco Brut";"Fidora Prosecco Brut";"0";"179.9";"0.75";"239.87";"Sparkling wine";"Glass";"11";"2.180606"
"Vinmonopolet";"7905201";"Riecine Chianti Classico 2017";"Riecine Chianti Classico";"2017";"265";"0.75";"353.33";"RÃ¸dvin";"Glass";"13.5";"2.617284"
"Vinmonopolet";"7905301";"Dom. du Dernier Bastion CÃ´tes du Roussillon Villages Prestige 2014";"Dom. du Dernier Bastion CÃ´tes du Roussillon Villages Prestige";"2014";"365.5";"0.75";"487.33";"RÃ¸dvin";"Glass";"13.5";"3.6098766"
"Vinmonopolet";"7905401";"Dom. du Dernier Bastion CÃ´tes du Roussillon Villages Tradition";"Dom. du Dernier Bastion CÃ´tes du Roussillon Villages Tradition";"0";"353.6";"0.75";"471.47";"RÃ¸dvin";"Glass";"13.5";"3.4923458"
"Vinmonopolet";"7905601";"Alta Alella Capsigrany Cava Brut Nature 2015";"Alta Alella Capsigrany Cava Brut Nature";"2015";"349.9";"0.75";"466.53";"Sparkling wine";"Glass";"12";"3.8877778"
"Vinmonopolet";"7905701";"Dom. du Dernier Bastion Maury Sec Perles Noires";"Dom. du Dernier Bastion Maury Sec Perles Noires";"0";"367.3";"0.75";"489.73";"RÃ¸dvin";"Glass";"14.5";"3.3774712"
"Vinmonopolet";"7905801";"Dom. du Dernier Bastion Muscat de Rivesaltes Parure d Opale";"Dom. du Dernier Bastion Muscat de Rivesaltes Parure d Opale";"0";"369";"0.75";"492";"Fortified wine";"Glass";"15.5";"3.1741936"
"Vinmonopolet";"7906301";"Muscadet SÃ¨vre et Maine sur lie Vieilles Vignes 2018";"Muscadet SÃ¨vre et Maine sur lie Vieilles Vignes";"2018";"179.6";"0.75";"239.47";"White wine";"Glass";"12";"1.9955556"
"Vinmonopolet";"7906401";"Borgogno Langhe Rosso Pinin 2016";"Borgogno Langhe Rosso Pinin";"2016";"219.9";"0.75";"293.2";"RÃ¸dvin";"Glass";"13.5";"2.1718519"
"Vinmonopolet";"7906501";"Trenz Blanc de Noirs 2017";"Trenz Blanc de Noirs";"2017";"225";"0.75";"300";"White wine";"Glass";"11";"2.7272727"
"Vinmonopolet";"7907102";"Northern Monk Heathen India Pale Ale";"Northern Monk Heathen India Pale Ale";"0";"75.9";"0.44";"167.95";"India pale ale";"Emballasje med pant";"7.2";"2.3958335"
"Vinmonopolet";"7907202";"Northern Monk Faith Modern Pale Ale";"Northern Monk Faith Modern Pale Ale";"0";"65.9";"0.44";"145.23";"Pale ale";"Emballasje med pant";"5.4";"2.773569"
"Vinmonopolet";"7908601";"Bouchard MonthÃ©lie 2017";"Bouchard MonthÃ©lie";"2017";"394.9";"0.75";"526.53";"RÃ¸dvin";"Glass";"13";"4.0502563"
"Vinmonopolet";"7908701";"Bolla Prosecco";"Bolla Prosecco";"0";"159.5";"0.75";"212.67";"Sparkling wine";"Glass";"11";"1.9333333"
"Vinmonopolet";"7909301";"Heisser Hirsch GlÃ¼hwein Weiss";"Heisser Hirsch GlÃ¼hwein Weiss";"0";"99.9";"0.75";"133.2";"Flavoured wine	";"Glass";"10";"1.332"
"Vinmonopolet";"7909601";"Lacheteau Cremant de Loire Brut";"Lacheteau Cremant de Loire Brut";"0";"144.9";"0.75";"193.2";"Sparkling wine";"Glass";"12";"1.6099999"
"Vinmonopolet";"7909705";"Lacheteau Cremant de Loire Brut";"Lacheteau Cremant de Loire Brut";"0";"299.9";"1.5";"199.93";"Sparkling wine";"Glass";"12";"1.6661111"
"Vinmonopolet";"7909805";"Fusser Blanc de Pinot Noir 2018";"Fusser Blanc de Pinot Noir";"2018";"359.9";"1.5";"239.93";"White wine";"Glass";"11.5";"2.0863767"
"Vinmonopolet";"7909901";"Louis de Vernier Organic Brut";"Louis de Vernier Organic Brut";"2017";"154.9";"0.75";"206.53";"Sparkling wine";"Glass";"11.5";"1.795942"
"Vinmonopolet";"7910101";"Storm San Sebastiano Pinot Noir 2018";"Storm San Sebastiano Pinot Noir";"2018";"549.9";"0.75";"733.2";"RÃ¸dvin";"Glass";"12.5";"5.8656"
"Vinmonopolet";"7910201";"Masia Salat Organic Brut Nature";"Masia Salat Organic Brut Nature";"0";"139.9";"0.75";"186.53";"Sparkling wine";"Glass";"11.5";"1.622029"
"Vinmonopolet";"7910301";"KarthÃ¤userhofberg Riesling SpÃ¤tlese 2018";"KarthÃ¤userhofberg Riesling SpÃ¤tlese";"2018";"319.9";"0.75";"426.53";"White wine";"Glass";"8";"5.3316665"
"Vinmonopolet";"7910502";"Ringnes JuleÃ¸l";"Ringnes JuleÃ¸l";"0";"42";"0.33";"127.27";"MÃ¸rk lager";"Glass";"6.3";"2.020202"
"Vinmonopolet";"7910802";"To Ãl Sur Sorachi Ace";"To Ãl Sur Sorachi Ace";"0";"65.2";"0.33";"197.58";"India pale ale";"Glass";"6";"3.292929"
"Vinmonopolet";"7910901";"Damoiseau Rhum Vieux Agricole XO";"Damoiseau Rhum Vieux Agricole XO";"0";"640.2";"0.7";"914.57";"Rum";"Glass";"42";"2.177551"
"Vinmonopolet";"7911001";"Dom. Alain Voge St. Peray Ongrie";"Dom. Alain Voge St. Peray Ongrie";"2017";"359";"0.75";"478.67";"White wine";"Glass";"13.5";"3.545679"
"Vinmonopolet";"7911101";"Dom. Alain Voge Les Bulles d'Alain 2012";"Dom. Alain Voge Les Bulles d'Alain";"2012";"295.8";"0.75";"394.4";"Sparkling wine";"Glass";"12";"3.2866666"
"Vinmonopolet";"7911201";"Dom. Alain Voge St. Joseph Les CÃ´tes 2017";"Dom. Alain Voge St. Joseph Les CÃ´tes";"2017";"369";"0.75";"492";"RÃ¸dvin";"Glass";"14";"3.5142858"
"Vinmonopolet";"7911301";"Pablo HÃ¶cht Sablet 2015";"Pablo HÃ¶cht Sablet";"2015";"239";"0.75";"318.67";"RÃ¸dvin";"Glass";"14.5";"2.1977012"
"Vinmonopolet";"7911501";"Roagna Langhe Bianco";"Roagna Langhe Bianco";"2017";"299.9";"0.75";"399.87";"White wine";"Glass";"13";"3.0758975"
"Vinmonopolet";"7911605";"Ãtienne Calsac L Ã©chappÃ©e Belle Brut";"Ãtienne Calsac L Ã©chappÃ©e Belle Brut";"0";"864.2";"1.5";"576.13";"Champagne, brut";"Glass";"12";"4.801111"
"Vinmonopolet";"7911907";"Cristian Senez Carte Verte Brut";"Cristian Senez Carte Verte Brut";"0";"10999.9";"15";"733.33";"Champagne, brut";"Glass";"12";"6.111056"
"Vinmonopolet";"7912001";"Silver Oak Alexander Valley Cabernet Sauvignon 2013";"Silver Oak Alexander Valley Cabernet Sauvignon";"2013";"768.9";"0.75";"1025.2";"RÃ¸dvin";"Glass";"13.8";"7.4289856"
"Vinmonopolet";"7912101";"Egon Schmitt SpÃ¤tburgunder Rotwein Trocken 2017";"Egon Schmitt SpÃ¤tburgunder Rotwein Trocken";"2017";"225";"0.75";"300";"RÃ¸dvin";"Glass";"13";"2.3076923"
"Vinmonopolet";"7912201";"Egon Schmitt Weisser Burgunder Trocken 2018";"Egon Schmitt Weisser Burgunder Trocken";"2018";"185";"0.75";"246.67";"White wine";"Glass";"12";"2.0555556"
"Vinmonopolet";"7912301";"Egon Schmitt Drei Steine Riesling Tr. 2019";"Egon Schmitt Drei Steine Riesling Tr.";"2019";"169.9";"0.75";"226.53";"White wine";"Glass";"12";"1.8877777"
"Vinmonopolet";"7912401";"Xavier Schneider Muscat 2012";"Xavier Schneider Muscat";"2012";"265";"0.75";"353.33";"White wine";"Glass";"12";"2.9444444"
"Vinmonopolet";"7912605";"Conde Valdemar Reserva 2005";"Conde Valdemar Reserva";"2005";"459.9";"1.5";"306.6";"RÃ¸dvin";"Glass";"13.5";"2.271111"
"Vinmonopolet";"7912701";"Conde Valdemar Gran Reserva 2001";"Conde Valdemar Gran Reserva";"2001";"379.9";"0.75";"506.53";"RÃ¸dvin";"Glass";"13.5";"3.7520988"
"Vinmonopolet";"7912804";"Luxardo Kirsch";"Luxardo Kirsch";"0";"165.9";"0.2";"829.5";"Fruit spirit";"Glass";"40";"2.0737498"
"Vinmonopolet";"7912901";"Xavier Schneider CrÃ©mant d'Alsace Brut";"Xavier Schneider CrÃ©mant d'Alsace Brut";"0";"327";"0.75";"436";"Sparkling wine";"Glass";"12";"3.6333334"
"Vinmonopolet";"7913101";"Xavier Schneider Sylvaner 2012";"Xavier Schneider Sylvaner";"2012";"255";"0.75";"340";"White wine";"Glass";"12.5";"2.72"
"Vinmonopolet";"7913201";"Xavier Schneider Pinot Blanc 2013";"Xavier Schneider Pinot Blanc";"2013";"260.4";"0.75";"347.2";"White wine";"Glass";"12.5";"2.7776"
"Vinmonopolet";"7913301";"Dom. du Dernier Bastion Maury Premier Printemps 2013";"Dom. du Dernier Bastion Maury Premier Printemps";"2013";"389.7";"0.75";"519.6";"Fortified wine";"Glass";"15.5";"3.3522582"
"Vinmonopolet";"7913501";"Valiano Poggio Teo Chianti Classico Vendemmia 2015";"Valiano Poggio Teo Chianti Classico Vendemmia";"2015";"249.9";"0.75";"333.2";"RÃ¸dvin";"Glass";"13.5";"2.468148"
"Vinmonopolet";"7913901";"Gordon & MacPhail Allt-a-Bhainne Connoisseurs Choice 1996";"Gordon & MacPhail Allt-a-Bhainne Connoisseurs Choice";"1996";"2455";"0.7";"3507.14";"Whisky";"Glass";"46";"7.6242237"
"Vinmonopolet";"7914001";"Platino Blue Moscato";"Platino Blue Moscato";"0";"109.9";"0.75";"146.53";"Flavoured wine	";"Glass";"7";"2.0933332"
"Vinmonopolet";"7914201";"Gordon & MacPhail Auchroisk Connoisseurs Choice 2005";"Gordon & MacPhail Auchroisk Connoisseurs Choice";"2005";"1312.6";"0.7";"1875.14";"Whisky";"Glass";"46";"4.0763974"
"Vinmonopolet";"7914601";"Gordon & MacPhail Tomatin Cask Strength 2007";"Gordon & MacPhail Tomatin Cask Strength";"2007";"1576.3";"0.7";"2251.86";"Whisky";"Glass";"58.5";"3.8493285"
"Vinmonopolet";"7914701";"Benromach Peat Smoke 2008";"Benromach Peat Smoke";"2008";"1309.8";"0.7";"1871.14";"Whisky";"Glass";"46";"4.0677023"
"Vinmonopolet";"7914901";"Normindia Distilled Gin";"Normindia Distilled Gin";"0";"425";"0.7";"607.14";"Gin";"Glass";"41.4";"1.4665287"
"Vinmonopolet";"7915001";"Gordon & MacPhail Ledaig Cask Strength";"Gordon & MacPhail Ledaig Cask Strength";"2004";"1517.2";"0.7";"2167.43";"Whisky";"Glass";"55.5";"3.9052765"
"Vinmonopolet";"7915101";"Santero DilÃ© Supreme";"Santero DilÃ© Supreme";"0";"199";"0.75";"265.33";"RÃ¸dvin";"Glass";"14";"1.895238"
"Vinmonopolet";"7915201";"Pablo Claro Tempranillo 2017";"Pablo Claro Tempranillo";"2017";"117";"0.75";"156";"RÃ¸dvin";"Glass";"14";"1.1142857"
"Vinmonopolet";"7915301";"Pablo Claro Cabernet Sauvignon Graciano Special Selection 2018";"Pablo Claro Cabernet Sauvignon Graciano Special Selection";"2018";"175";"0.75";"233.33";"RÃ¸dvin";"Glass";"13.5";"1.7283951"
"Vinmonopolet";"7915401";"Tissot Macvin Blanc";"Tissot Macvin Blanc";"0";"409.9";"0.75";"546.53";"Fortified wine";"Glass";"17";"3.214902"
"Vinmonopolet";"7915505";"Valpantena Amarone";"Valpantena Amarone";"2016";"519.9";"1.5";"346.6";"RÃ¸dvin";"Glass";"15";"2.3106668"
"Vinmonopolet";"7915701";"XimÃ©nes-SpÃ­nola Brandy Diez Mil 1948";"XimÃ©nes-SpÃ­nola Brandy Diez Mil";"1948";"996";"0.7";"1422.86";"Grape spirit";"Glass";"40";"3.557143"
"Vinmonopolet";"7915801";"XimÃ©nes-SpÃ­nola Fermentacion Lenta 2017";"XimÃ©nes-SpÃ­nola Fermentacion Lenta";"2017";"380.2";"0.75";"506.93";"White wine";"Glass";"14";"3.6209526"
"Vinmonopolet";"7915901";"Duval-Leroy Femme de Champagne Brut Grand Cru";"Duval-Leroy Femme de Champagne Brut Grand Cru";"0";"990";"0.75";"1320";"Champagne, brut";"Glass";"12";"11"
"Vinmonopolet";"7916001";"Aune Lohmann Tinto 2016";"Aune Lohmann Tinto";"2016";"159.9";"0.75";"213.2";"RÃ¸dvin";"Glass";"13";"1.64"
"Vinmonopolet";"7916101";"Aune Lohmann Touriga Nacional 2017";"Aune Lohmann Touriga Nacional";"2017";"169.9";"0.75";"226.53";"RÃ¸dvin";"Glass";"13.5";"1.6780246"
"Vinmonopolet";"7916701";"Berton Vineyard Reserve Coonawarra 2016";"Berton Vineyard Reserve Coonawarra";"2016";"250";"0.75";"333.33";"RÃ¸dvin";"Glass";"14.5";"2.2988505"
"Vinmonopolet";"7916801";"Assoluto Montepulciano d'Abruzzo 2017";"Assoluto Montepulciano d'Abruzzo";"2017";"159";"0.75";"212";"RÃ¸dvin";"Glass";"13";"1.6307693"
"Vinmonopolet";"7916901";"De Ranke Hop Harvest 2018";"De Ranke Hop Harvest";"2018";"119.9";"0.75";"159.87";"Light ale";"Glass";"6";"2.6644444"
"Vinmonopolet";"7917001";"De Ranke XXX Bitter";"De Ranke XXX Bitter";"0";"114.9";"0.75";"153.2";"Light ale";"Glass";"5.5";"2.7854545"
"Vinmonopolet";"7918201";"Ch. Bel-Air 2017";"Ch. Bel-Air";"2017";"200";"0.75";"266.67";"RÃ¸dvin";"Glass";"14";"1.9047619"
"Vinmonopolet";"7918302";"AttÃ¥t likÃ¸r av moreller";"AttÃ¥t likÃ¸r av moreller";"2019";"314.7";"0.5";"629.4";"LikÃ¸r";"Glass";"21";"2.997143"
"Vinmonopolet";"7918402";"AttÃ¥t solbÃ¦rlikÃ¸r";"AttÃ¥t solbÃ¦rlikÃ¸r";"2019";"314.7";"0.5";"629.4";"LikÃ¸r";"Glass";"21";"2.997143"
"Vinmonopolet";"7918504";"Larsen Very Special Vikings'";"Larsen Very Special Vikings'";"0";"139.9";"0.2";"699.5";"Grape spirit";"Plast";"40";"1.7487499"
"Vinmonopolet";"7919501";"Grillo Iole Schioppettino di Prepotto 2015";"Grillo Iole Schioppettino di Prepotto";"2015";"199.9";"0.75";"266.53";"RÃ¸dvin";"Glass";"14";"1.9038094"
"Vinmonopolet";"7919601";"Sanger Terroir Natal Blanc de Blancs Grand Cru";"Sanger Terroir Natal Blanc de Blancs Grand Cru";"0";"349.9";"0.75";"466.53";"Champagne, brut";"Glass";"12";"3.8877778"
"Vinmonopolet";"7919702";"Rebelse Strop Fier Gents Bier";"Rebelse Strop Fier Gents Bier";"0";"59.5";"0.33";"180.3";"Light ale";"Glass";"6.9";"2.6130872"
"Vinmonopolet";"7919801";"ColomÃ© AutÃ©ntico Malbec 2018";"ColomÃ© AutÃ©ntico Malbec";"2018";"399.9";"0.75";"533.2";"RÃ¸dvin";"Glass";"14.5";"3.6772413"
"Vinmonopolet";"7919901";"Walldorf SpÃ¤tburgunder Saulheim 2015";"Walldorf SpÃ¤tburgunder Saulheim";"2015";"395";"0.75";"526.67";"RÃ¸dvin";"Glass";"13";"4.051282"
"Vinmonopolet";"7920001";"Walldorf Weissburgunder Trocken 2016";"Walldorf Weissburgunder Trocken";"2016";"205";"0.75";"273.33";"White wine";"Glass";"12.5";"2.1866667"
"Vinmonopolet";"7920005";"Walldorf Weissburgunder Trocken 2017";"Walldorf Weissburgunder Trocken";"2017";"515";"1.5";"343.33";"White wine";"Glass";"12.5";"2.7466667"
"Vinmonopolet";"7920101";"Bottega Vermouth Bianco";"Bottega Vermouth Bianco";"0";"264.9";"0.75";"353.2";"Vermouth";"Glass";"16";"2.2075"
"Vinmonopolet";"7920201";"Bolla Le Poiane Amarone della Valpolicella 2015";"Bolla Le Poiane Amarone della Valpolicella";"2015";"399.9";"0.75";"533.2";"RÃ¸dvin";"Glass";"15";"3.5546665"
"Vinmonopolet";"7920305";"Matsu El Viejo 2015";"Matsu El Viejo";"2015";"760.3";"1.5";"506.87";"RÃ¸dvin";"Glass";"15";"3.379111"
"Vinmonopolet";"7920401";"Marti Serda El Xitxarel-lo 2016";"Marti Serda El Xitxarel-lo";"2016";"199.7";"0.75";"266.27";"White wine";"Glass";"12";"2.2188888"
"Vinmonopolet";"7920501";"Walldorf Hannes Brut Nature 2014";"Walldorf Hannes Brut Nature";"2014";"320";"0.75";"426.67";"Sparkling wine";"Glass";"12";"3.5555556"
"Vinmonopolet";"7920601";"Walldorf Riesling Trocken 2018";"Walldorf Riesling Trocken";"2018";"199.9";"0.75";"266.53";"White wine";"Glass";"11.5";"2.317681"
"Vinmonopolet";"7920605";"Walldorf Riesling Trocken 2017";"Walldorf Riesling Trocken";"2017";"510";"1.5";"340";"White wine";"Glass";"11.5";"2.9565217"
"Vinmonopolet";"7920701";"Walldorf Saulheimer Riesling Trocken 2015";"Walldorf Saulheimer Riesling Trocken";"2015";"275";"0.75";"366.67";"White wine";"Glass";"13.5";"2.7160494"
"Vinmonopolet";"7921601";"Ch. Dudon Reserve de la Cave 2004";"Ch. Dudon Reserve de la Cave";"2004";"200";"0.75";"266.67";"RÃ¸dvin";"Glass";"13";"2.0512822"
"Vinmonopolet";"7921701";"Marco Pontarelli Governo Toscana 2016";"Marco Pontarelli Governo Toscana";"2016";"159.9";"0.75";"213.2";"RÃ¸dvin";"Glass";"13.5";"1.5792592"
"Vinmonopolet";"7921801";"Bivrost JÃ³lablÃ³t Aquavit";"Bivrost JÃ³lablÃ³t Aquavit";"2019";"559.9";"0.7";"799.86";"Aquavit";"Glass";"40";"1.999643"
"Vinmonopolet";"7922301";"Green Soul Riesling";"Green Soul Riesling";"2016";"179.9";"0.75";"239.87";"White wine";"Glass";"11";"2.180606"
"Vinmonopolet";"7922601";"Valle Reale Vigneto SantâEusanio Montepulciano d'Abruzzo 2015";"Valle Reale Vigneto SantâEusanio Montepulciano d'Abruzzo";"2015";"264.9";"0.75";"353.2";"RÃ¸dvin";"Glass";"12.5";"2.8256"
"Vinmonopolet";"7922701";"Maria Rigol Ordi Gran Reserva 2011";"Maria Rigol Ordi Gran Reserva";"2011";"234.8";"0.75";"313.07";"Sparkling wine";"Glass";"11.5";"2.722319"
"Vinmonopolet";"7922901";"ViÃ±a Elena Paraje Las Chozas 2016";"ViÃ±a Elena Paraje Las Chozas";"2016";"197.7";"0.75";"263.6";"RÃ¸dvin";"Glass";"14.5";"1.817931"
"Vinmonopolet";"7923001";"Galena Crossos Priorat 2015";"Galena Crossos Priorat";"2015";"239.8";"0.75";"319.73";"RÃ¸dvin";"Glass";"14.5";"2.2050574"
"Vinmonopolet";"7923201";"Maria Rigol Ordi Reserva Brut Nature 2012";"Maria Rigol Ordi Reserva Brut Nature";"2012";"199.8";"0.75";"266.4";"Sparkling wine";"Glass";"11.5";"2.316522"
"Vinmonopolet";"7923701";"Riecine di Riecine 2014";"Riecine di Riecine";"2014";"549";"0.75";"732";"RÃ¸dvin";"Glass";"13";"5.6307693"
"Vinmonopolet";"7924001";"True North Riesling Trocken";"True North Riesling Trocken";"0";"135";"0.75";"180";"White wine";"Glass";"12";"1.5"
"Vinmonopolet";"7924006";"True North Riesling Trocken";"True North Riesling Trocken";"0";"415";"3";"138.33";"White wine";"Bag-in-box";"11.5";"1.2028985"
"Vinmonopolet";"7924107";"Ine Mankai";"Ine Mankai";"0";"1020";"1.8";"566.67";"Sake";"Glass";"14";"4.0476193"
"Vinmonopolet";"7924207";"Furosen Nakagumi";"Furosen Nakagumi";"0";"1100";"1.8";"611.11";"Sake";"Glass";"17";"3.5947714"
"Vinmonopolet";"7924307";"Kizan";"Kizan";"0";"769.9";"1.8";"427.72";"Sake";"Glass";"15";"2.8514817"
"Vinmonopolet";"7924405";"Foradori Teroldego Morei 2018";"Foradori Teroldego Morei";"2018";"850";"1.5";"566.67";"RÃ¸dvin";"Glass";"12.5";"4.5333333"
"Vinmonopolet";"7924506";"Leiner Monolith Riesling Trocken 2017";"Leiner Monolith Riesling Trocken";"2017";"550";"3";"183.33";"White wine";"Bag-in-box";"12";"1.5277778"
"Vinmonopolet";"7924605";"Foradori Teroldego Sgarzon 2015";"Foradori Teroldego Sgarzon";"2015";"850";"1.5";"566.67";"RÃ¸dvin";"Glass";"12.5";"4.5333333"
"Vinmonopolet";"7924701";"Hanatomoe";"Hanatomoe";"2016";"379.9";"0.72";"527.64";"Sake";"Glass";"16";"3.2977428"
"Vinmonopolet";"7924901";"Shizenmei Sparkling";"Shizenmei Sparkling";"2017";"390";"0.72";"541.67";"Sake";"Glass";"14";"3.8690474"
"Vinmonopolet";"7925001";"Nabeshima Ginjo";"Nabeshima Ginjo";"2016";"610";"0.72";"847.22";"Sake";"Glass";"16";"5.295139"
"Vinmonopolet";"7925101";"Kizan";"Kizan";"2016";"379.9";"0.72";"527.64";"Sake";"Glass";"15";"3.5175924"
"Vinmonopolet";"7925207";"Kokoro";"Kokoro";"0";"720";"1.8";"400";"Sake";"Glass";"17";"2.3529413"
"Vinmonopolet";"7925307";"Tamagawa Yamahai";"Tamagawa Yamahai";"2017";"1000";"1.8";"555.56";"Sake";"Glass";"20";"2.777778"
"Vinmonopolet";"7925401";"Nigori Umeshu";"Nigori Umeshu";"0";"450";"0.72";"625";"Sake";"Glass";"10";"6.2499995"
"Vinmonopolet";"7925507";"Terada Honke Katori 90 Namagen";"Terada Honke Katori 90 Namagen";"2017";"929.9";"1.8";"516.61";"Sake";"Glass";"19";"2.719006"
"Vinmonopolet";"7925607";"Yanwari";"Yanwari";"2015";"770";"1.8";"427.78";"Sake";"Glass";"12";"3.5648148"
"Vinmonopolet";"7925701";"Tamagawa Kimoto";"Tamagawa Kimoto";"2013";"555";"0.72";"770.83";"Sake";"Glass";"15";"5.138889"
"Vinmonopolet";"7925807";"Suppai Umeshu";"Suppai Umeshu";"0";"720";"1.8";"400";"Sake";"Glass";"11";"3.6363637"
"Vinmonopolet";"7925907";"Soma no Tengu";"Soma no Tengu";"0";"1030.1";"1.8";"572.28";"Sake";"Glass";"17";"3.36634"
"Vinmonopolet";"7926001";"Bottega Vermouth Rosso";"Bottega Vermouth Rosso";"0";"264.9";"0.75";"353.2";"Vermouth";"Glass";"16";"2.2075"
"Vinmonopolet";"7926101";"Louis Cotes du Rhone Villages 2015";"Louis Cotes du Rhone Villages";"2015";"159.1";"0.75";"212.13";"RÃ¸dvin";"Glass";"14";"1.5152382"
"Vinmonopolet";"7926201";"NavalÃ³n Anciano Crianza Tempranillo";"NavalÃ³n Anciano Crianza Tempranillo";"2014";"139.9";"0.75";"186.53";"RÃ¸dvin";"Glass";"13";"1.4348717"
"Vinmonopolet";"7926301";"Dom. Alain Voge Les Chailles 2017";"Dom. Alain Voge Les Chailles";"2017";"439";"0.75";"585.33";"RÃ¸dvin";"Glass";"14";"4.1809525"
"Vinmonopolet";"7926401";"Mannen fra havet 2016";"Mannen fra havet";"2016";"179.9";"0.75";"239.87";"RÃ¸dvin";"Glass";"13";"1.8451282"
"Vinmonopolet";"7926502";"Morello 2017";"Morello";"2017";"362";"0.5";"724";"Other spirit";"Glass";"24.5";"2.955102"
"Vinmonopolet";"7926601";"Black Tower Ice Sparkling RosÃ©";"Black Tower Ice Sparkling RosÃ©";"0";"119.9";"0.75";"159.87";"Musserende vin, rosÃ©";"Glass";"11.5";"1.390145"
"Vinmonopolet";"7926701";"Bosio Leda the Truffle Hunter Barolo";"Bosio Leda the Truffle Hunter Barolo";"2015";"315";"0.75";"420";"RÃ¸dvin";"Glass";"14";"3"
"Vinmonopolet";"7926801";"Bosio Leda the Truffle Hunter Barbaresco";"Bosio Leda the Truffle Hunter Barbaresco";"2015";"299.9";"0.75";"399.87";"RÃ¸dvin";"Glass";"14";"2.8561904"
"Vinmonopolet";"7926906";"Giovanni Rosso Barbera Piemonte 2018";"Giovanni Rosso Barbera Piemonte";"2018";"515";"3";"171.67";"RÃ¸dvin";"Bag-in-box";"13.5";"1.2716049"
"Vinmonopolet";"7927002";"Hardanger Akevitt 2017";"Hardanger Akevitt";"2017";"395.3";"0.5";"790.6";"Aquavit";"Glass";"41.9";"1.8868734"
"Vinmonopolet";"7927101";"Liefmans GlÃ¼hkriek";"Liefmans GlÃ¼hkriek";"0";"129.8";"0.75";"173.07";"Special";"Glass";"6";"2.8844445"
"Vinmonopolet";"7927307";"Fratelli Giacosa Basarin Barbaresco 2016";"Fratelli Giacosa Basarin Barbaresco";"2016";"1200";"3";"400";"RÃ¸dvin";"Glass";"14.5";"2.7586207"
"Vinmonopolet";"7927401";"Allendorf Sakrileg Riesling Trocken 2014";"Allendorf Sakrileg Riesling Trocken";"2014";"389.8";"0.75";"519.73";"White wine";"Glass";"13";"3.9979486"
"Vinmonopolet";"7927501";"Ch. Caronne Ste Gemme 2014";"Ch. Caronne Ste Gemme";"2014";"268";"0.75";"357.33";"RÃ¸dvin";"Glass";"12.5";"2.8586667"
"Vinmonopolet";"7927606";"Gato Negro 9 Lives Reserve";"Gato Negro 9 Lives Reserve";"2018";"474.9";"3";"158.3";"RÃ¸dvin";"Bag-in-box";"13.5";"1.1725925"
"Vinmonopolet";"7927701";"Bod. Barahonda Monastrell-Merlot 2018";"Bod. Barahonda Monastrell-Merlot";"2018";"149.9";"0.75";"199.87";"RÃ¸dvin";"Glass";"14.5";"1.3783908"
"Vinmonopolet";"7927801";"Von Buhl Reserve Brut";"Von Buhl Reserve Brut";"0";"299.9";"0.75";"399.87";"Sparkling wine";"Glass";"12.5";"3.1989334"
"Vinmonopolet";"7927901";"Aune Lohmann Branco 2017";"Aune Lohmann Branco";"2017";"159.9";"0.75";"213.2";"White wine";"Glass";"13";"1.64"
"Vinmonopolet";"7928002";"HÃ¸yfjellsakevitt";"HÃ¸yfjellsakevitt";"0";"369.9";"0.5";"739.8";"Aquavit";"Glass";"40";"1.8495"
"Vinmonopolet";"7928302";"Slogen Porter";"Slogen Porter";"0";"75.5";"0.5";"151";"Porter and stout";"Glass";"6.8";"2.2205882"
"Vinmonopolet";"7928601";"Grande Alberone La Forza";"Grande Alberone La Forza";"0";"139.9";"0.75";"186.53";"RÃ¸dvin";"Glass";"13.5";"1.3817283"
"Vinmonopolet";"7928701";"Marchesi di Barolo Langhe Rosso 2017";"Marchesi di Barolo Langhe Rosso";"2017";"169.9";"0.75";"226.53";"RÃ¸dvin";"Glass";"13";"1.7425641"
"Vinmonopolet";"7929001";"Fidora Moscato Spumante";"Fidora Moscato Spumante";"0";"169.8";"0.75";"226.4";"Sparkling wine";"Glass";"10";"2.264"
"Vinmonopolet";"7929301";"Fontanafredda Contessa Rosa Alta Langa 2012";"Fontanafredda Contessa Rosa Alta Langa";"2012";"329.9";"0.75";"439.87";"Musserende vin, rosÃ©";"Glass";"12";"3.6655555"
"Vinmonopolet";"7929501";"Kookla Vodka";"Kookla Vodka";"0";"539.5";"0.7";"770.71";"Vodka";"Glass";"40";"1.9267857"
"Vinmonopolet";"7930301";"Dom. de la MordorÃ©e Lirac La Dame Rousse 2016";"Dom. de la MordorÃ©e Lirac La Dame Rousse";"2016";"449.9";"0.75";"599.87";"RÃ¸dvin";"Glass";"14.5";"4.1370115"
"Vinmonopolet";"7930701";"Coopers Choice Glentauchers No 9882";"Coopers Choice Glentauchers No";"2009";"899";"0.7";"1284.29";"Whisky";"Glass";"46";"2.7919254"
"Vinmonopolet";"7930901";"Coopers Choice North British No 304";"Coopers Choice North British No 304";"1991";"1180";"0.7";"1685.71";"Whisky";"Glass";"42.5";"3.9663866"
"Vinmonopolet";"7931401";"Trollveggen Romsdalsakevitt";"Trollveggen Romsdalsakevitt";"0";"474.9";"0.7";"678.43";"Aquavit";"Glass";"41.5";"1.6347677"
"Vinmonopolet";"7931501";"BodÃ¸ Aquavit";"BodÃ¸ Aquavit";"0";"484.9";"0.7";"692.71";"Aquavit";"Glass";"40";"1.7317858"
"Vinmonopolet";"7932201";"Spey FÅ«mÄre";"Spey FÅ«mÄre";"0";"850";"0.7";"1214.29";"Whisky";"Glass";"46";"2.6397517"
"Vinmonopolet";"7932301";"Spey TrutinÄ";"Spey TrutinÄ";"0";"819";"0.7";"1170";"Whisky";"Glass";"46";"2.5434783"
"Vinmonopolet";"7932401";"Sparkling Tea Vinter";"Sparkling Tea Vinter";"2017";"199.9";"0.75";"266.53";"Flavoured wine	";"Glass";"5";"5.3306665"
"Vinmonopolet";"7932501";"Stay Espresso Martini Shot";"Stay Espresso Martini Shot";"0";"269.7";"0.7";"385.29";"LikÃ¸r";"Glass";"16.4";"2.3493032"
"Vinmonopolet";"7932801";"Canevel Valdobbiadene Prosecco Superiore il Millesimato Extra Dry 2016";"Canevel Valdobbiadene Prosecco Superiore il Millesimato Extra Dry";"2016";"199.9";"0.75";"266.53";"Sparkling wine";"Glass";"11";"2.4230301"
"Vinmonopolet";"7932902";"Nervi Erbaluce Passito Riserva 2008";"Nervi Erbaluce Passito Riserva";"2008";"199.8";"0.38";"532.8";"White wine";"Glass";"14";"3.7556393"
"Vinmonopolet";"7933301";"Canevel Valdobbiadene Prosecco Superiore Brut";"Canevel Valdobbiadene Prosecco Superiore Brut";"0";"189.9";"0.75";"253.2";"Sparkling wine";"Glass";"11";"2.3018181"
"Vinmonopolet";"7933401";"Dom. Clos del la Chapelle Beaune 1er Cru Les ReversÃ©es 2015";"Dom. Clos del la Chapelle Beaune 1er Cru Les ReversÃ©es";"2015";"479.9";"0.75";"639.87";"White wine";"Glass";"13.5";"4.7397532"
"Vinmonopolet";"7933601";"Kesseler Pinot Noir N Rheingau 2014";"Kesseler Pinot Noir N Rheingau";"2014";"239.9";"0.75";"319.87";"RÃ¸dvin";"Glass";"13.5";"2.3693826"
"Vinmonopolet";"7933702";"Hexamer Sobernheimer Domberg Riesling Eiswein 2018";"Hexamer Sobernheimer Domberg Riesling Eiswein";"2018";"410.1";"0.38";"1093.6";"White wine";"Glass";"8";"13.490132"
"Vinmonopolet";"7933802";"Hexamer Meddersheimer Altenberg Riesling Eiswein 2016";"Hexamer Meddersheimer Altenberg Riesling Eiswein";"2016";"510.2";"0.38";"1360.53";"White wine";"Glass";"6";"22.377193"
"Vinmonopolet";"7933902";"KarthÃ¤userhofberg Riesling Auslese no. 40 1994";"KarthÃ¤userhofberg Riesling Auslese no. 40";"1994";"629.9";"0.38";"1679.73";"White wine";"Glass";"8";"20.720396"
"Vinmonopolet";"7934002";"KarthÃ¤userhofberg Riesling Auslese no. 38 1995";"KarthÃ¤userhofberg Riesling Auslese no. 38";"1995";"699.9";"0.38";"1866.4";"White wine";"Glass";"7.5";"24.557896"
"Vinmonopolet";"7934101";"Les Grands Carmes de Simone 2015";"Les Grands Carmes de Simone";"2015";"349.9";"0.75";"466.53";"RÃ¸dvin";"Glass";"13.5";"3.4558024"
"Vinmonopolet";"7934201";"Coppi Vanitoso Gioia Del Colle Riserva Primitivo 2009";"Coppi Vanitoso Gioia Del Colle Riserva Primitivo";"2009";"290";"0.75";"386.67";"RÃ¸dvin";"Glass";"14";"2.7619047"
"Vinmonopolet";"7934301";"Coppi Pellirosso Negroamaro";"Coppi Pellirosso Negroamaro";"2016";"179.9";"0.75";"239.87";"RÃ¸dvin";"Glass";"13";"1.8451282"
"Vinmonopolet";"7934401";"Villadoria Barbaresco 2014";"Villadoria Barbaresco";"2014";"284.9";"0.75";"379.87";"RÃ¸dvin";"Glass";"14";"2.7133334"
"Vinmonopolet";"7934501";"Villadoria Barolo del comune di Serralunga d'Alba 2014";"Villadoria Barolo del comune di Serralunga d'Alba";"2014";"399.9";"0.75";"533.2";"RÃ¸dvin";"Glass";"13.5";"3.9496295"
"Vinmonopolet";"7934601";"Villadoria Barbaresco Riserva 2014";"Villadoria Barbaresco Riserva";"2014";"345";"0.75";"460";"RÃ¸dvin";"Glass";"14.5";"3.1724138"
"Vinmonopolet";"7934701";"Villadoria TardÃ²c Barbera dâAlba 2016";"Villadoria TardÃ²c Barbera dâAlba";"2016";"199.9";"0.75";"266.53";"RÃ¸dvin";"Glass";"13";"2.0502563"
"Vinmonopolet";"7934801";"M. Chapoutier L'Ermite Blanc 2017";"M. Chapoutier L'Ermite Blanc";"2017";"3795";"0.75";"5060";"White wine";"Glass";"14";"36.142857"
"Vinmonopolet";"7935101";"Kloster Eberbach Rheingau Riesling Trocken 2016";"Kloster Eberbach Rheingau Riesling Trocken";"2016";"149.9";"0.75";"199.87";"White wine";"Glass";"11.5";"1.737971"
"Vinmonopolet";"7935301";"Biondi Santi Brunello di Montalcino Riserva 2011";"Biondi Santi Brunello di Montalcino Riserva";"2011";"3395";"0.75";"4526.67";"RÃ¸dvin";"Glass";"13.5";"33.530865"
"Vinmonopolet";"7935501";"Biondi Santi Brunello di Montalcino 2012";"Biondi Santi Brunello di Montalcino";"2012";"1295";"0.75";"1726.67";"RÃ¸dvin";"Glass";"13.5";"12.790123"
"Vinmonopolet";"7935701";"M. Chapoutier De L'OrÃ©e Blanc 2016";"M. Chapoutier De L'OrÃ©e Blanc";"2016";"1790";"0.75";"2386.67";"White wine";"Glass";"14";"17.047619"
"Vinmonopolet";"7936001";"L'Archiviste Maury 1978";"L'Archiviste Maury";"1978";"699";"0.75";"932";"Fortified wine";"Glass";"16";"5.825"
"Vinmonopolet";"7936101";"L'Archiviste Rivesaltes 1967";"L'Archiviste Rivesaltes";"1967";"899";"0.75";"1198.67";"Fortified wine";"Glass";"16.5";"7.2646465"
"Vinmonopolet";"7936201";"Riveyrac Rivesaltes 1976";"Riveyrac Rivesaltes";"1976";"745";"0.75";"993.33";"Fortified wine";"Glass";"17";"5.8431373"
"Vinmonopolet";"7936301";"L'Archiviste Rivesaltes 1959";"L'Archiviste Rivesaltes";"1959";"1099";"0.75";"1465.33";"Fortified wine";"Glass";"16";"9.158334"
"Vinmonopolet";"7936401";"Folonari Torcalvano Vino Nobile di Montepulciano 2015";"Folonari Torcalvano Vino Nobile di Montepulciano";"2015";"264.9";"0.75";"353.2";"RÃ¸dvin";"Glass";"13.5";"2.6162963"
"Vinmonopolet";"7936501";"Tenuta de Nozzole La Forra Chianti Classico Riserva 2015";"Tenuta de Nozzole La Forra Chianti Classico Riserva";"2015";"279.9";"0.75";"373.2";"RÃ¸dvin";"Glass";"14.5";"2.573793"
"Vinmonopolet";"7936601";"Tenuta del Cabreo Black 2016";"Tenuta del Cabreo Black";"2016";"299.9";"0.75";"399.87";"RÃ¸dvin";"Glass";"14";"2.8561904"
"Vinmonopolet";"7936702";"Brekeriet Purple Rain";"Brekeriet Purple Rain";"0";"67.9";"0.33";"205.76";"SurÃ¸l";"Glass";"5.3";"3.8822181"
"Vinmonopolet";"7936802";"Norumbryggeriet Belgisk Brun";"Norumbryggeriet Belgisk Brun";"0";"79";"0.5";"158";"Brown ale";"Glass";"7.5";"2.1066666"
"Vinmonopolet";"7937002";"Norumbryggeriet SÃ¸garn Porter Sterk";"Norumbryggeriet SÃ¸garn Porter Sterk";"0";"72";"0.5";"144";"Porter and stout";"Glass";"6.4";"2.25"
"Vinmonopolet";"7937101";"Punset Barbera d'Alba 2018";"Punset Barbera d'Alba";"2018";"219.9";"0.75";"293.2";"RÃ¸dvin";"Glass";"13.5";"2.1718519"
"Vinmonopolet";"7937201";"Punset Langhe Nebbiolo 2017";"Punset Langhe Nebbiolo";"2017";"265";"0.75";"353.33";"RÃ¸dvin";"Glass";"14";"2.5238094"
"Vinmonopolet";"7937301";"Dr. Loosen Blue Slate Riesling";"Dr. Loosen Blue Slate Riesling";"2018";"179.9";"0.75";"239.87";"White wine";"Glass";"12";"1.9988889"
"Vinmonopolet";"7937901";"Ch. Petit-Village 2012";"Ch. Petit-Village";"2012";"799";"0.75";"1065.33";"RÃ¸dvin";"Glass";"13.5";"7.891358"
"Vinmonopolet";"7938101";"Manoncourt Petit-Figeac 2013";"Manoncourt Petit-Figeac";"2013";"425";"0.75";"566.67";"RÃ¸dvin";"Glass";"13";"4.3589745"
"Vinmonopolet";"7938201";"Quinta do Noval Maria Mansa 2015";"Quinta do Noval Maria Mansa";"2015";"199";"0.75";"265.33";"RÃ¸dvin";"Glass";"13";"2.0410256"
"Vinmonopolet";"7938501";"Quinta do Noval Colheita 1995";"Quinta do Noval Colheita";"1995";"1225";"0.75";"1633.33";"Port wine";"Glass";"21.5";"7.596899"
"Vinmonopolet";"7938601";"Ch. Haute-Bages LibÃ©ral 2010";"Ch. Haute-Bages LibÃ©ral";"2010";"699";"0.75";"932";"RÃ¸dvin";"Glass";"13.5";"6.9037037"
"Vinmonopolet";"7938701";"Le Jardin de Petit-Village 2013";"Le Jardin de Petit-Village";"2013";"349.9";"0.75";"466.53";"RÃ¸dvin";"Glass";"13.5";"3.4558024"
"Vinmonopolet";"7939006";"Villa Wolf Pinot Noir 2019";"Villa Wolf Pinot Noir";"2019";"459.9";"3";"153.3";"RÃ¸dvin";"Bag-in-box";"13";"1.1792308"
"Vinmonopolet";"7939101";"Luis Seabra Indie Xisto 2017";"Luis Seabra Indie Xisto";"2017";"329";"0.75";"438.67";"RÃ¸dvin";"Glass";"12.5";"3.5093334"
"Vinmonopolet";"7939201";"Dom. Huet Vouvray Le Mont Sec 2017";"Dom. Huet Vouvray Le Mont Sec";"2017";"375";"0.75";"500";"White wine";"Glass";"13";"3.8461537"
"Vinmonopolet";"7939301";"Dom. Huet Vouvray Le Mont Demi-Sec 2016";"Dom. Huet Vouvray Le Mont Demi-Sec";"2016";"399";"0.75";"532";"White wine";"Glass";"13";"4.0923076"
"Vinmonopolet";"7939701";"Coppi Siniscalco Primitivo 2015";"Coppi Siniscalco Primitivo";"2015";"189.9";"0.75";"253.2";"RÃ¸dvin";"Glass";"13.5";"1.8755555"
"Vinmonopolet";"7940001";"Dom. Huet Vouvray Clos du Bourg Sec 2017";"Dom. Huet Vouvray Clos du Bourg Sec";"2017";"375";"0.75";"500";"White wine";"Glass";"13";"3.8461537"
"Vinmonopolet";"7940301";"Dom. Huet Vouvray Le Haut-Lieu Sec 2017";"Dom. Huet Vouvray Le Haut-Lieu Sec";"2017";"309";"0.75";"412";"White wine";"Glass";"13";"3.1692307"
"Vinmonopolet";"7940501";"Dom. Huet Vouvray Le Haut-Lieu Demi-Sec 2016";"Dom. Huet Vouvray Le Haut-Lieu Demi-Sec";"2016";"349";"0.75";"465.33";"White wine";"Glass";"13";"3.579487"
"Vinmonopolet";"7940601";"Pasqua Mai dire Mai Valpolicella Superiore 2013";"Pasqua Mai dire Mai Valpolicella Superiore";"2013";"449.9";"0.75";"599.87";"RÃ¸dvin";"Glass";"15";"3.9991112"
"Vinmonopolet";"7940701";"Pasqua Mai dire Mai Amarone della Valpolicella 2012";"Pasqua Mai dire Mai Amarone della Valpolicella";"2012";"899.9";"0.75";"1199.87";"RÃ¸dvin";"Glass";"16.5";"7.2719193"
"Vinmonopolet";"7941801";"MÃ¡tÃ© Brunello di Montalcino 2013";"MÃ¡tÃ© Brunello di Montalcino";"2013";"398";"0.75";"530.67";"RÃ¸dvin";"Glass";"14.5";"3.65977"
"Vinmonopolet";"7942001";"San Salvatore Gillo Dorfles 2013";"San Salvatore Gillo Dorfles";"2013";"452";"0.75";"602.67";"RÃ¸dvin";"Glass";"15.5";"3.8881721"
"Vinmonopolet";"7942101";"Caparzo Brunello di Montalcino Riserva 2011";"Caparzo Brunello di Montalcino Riserva";"2011";"725";"0.75";"966.67";"RÃ¸dvin";"Glass";"14";"6.904762"
"Vinmonopolet";"7942202";"Soerlie Christmas XO";"Soerlie Christmas XO";"0";"459";"0.5";"918";"Grape spirit";"Glass";"40";"2.295"
"Vinmonopolet";"7942801";"Dom. Rion Chambolle-Musigny 1er Cru Les Charmes 2015";"Dom. Rion Chambolle-Musigny 1er Cru Les Charmes";"2015";"897.8";"0.75";"1197.07";"RÃ¸dvin";"Glass";"13.5";"8.867161"
"Vinmonopolet";"7942901";"Dom. Rion Chambolle-Musigny Vieilles Vignes 2015";"Dom. Rion Chambolle-Musigny Vieilles Vignes";"2015";"629.8";"0.75";"839.73";"RÃ¸dvin";"Glass";"13";"6.459487"
"Vinmonopolet";"7943105";"Dom. Rion Nuits-St-Georges 1er Cru Clos St-Marc 2015";"Dom. Rion Nuits-St-Georges 1er Cru Clos St-Marc";"2015";"1625";"1.5";"1083.33";"RÃ¸dvin";"Glass";"13.5";"8.024692"
"Vinmonopolet";"7943201";"Patrice Rion CÃ´te de Nuits-Villages Vieilles Vignes 2017";"Patrice Rion CÃ´te de Nuits-Villages Vieilles Vignes";"2017";"336";"0.75";"448";"RÃ¸dvin";"Glass";"13";"3.4461539"
"Vinmonopolet";"7943401";"Patrice Rion Nuits-Saint-Georges Vieilles Vignes 2017";"Patrice Rion Nuits-Saint-Georges Vieilles Vignes";"2017";"468";"0.75";"624";"RÃ¸dvin";"Glass";"13";"4.8"
"Vinmonopolet";"7943501";"Dom. Rion Nuits-St-Georges 1er Cru Clos St-Marc 2015";"Dom. Rion Nuits-St-Georges 1er Cru Clos St-Marc";"2015";"799.8";"0.75";"1066.4";"RÃ¸dvin";"Glass";"13.5";"7.899259"
"Vinmonopolet";"7943601";"Guigal CÃ´te RÃ´tie Brune et Blonde 2013";"Guigal CÃ´te RÃ´tie Brune et Blonde";"2013";"499.8";"0.75";"666.4";"RÃ¸dvin";"Glass";"13.5";"4.936296"
"Vinmonopolet";"7943605";"Guigal CÃ´te RÃ´tie Brune et Blonde 2013";"Guigal CÃ´te RÃ´tie Brune et Blonde";"2013";"998";"1.5";"665.33";"RÃ¸dvin";"Glass";"13.5";"4.9283953"
"Vinmonopolet";"7943705";"Guigal Ch. d'Ampuis 2013";"Guigal Ch. d'Ampuis";"2013";"1695.1";"1.5";"1130.07";"RÃ¸dvin";"Glass";"13.5";"8.370864"
"Vinmonopolet";"7944001";"Massolino Barolo Vigna Rionda Riserva 2011";"Massolino Barolo Vigna Rionda Riserva";"2011";"745";"0.75";"993.33";"RÃ¸dvin";"Glass";"14.5";"6.8505745"
"Vinmonopolet";"7944201";"Brovia Barolo GarblÃ¨t SuÃ© 2012";"Brovia Barolo GarblÃ¨t SuÃ©";"2012";"569.9";"0.75";"759.87";"RÃ¸dvin";"Glass";"14.5";"5.24046"
"Vinmonopolet";"7944301";"Brovia Barolo Rocche del Castiglione Falletto 2012";"Brovia Barolo Rocche del Castiglione Falletto";"2012";"618";"0.75";"824";"RÃ¸dvin";"Glass";"14.5";"5.682759"
"Vinmonopolet";"7944401";"Brovia Barolo BrÃ©a Vigna Ca'Mia 2012";"Brovia Barolo BrÃ©a Vigna Ca'Mia";"2012";"630";"0.75";"840";"RÃ¸dvin";"Glass";"14.5";"5.793103"
"Vinmonopolet";"7944501";"Brovia Barolo 2012";"Brovia Barolo";"2012";"424.9";"0.75";"566.53";"RÃ¸dvin";"Glass";"14.5";"3.9071264"
"Vinmonopolet";"7944601";"Brovia Barbera d'Alba SorÃ¬ del Drago 2014";"Brovia Barbera d'Alba SorÃ¬ del Drago";"2014";"264";"0.75";"352";"RÃ¸dvin";"Glass";"13.5";"2.6074073"
"Vinmonopolet";"7944901";"Louis Boillot Gevrey-Chambertin Les Evocelles 2014";"Louis Boillot Gevrey-Chambertin Les Evocelles";"2014";"554";"0.75";"738.67";"RÃ¸dvin";"Glass";"13";"5.682051"
"Vinmonopolet";"7945101";"Louis Boillot Gevrey Chambertin 2013";"Louis Boillot Gevrey Chambertin";"2013";"399.8";"0.75";"533.07";"RÃ¸dvin";"Glass";"13";"4.1005125"
"Vinmonopolet";"7945201";"Garde-Lasserre Clos RenÃ©";"Garde-Lasserre Clos RenÃ©";"2014";"395";"0.75";"526.67";"RÃ¸dvin";"Glass";"13.5";"3.9012346"
"Vinmonopolet";"7945205";"Garde-Lasserre Clos RenÃ© 2014";"Garde-Lasserre Clos RenÃ©";"2014";"779.9";"1.5";"519.93";"RÃ¸dvin";"Glass";"13.5";"3.8513582"
"Vinmonopolet";"7945301";"Selvapiana Chianti Rufina Riserva Bucerchiale 2013";"Selvapiana Chianti Rufina Riserva Bucerchiale";"2013";"348";"0.75";"464";"RÃ¸dvin";"Glass";"14.5";"3.2"
"Vinmonopolet";"7945305";"Selvapiana Chianti Rufina Riserva Bucerchiale 2013";"Selvapiana Chianti Rufina Riserva Bucerchiale";"2013";"695";"1.5";"463.33";"RÃ¸dvin";"Glass";"14.5";"3.1954024"
"Vinmonopolet";"7945701";"Chasselay Beaujolais Villages Les Grands Eparcieux 2018";"Chasselay Beaujolais Villages Les Grands Eparcieux";"2018";"199.9";"0.75";"266.53";"RÃ¸dvin";"Glass";"13";"2.0502563"
"Vinmonopolet";"7946001";"Ch. Haut-Beychevelle Gloria 2014";"Ch. Haut-Beychevelle Gloria";"2014";"309.9";"0.75";"413.2";"RÃ¸dvin";"Glass";"13.5";"3.0607407"
"Vinmonopolet";"7946201";"Ch. Simard 2004";"Ch. Simard";"2004";"249.9";"0.75";"333.2";"RÃ¸dvin";"Glass";"13";"2.563077"
"Vinmonopolet";"7946301";"Girardin Puligny Montrachet EnseigniÃ¨res 2017";"Girardin Puligny Montrachet EnseigniÃ¨res";"2017";"599.9";"0.75";"799.87";"White wine";"Glass";"13";"6.1528206"
"Vinmonopolet";"7946401";"Louis Boillot Moulin Ã  Vent Les Brussellions 2014";"Louis Boillot Moulin Ã  Vent Les Brussellions";"2014";"279.9";"0.75";"373.2";"RÃ¸dvin";"Glass";"12.5";"2.9856"
"Vinmonopolet";"7946501";"GuÃ­maro Ribeira Sacra MencÃ­a 2018";"GuÃ­maro Ribeira Sacra MencÃ­a";"2018";"213.1";"0.75";"284.13";"RÃ¸dvin";"Glass";"13";"2.185641"
"Vinmonopolet";"7946605";"Ch. Haut-Beychevelle Gloria 2014";"Ch. Haut-Beychevelle Gloria";"2014";"619.9";"1.5";"413.27";"RÃ¸dvin";"Glass";"13.5";"3.0612347"
"Vinmonopolet";"7946901";"Provenance Caol Ila 6YO Jon Bertelsen";"Provenance Caol Ila 6YO Jon Bertelsen";"0";"675";"0.7";"964.29";"Whisky";"Glass";"46";"2.0962734"
"Vinmonopolet";"7947203";"HellstrÃ¸m Aquavit";"HellstrÃ¸m Aquavit";"0";"71";"0.05";"1420";"Aquavit";"Glass";"40";"3.55"
"Vinmonopolet";"7947302";"HellstrÃ¸m Juleaquavit 2019";"HellstrÃ¸m Juleaquavit";"2019";"449.9";"0.5";"899.8";"Aquavit";"Glass";"40";"2.2495"
"Vinmonopolet";"7947402";"Big Peat Norway Edition";"Big Peat Norway Edition";"0";"549.9";"0.5";"1099.8";"Whisky";"Glass";"48";"2.29125"
"Vinmonopolet";"7947602";"Oud Beersel Geuze Vandervelden 135";"Oud Beersel Geuze Vandervelden 135";"0";"144.9";"0.38";"386.4";"SurÃ¸l";"Glass";"6.5";"5.8663964"
"Vinmonopolet";"7947902";"Resept XVII London Dry Gin";"Resept XVII London Dry Gin";"0";"465";"0.5";"930";"Gin";"Glass";"46";"2.0217392"
"Vinmonopolet";"7948101";"Ch. SÃ©nÃ©jac 2014";"Ch. SÃ©nÃ©jac";"2014";"258";"0.75";"344";"RÃ¸dvin";"Glass";"13.5";"2.5481482"
"Vinmonopolet";"7948301";"Agrapart Mineral Blanc de Blancs Grand Cru Extra Brut 2011";"Agrapart Mineral Blanc de Blancs Grand Cru Extra Brut";"2011";"750.3";"0.75";"1000.4";"Champagne, brut";"Glass";"12";"8.336666"
"Vinmonopolet";"7948501";"Vajra Barolo Bricco delle Viole 2012";"Vajra Barolo Bricco delle Viole";"2012";"539.8";"0.75";"719.73";"RÃ¸dvin";"Glass";"14";"5.140952"
"Vinmonopolet";"7948601";"SartarelliÂ Brut";"SartarelliÂ Brut";"2016";"220";"0.75";"293.33";"Sparkling wine";"Glass";"12";"2.4444444"
"Vinmonopolet";"7948701";"GuÃ­maro Finca Meixeman 2017";"GuÃ­maro Finca Meixeman";"2017";"307.9";"0.75";"410.53";"RÃ¸dvin";"Glass";"13";"3.1579487"
"Vinmonopolet";"7948801";"Bonny Doon Proper Claret 2014";"Bonny Doon Proper Claret";"2014";"199.9";"0.75";"266.53";"RÃ¸dvin";"Glass";"13.2";"2.019192"
"Vinmonopolet";"7948905";"Poggio Antico Brunello di Montalcino 2012";"Poggio Antico Brunello di Montalcino";"2012";"1340";"1.5";"893.33";"RÃ¸dvin";"Glass";"14";"6.3809524"
"Vinmonopolet";"7949101";"Naulin Cognac VSOP";"Naulin Cognac VSOP";"0";"599.9";"0.7";"857";"Grape spirit";"Glass";"40";"2.1425002"
"Vinmonopolet";"7949201";"De Luze Extra Fine Champagne";"De Luze Extra Fine Champagne";"0";"3750";"0.7";"5357.14";"Grape spirit";"Glass";"40";"13.392858"
"Vinmonopolet";"7949301";"Naulin Cognac XO";"Naulin Cognac XO";"0";"919.9";"0.7";"1314.14";"Grape spirit";"Glass";"40";"3.2853572"
"Vinmonopolet";"7949402";"Vin Mariani";"Vin Mariani";"0";"399.9";"0.5";"799.8";"Flavoured wine	";"Glass";"22";"3.6354544"
"Vinmonopolet";"7949502";"Agwa de Bolivia";"Agwa de Bolivia";"0";"369.9";"0.5";"739.8";"LikÃ¸r";"Glass";"30";"2.4659998"
"Vinmonopolet";"7949601";"Monkey Balls Gold";"Monkey Balls Gold";"0";"249.9";"0.7";"357";"Other spirit";"Glass";"15";"2.3799999"
"Vinmonopolet";"7949701";"Dom. des Hauts ChÃ¢ssis Crozes Hermitage Les Chassis 2016";"Dom. des Hauts ChÃ¢ssis Crozes Hermitage Les Chassis";"2016";"269.9";"0.75";"359.87";"RÃ¸dvin";"Glass";"13";"2.7682052"
"Vinmonopolet";"7949901";"Marquis de Calon 2009";"Marquis de Calon";"2009";"425";"0.75";"566.67";"RÃ¸dvin";"Glass";"14";"4.047619"
"Vinmonopolet";"7950001";"Dom. des Hauts ChÃ¢ssis Les Calcaires 2016";"Dom. des Hauts ChÃ¢ssis Les Calcaires";"2016";"225";"0.75";"300";"White wine";"Glass";"13";"2.3076923"
"Vinmonopolet";"7950101";"Dauphin de Grand-Puy Ducasse 2012";"Dauphin de Grand-Puy Ducasse";"2012";"350";"0.75";"466.67";"RÃ¸dvin";"Glass";"13";"3.5897436"
"Vinmonopolet";"7950501";"Knebel Riesling Von den Terrassen 2016";"Knebel Riesling Von den Terrassen";"2016";"234.9";"0.75";"313.2";"White wine";"Glass";"12";"2.61"
"Vinmonopolet";"7950601";"Gassier Garrigues 2018";"Gassier Garrigues";"2018";"149.9";"0.75";"199.87";"RÃ¸dvin";"Glass";"13.5";"1.4804938"
"Vinmonopolet";"7950701";"Gunderloch Riesling Pettenthal GG 2016";"Gunderloch Riesling Pettenthal GG";"2016";"389.9";"0.75";"519.87";"White wine";"Glass";"12.5";"4.158933"
"Vinmonopolet";"7950801";"Gunderloch Riesling GG Rothenberg 2016";"Gunderloch Riesling GG Rothenberg";"2016";"444.9";"0.75";"593.2";"White wine";"Glass";"12.5";"4.7455997"
"Vinmonopolet";"7950901";"Ch. Thivin Les Sept Vignes CÃ´tes de Brouilly 2018";"Ch. Thivin Les Sept Vignes CÃ´tes de Brouilly";"2018";"246.9";"0.75";"329.2";"RÃ¸dvin";"Glass";"13.5";"2.4385185"
"Vinmonopolet";"7951001";"Gunderloch Riesling GG Hipping 2016";"Gunderloch Riesling GG Hipping";"2016";"359.9";"0.75";"479.87";"White wine";"Glass";"12.5";"3.8389332"
"Vinmonopolet";"7951701";"Morten Abel FrÃ¸ken Vil Ikke 2017";"Morten Abel FrÃ¸ken Vil Ikke";"2017";"149";"0.75";"198.67";"RÃ¸dvin";"Glass";"13";"1.5282052"
"Vinmonopolet";"7951801";"Morten Abel Barbera Nizza 2015";"Morten Abel Barbera Nizza";"2015";"303.3";"0.75";"404.4";"RÃ¸dvin";"Glass";"15";"2.6959999"
"Vinmonopolet";"7951901";"Lotherus Cognac VSOP";"Lotherus Cognac VSOP";"0";"499.9";"0.7";"714.14";"Grape spirit";"Glass";"40";"1.7853571"
"Vinmonopolet";"7952001";"Morten Abel Barolo Ginestra 2013";"Morten Abel Barolo Ginestra";"2013";"595";"0.75";"793.33";"RÃ¸dvin";"Glass";"15";"5.288889"
"Vinmonopolet";"7952101";"Morten Abel Nebbiolo d'Alba 2015";"Morten Abel Nebbiolo d'Alba";"2015";"259.9";"0.75";"346.53";"RÃ¸dvin";"Glass";"14";"2.475238"
"Vinmonopolet";"7952201";"Lotherus Ripasso Valpolicella Superiore 2015";"Lotherus Ripasso Valpolicella Superiore";"2015";"189.9";"0.75";"253.2";"RÃ¸dvin";"Glass";"13.5";"1.8755555"
"Vinmonopolet";"7952302";"Lotherus fatlagret Akevitt";"Lotherus fatlagret Akevitt";"0";"399.9";"0.5";"799.8";"Aquavit";"Glass";"40";"1.9994999"
"Vinmonopolet";"7952408";"Blandy's Madeira 10 YO (4x20cl)";"Blandy's Madeira 10 YO (4x20cl)";"0";"889.9";"0.8";"1112.38";"Madeira";"Ãvrig";"19";"5.854605"
"Vinmonopolet";"7952501";"Tre Monti Campo Di Mezzo Sangiovese 2016";"Tre Monti Campo Di Mezzo Sangiovese";"2016";"149.9";"0.75";"199.87";"RÃ¸dvin";"Glass";"13.5";"1.4804938"
"Vinmonopolet";"7952601";"Tre Monti Sono 2016";"Tre Monti Sono";"2016";"149.9";"0.75";"199.87";"RÃ¸dvin";"Glass";"13.5";"1.4804938"
"Vinmonopolet";"7952701";"SpÃ¼rnasen Riesling Brut 2015";"SpÃ¼rnasen Riesling Brut";"2015";"209.9";"0.75";"279.87";"Sparkling wine";"Glass";"12";"2.3322222"
"Vinmonopolet";"7952801";"Valle Reale Vigneto di Popoli 2011";"Valle Reale Vigneto di Popoli";"2011";"284.9";"0.75";"379.87";"RÃ¸dvin";"Glass";"13.5";"2.813827"
"Vinmonopolet";"7953102";"NÃ¸gne Ã Two Captains";"NÃ¸gne Ã Two Captains";"0";"49.8";"0.33";"150.91";"India pale ale";"Glass";"8.5";"1.775401"
"Vinmonopolet";"7953501";"Paxton AAA Shiraz Grenache 2016";"Paxton AAA Shiraz Grenache";"2016";"199.7";"0.75";"266.27";"RÃ¸dvin";"Glass";"14";"1.9019047"
"Vinmonopolet";"7953701";"Paxton the Guesser White 2017";"Paxton the Guesser White";"2017";"199.2";"0.75";"265.6";"White wine";"Glass";"12.5";"2.1248"
"Vinmonopolet";"7953801";"Bollinger RosÃ© 2006";"Bollinger RosÃ©";"2006";"713.4";"0.75";"951.2";"Champagne, rosÃ©";"Glass";"12";"7.9266667"
"Vinmonopolet";"7953901";"Fonseca Late Bottled Vintage Unfiltered 2014";"Fonseca Late Bottled Vintage Unfiltered";"2014";"374.9";"0.75";"499.87";"Port wine";"Glass";"20";"2.4993334"
"Vinmonopolet";"7954002";"NÃ¸gne Ã #100";"NÃ¸gne Ã #100";"0";"56";"0.33";"169.7";"Barley wine	";"Glass";"10";"1.6969696"
"Vinmonopolet";"7954301";"Ch. la Bridane 2014";"Ch. la Bridane";"2014";"325";"0.75";"433.33";"RÃ¸dvin";"Glass";"12.5";"3.4666667"
"Vinmonopolet";"7954401";"Marquis de Calon 2011";"Marquis de Calon";"2011";"299.9";"0.75";"399.87";"RÃ¸dvin";"Glass";"13";"3.0758975"
"Vinmonopolet";"7954601";"Ch. Le Moulin 1997";"Ch. Le Moulin";"1997";"625";"0.75";"833.33";"RÃ¸dvin";"Glass";"13";"6.4102564"
"Vinmonopolet";"7954701";"La Dame de Montrose 2011";"La Dame de Montrose";"2011";"495";"0.75";"660";"RÃ¸dvin";"Glass";"13";"5.076923"
"Vinmonopolet";"7955102";"Boulevard Tank 7 Farmhouse Ale Smokestack Series";"Boulevard Tank 7 Farmhouse Ale Smokestack Series";"0";"64.9";"0.33";"196.67";"Saison farmhouse ale";"Glass";"8.5";"2.3137255"
"Vinmonopolet";"7955201";"Baladin Wayan Sour 2011";"Baladin Wayan Sour";"2011";"149.9";"0.75";"199.87";"SurÃ¸l";"Glass";"5.8";"3.4459767"
"Vinmonopolet";"7955301";"Baladin Mama Kriek";"Baladin Mama Kriek";"0";"129.9";"0.75";"173.2";"Special";"Glass";"5.8";"2.9862068"
"Vinmonopolet";"7955401";"Baladin Metodo Classico 2015";"Baladin Metodo Classico";"2015";"289.9";"0.75";"386.53";"Special";"Glass";"10";"3.8653333"
"Vinmonopolet";"7955501";"Baladin Noel Licorice";"Baladin Noel Licorice";"0";"164.9";"0.75";"219.87";"Special";"Glass";"9";"2.442963"
"Vinmonopolet";"7955602";"Einstok Winter Ale";"Einstok Winter Ale";"0";"54.9";"0.33";"166.36";"Special";"Glass";"8";"2.0795455"
"Vinmonopolet";"7956302";"Damoiseau Rhum Vieux Millesime 1989";"Damoiseau Rhum Vieux Millesime";"1989";"879.3";"0.5";"1758.6";"Rum";"Glass";"58.4";"3.0113013"
"Vinmonopolet";"7956401";"The Project Sauvignon Blanc 2019";"The Project Sauvignon Blanc";"2019";"154.9";"0.75";"206.53";"White wine";"Glass";"12.5";"1.6522666"
"Vinmonopolet";"7956601";"Henri Bourgeois Sancerre La Bourgeoise 2011";"Henri Bourgeois Sancerre La Bourgeoise";"2011";"349.9";"0.75";"466.53";"White wine";"Glass";"13.5";"3.4558024"
"Vinmonopolet";"7956701";"Von HÃ¶vel HÃ¼tte Riesling Kabinett 2016";"Von HÃ¶vel HÃ¼tte Riesling Kabinett";"2016";"245";"0.75";"326.67";"White wine";"Glass";"9";"3.6296296"
"Vinmonopolet";"7956801";"Von HÃ¶vel Scharzhofberg Riesling Kabinett 2016";"Von HÃ¶vel Scharzhofberg Riesling Kabinett";"2016";"235";"0.75";"313.33";"White wine";"Glass";"9";"3.4814816"
"Vinmonopolet";"7957201";"Michel Mailliard Mont Vergon Premier Cru 2010";"Michel Mailliard Mont Vergon Premier Cru";"2010";"555.5";"0.75";"740.67";"Champagne, brut";"Glass";"12";"6.172222"
"Vinmonopolet";"7957701";"J.B. Becker Rheingau Riesling SpÃ¤tlese 1998";"J.B. Becker Rheingau Riesling SpÃ¤tlese";"1998";"530";"0.75";"706.67";"White wine";"Glass";"12";"5.888889"
"Vinmonopolet";"7957801";"Ãtienne Calsac Clos Maladries Extra Brut 2013";"Ãtienne Calsac Clos Maladries Extra Brut";"2013";"949.3";"0.75";"1265.73";"Champagne extra brut";"Glass";"12";"10.547777"
"Vinmonopolet";"7957902";"NÃ¸gne Ã Kriek of Telemark";"NÃ¸gne Ã Kriek of Telemark";"0";"44.9";"0.33";"136.06";"SurÃ¸l";"Glass";"6.5";"2.09324"
"Vinmonopolet";"7958101";"Selection Olivier Blanc XO Extraordinaire FranÃ§ois Voyer";"Selection Olivier Blanc XO Extraordinaire FranÃ§ois Voyer";"0";"1595";"0.7";"2278.57";"Grape spirit";"Glass";"40";"5.696429"
"Vinmonopolet";"7958201";"Selection Olivier Blanc VSOP Dom. Pasquet Grande Champagne";"Selection Olivier Blanc VSOP Dom. Pasquet Grande Champagne";"0";"895";"0.7";"1278.57";"Grape spirit";"Glass";"40";"3.1964285"
"Vinmonopolet";"7958301";"Selection Olivier Blanc XO Artisanal Pierre de Segonzac";"Selection Olivier Blanc XO Artisanal Pierre de Segonzac";"0";"1095";"0.7";"1564.29";"Grape spirit";"Glass";"40";"3.9107144"
"Vinmonopolet";"7958501";"Dom. des Miquettes Viognier 2016";"Dom. des Miquettes Viognier";"2016";"269";"0.75";"358.67";"White wine";"Glass";"11";"3.260606"
"Vinmonopolet";"7958601";"Peyre Rose Syrah LÃ©one 2005";"Peyre Rose Syrah LÃ©one";"2005";"699";"0.75";"932";"RÃ¸dvin";"Glass";"14.5";"6.427586"
"Vinmonopolet";"7958801";"Peyre Rose Clos des Cistes 2005";"Peyre Rose Clos des Cistes";"2005";"699";"0.75";"932";"RÃ¸dvin";"Glass";"14.5";"6.427586"
"Vinmonopolet";"7958901";"Dom. des Miquettes St. Joseph 2016";"Dom. des Miquettes St. Joseph";"2016";"299";"0.75";"398.67";"RÃ¸dvin";"Glass";"11.5";"3.4666667"
"Vinmonopolet";"7959101";"Selection Olivier Blanc XO Artisanal Christophe F";"Selection Olivier Blanc XO Artisanal Christophe F";"0";"999.9";"0.7";"1428.43";"Grape spirit";"Glass";"40";"3.5710716"
"Vinmonopolet";"7959201";"Berthelemot Beaune 1er Cru Clos des Mouches 2016";"Berthelemot Beaune 1er Cru Clos des Mouches";"2016";"645";"0.75";"860";"White wine";"Glass";"13.5";"6.3703704"
"Vinmonopolet";"7959301";"Berthelemot Monthelie 2015";"Berthelemot Monthelie";"2015";"329";"0.75";"438.67";"RÃ¸dvin";"Glass";"13.5";"3.2493827"
"Vinmonopolet";"7959601";"Berthelemot Beaune 1er Cru Greves 2015";"Berthelemot Beaune 1er Cru Greves";"2015";"409";"0.75";"545.33";"RÃ¸dvin";"Glass";"13.5";"4.039506"
"Vinmonopolet";"7959908";"24 Ice Strawberry Daiquiri (5x6,5cl)";"24 Ice Strawberry Daiquiri (5x6,5cl)";"0";"114.9";"0.32";"353.54";"Other spirit";"Ãvrig";"5";"7.18125"
"Vinmonopolet";"7960108";"24 Ice Mojito (5x6,5cl)";"24 Ice Mojito (5x6,5cl)";"0";"114.9";"0.32";"353.54";"Other spirit";"Ãvrig";"5";"7.18125"
"Vinmonopolet";"7960501";"Tullamore Dew Collector's Edition";"Tullamore Dew Collector's Edition";"0";"479.9";"1";"479.9";"Whisky";"Glass";"43";"1.1160465"
"Vinmonopolet";"7960601";"Balvenie Doublewood 17 YO";"Balvenie Doublewood 17 YO";"0";"1499.9";"0.7";"2142.71";"Whisky";"Glass";"43";"4.9830565"
"Vinmonopolet";"7960705";"Paul Jaboulet Dom. de Thalabert";"Paul Jaboulet Dom. de Thalabert";"2013";"629.9";"1.5";"419.93";"RÃ¸dvin";"Glass";"13";"3.2302566"
"Vinmonopolet";"7960808";"Glenfiddich 12/15/18 YO (3x20cl)";"Glenfiddich 12/15/18 YO (3x20cl)";"0";"579.6";"0.6";"966";"Whisky";"Ãvrig";"40";"2.4149997"
"Vinmonopolet";"7960902";"ViÃºva Gomes Colares 2011";"ViÃºva Gomes Colares";"2011";"319.9";"0.5";"639.8";"RÃ¸dvin";"Glass";"12.5";"5.1184"
"Vinmonopolet";"7961101";"San Polino Brunello di Montalcino 2014";"San Polino Brunello di Montalcino";"2014";"644.9";"0.75";"859.87";"RÃ¸dvin";"Glass";"14";"6.141905"
"Vinmonopolet";"7961201";"San Polino Rosso di Montalcino 2015";"San Polino Rosso di Montalcino";"2015";"359";"0.75";"478.67";"RÃ¸dvin";"Glass";"14.5";"3.3011494"
"Vinmonopolet";"7961301";"San Polino Brunello di Montalcino Helichrysum 2014";"San Polino Brunello di Montalcino Helichrysum";"2014";"759.9";"0.75";"1013.2";"RÃ¸dvin";"Glass";"14.5";"6.9875865"
"Vinmonopolet";"7961401";"Porsgrunnsakevitt";"Porsgrunnsakevitt";"0";"484.9";"0.7";"692.71";"Aquavit";"Glass";"40";"1.7317858"
"Vinmonopolet";"7961601";"Hirschhof Westhofen Morstein Riesling SpÃ¤tlese Trocken";"Hirschhof Westhofen Morstein Riesling SpÃ¤tlese Trocken";"2018";"219.9";"0.75";"293.2";"White wine";"Glass";"12.5";"2.3456"
"Vinmonopolet";"7961701";"Ismael Gozalo Respublica Verdejo";"Ismael Gozalo Respublica Verdejo";"2018";"1099.9";"0.75";"1466.53";"White wine";"Glass";"13.5";"10.86321"
"Vinmonopolet";"7961901";"Ismael Gozalo Sin Nombre 2016";"Ismael Gozalo Sin Nombre";"2016";"369.9";"0.75";"493.2";"White wine";"Glass";"13.5";"3.6533332"
"Vinmonopolet";"7962001";"Marjan Simcic Chardonnay 2016";"Marjan Simcic Chardonnay";"2016";"259.9";"0.75";"346.53";"White wine";"Glass";"14";"2.475238"
"Vinmonopolet";"7962101";"Road Runner Correcaminos 2018";"Road Runner Correcaminos";"2018";"269.9";"0.75";"359.87";"White wine";"Glass";"13";"2.7682052"
"Vinmonopolet";"7962201";"Gantonnet CuvÃ©e de Barbe 2016";"Gantonnet CuvÃ©e de Barbe";"2016";"159.9";"0.75";"213.2";"RÃ¸dvin";"Glass";"14";"1.5228571"
"Vinmonopolet";"7962301";"Champy Beaune 1. Cru Aux Cras 2016";"Champy Beaune 1. Cru Aux Cras";"2016";"490";"0.75";"653.33";"RÃ¸dvin";"Glass";"13";"5.025641"
"Vinmonopolet";"7962501";"Champy Nuits-Saint-Georges 2016";"Champy Nuits-Saint-Georges";"2016";"450";"0.75";"600";"RÃ¸dvin";"Glass";"13";"4.6153846"
"Vinmonopolet";"7962601";"Champy Bourgogne Pinot Noir CuvÃ©e Edme 2018";"Champy Bourgogne Pinot Noir CuvÃ©e Edme";"2018";"247.9";"0.75";"330.53";"RÃ¸dvin";"Glass";"12.5";"2.6442666"
"Vinmonopolet";"7962701";"Champy Bourgogne Chardonnay CuvÃ©e Edme 2015";"Champy Bourgogne Chardonnay CuvÃ©e Edme";"2015";"234.9";"0.75";"313.2";"White wine";"Glass";"13";"2.4092307"
"Vinmonopolet";"7962801";"Zinck Pinot Blanc Terroir 2016";"Zinck Pinot Blanc Terroir";"2016";"219.9";"0.75";"293.2";"White wine";"Glass";"13.5";"2.1718519"
"Vinmonopolet";"7962901";"Zinck Gewurztraminer Grand Cru Goldert 2011";"Zinck Gewurztraminer Grand Cru Goldert";"2011";"319.9";"0.75";"426.53";"White wine";"Glass";"14";"3.0466666"
"Vinmonopolet";"7963102";"Haandbryggeriet Dark Force";"Haandbryggeriet Dark Force";"0";"70.4";"0.33";"213.33";"Porter and stout";"Glass";"8.5";"2.5098038"
"Vinmonopolet";"7963202";"Haandbryggeriet/Stone/Brewdog Inferno Triple IPA";"Haandbryggeriet/Stone/Brewdog Inferno Triple IPA";"0";"71.7";"0.33";"217.27";"India pale ale";"Glass";"10";"2.172727"
"Vinmonopolet";"7963301";"Blossom Cava Brut";"Blossom Cava Brut";"0";"129.9";"0.75";"173.2";"Sparkling wine";"Glass";"11.5";"1.5060868"
"Vinmonopolet";"7963401";"Fiorissimo RosÃ© Spumante";"Fiorissimo RosÃ© Spumante";"0";"135";"0.75";"180";"Musserende vin, rosÃ©";"Glass";"11.5";"1.5652174"
"Vinmonopolet";"7963501";"Ch. Mongravey 2014";"Ch. Mongravey";"2014";"369.9";"0.75";"493.2";"RÃ¸dvin";"Glass";"13";"3.7938461"
"Vinmonopolet";"7963601";"J. Lohr Wildflower Monterey ValdiguiÃ© 2017";"J. Lohr Wildflower Monterey ValdiguiÃ©";"2017";"179.9";"0.75";"239.87";"RÃ¸dvin";"Glass";"12.5";"1.9189333"
"Vinmonopolet";"7964101";"Ratte Grand Curoulet Chardonnay 2016";"Ratte Grand Curoulet Chardonnay";"2016";"359.9";"0.75";"479.87";"White wine";"Glass";"13.5";"3.5545678"
"Vinmonopolet";"7964602";"Ego Brygghus Sour Delight";"Ego Brygghus Sour Delight";"0";"57.9";"0.33";"175.46";"India pale ale";"Metall";"8";"2.1931818"
"Vinmonopolet";"7964902";"Santa Digna De Alcoholised Wine";"Santa Digna De Alcoholised Wine";"2018";"44.9";"0.38";"119.73";"Non-alcoholic wine";"Glass";"0.5";"23.63158"
"Vinmonopolet";"7965801";"Soma no Tengu";"Soma no Tengu";"2017";"530";"0.72";"736.11";"Sake";"Glass";"17";"4.3300653"
"Vinmonopolet";"7966101";"Cuvage de Cuvage Pas DosÃ©";"Cuvage de Cuvage Pas DosÃ©";"0";"699.9";"0.75";"933.2";"Sparkling wine";"Glass";"12";"7.776667"
"Vinmonopolet";"7966401";"Ch. Siaurac 2010";"Ch. Siaurac";"2010";"389";"0.75";"518.67";"RÃ¸dvin";"Glass";"15";"3.4577777"
"Vinmonopolet";"7966501";"Ch. Bel-Air 2014";"Ch. Bel-Air";"2014";"368.9";"0.75";"491.87";"RÃ¸dvin";"Glass";"13.5";"3.6434567"
"Vinmonopolet";"7966601";"Ch. Bel-Air Lagrave 1997";"Ch. Bel-Air Lagrave";"1997";"365";"0.75";"486.67";"RÃ¸dvin";"Glass";"12.5";"3.8933334"
"Vinmonopolet";"7966701";"Ch. Belle Coline 2014";"Ch. Belle Coline";"2014";"199";"0.75";"265.33";"RÃ¸dvin";"Glass";"13.5";"1.965432"
"Vinmonopolet";"7967302";"Harpoon Camp Wannamango Pale Ale";"Harpoon Camp Wannamango Pale Ale";"0";"52.8";"0.35";"148.73";"Pale ale";"Metall";"5";"3.0171428"
"Vinmonopolet";"7967401";"Umberto Cesari Laurento Sangiovese Reserva";"Umberto Cesari Laurento Sangiovese Reserva";"2015";"225";"0.75";"300";"RÃ¸dvin";"Glass";"13.5";"2.2222223"
"Vinmonopolet";"7967601";"Martini Riserva Speciale Bitter";"Martini Riserva Speciale Bitter";"0";"349.9";"0.7";"499.86";"Bitter	";"Glass";"28.5";"1.7538847"
"Vinmonopolet";"7967701";"Sieur D'Arques Grande CuvÃ©e 1531";"Sieur D'Arques Grande CuvÃ©e";"2016";"218";"0.75";"290.67";"Sparkling wine";"Glass";"12.5";"2.3253334"
"Vinmonopolet";"7967802";"OppegÃ¥rd Juleaquavit";"OppegÃ¥rd Juleaquavit";"0";"392.9";"0.5";"785.8";"Aquavit";"Glass";"40";"1.9645"
"Vinmonopolet";"7967902";"Aasgaard Juleakevitt";"Aasgaard Juleakevitt";"0";"392.9";"0.5";"785.8";"Aquavit";"Glass";"40";"1.9645"
"Vinmonopolet";"7968101";"Pure Lakrids";"Pure Lakrids";"2005";"229.9";"0.7";"328.43";"Other spirit";"Glass";"16.4";"2.0026133"
"Vinmonopolet";"7968201";"Pepe Lopez Tequila Gold";"Pepe Lopez Tequila Gold";"0";"396.9";"0.7";"567";"Fruit spirit";"Glass";"40";"1.4175"
"Vinmonopolet";"7968301";"Pepe Lopez Tequila Silver";"Pepe Lopez Tequila Silver";"0";"386.9";"0.7";"552.71";"Fruit spirit";"Glass";"40";"1.3817858"
"Vinmonopolet";"7968402";"Omnipollo Noa Pecan Mud Cake Stout";"Omnipollo Noa Pecan Mud Cake Stout";"0";"105";"0.33";"318.18";"Porter and stout";"Glass";"11";"2.892562"
"Vinmonopolet";"7968502";"Omnipollo Leon";"Omnipollo Leon";"0";"59.9";"0.33";"181.52";"Light ale";"Glass";"6.5";"2.7925408"
"Vinmonopolet";"7968602";"Evil Twin Even More Coco Jesus Imperial Stout";"Evil Twin Even More Coco Jesus Imperial Stout";"0";"105";"0.47";"221.99";"Porter and stout";"Metall";"12";"1.8617021"
"Vinmonopolet";"7968802";"Omnipollo Zodiak";"Omnipollo Zodiak";"0";"56.9";"0.33";"172.42";"India pale ale";"Glass";"6.2";"2.7810361"
"Vinmonopolet";"7968902";"Evil Twin/Omnipollo Pink Lemonade IPA";"Evil Twin/Omnipollo Pink Lemonade IPA";"0";"79.7";"0.35";"224.51";"India pale ale";"Metall";"7";"3.253061"
"Vinmonopolet";"7969002";"Tempo HjulAkevitt";"Tempo HjulAkevitt";"0";"399.8";"0.5";"799.6";"Aquavit";"Glass";"40";"1.999"
"Vinmonopolet";"7969402";"Birrificio del Ducato Beersel Morning";"Birrificio del Ducato Beersel Morning";"0";"69.9";"0.33";"211.82";"SurÃ¸l";"Glass";"6.2";"3.4164224"
"Vinmonopolet";"7969801";"Schmitt d.b Riesling";"Schmitt d.b Riesling";"0";"169.6";"0.75";"226.13";"White wine";"Glass";"12";"1.8844445"
"Vinmonopolet";"7969901";"Schmitt Erdreich";"Schmitt Erdreich";"0";"249.8";"0.75";"333.07";"White wine";"Glass";"12";"2.7755556"
"Vinmonopolet";"7970101";"Phaunus Pet Nat 2017";"Phaunus Pet Nat";"2017";"225.9";"0.75";"301.2";"Sparkling white wine";"Glass";"11";"2.7381818"
"Vinmonopolet";"7970301";"Aphros Silenus 2015";"Aphros Silenus";"2015";"259.9";"0.75";"346.53";"RÃ¸dvin";"Glass";"12.5";"2.7722666"
"Vinmonopolet";"7970801";"La Setera Tinto Joven 2016";"La Setera Tinto Joven";"2016";"139.9";"0.75";"186.53";"RÃ¸dvin";"Glass";"14";"1.3323809"
"Vinmonopolet";"7970901";"Mare Magnum Crudo Terre Siciliane 2018";"Mare Magnum Crudo Terre Siciliane";"2018";"164.9";"0.75";"219.87";"RÃ¸dvin";"Glass";"14";"1.5704762"
"Vinmonopolet";"7971001";"K.H. Schneider Marbach Riesling SpÃ¤tlese 2016";"K.H. Schneider Marbach Riesling SpÃ¤tlese";"2016";"259.9";"0.75";"346.53";"White wine";"Glass";"9";"3.8503702"
"Vinmonopolet";"7971401";"Madame de Rayne 2006";"Madame de Rayne";"2006";"359";"0.75";"478.67";"White wine";"Glass";"13.5";"3.545679"
"Vinmonopolet";"7971501";"Villa Job Sudigiri Sauvignon 2016";"Villa Job Sudigiri Sauvignon";"2016";"307";"0.75";"409.33";"White wine";"Glass";"13";"3.1487179"
"Vinmonopolet";"7971601";"Villa Job Mezzatesta 2018";"Villa Job Mezzatesta";"2018";"315";"0.75";"420";"White wine";"Glass";"13";"3.2307692"
"Vinmonopolet";"7971701";"Lamoresca Mascalisi 2018";"Lamoresca Mascalisi";"2018";"320";"0.75";"426.67";"RÃ¸dvin";"Glass";"14";"3.047619"
"Vinmonopolet";"7971801";"Lamoresca Bianco 2018";"Lamoresca Bianco";"2018";"320";"0.75";"426.67";"White wine";"Glass";"12";"3.5555556"
"Vinmonopolet";"7971901";"Lamoresca Nerocapitano 2017";"Lamoresca Nerocapitano";"2017";"293";"0.75";"390.67";"RÃ¸dvin";"Glass";"12.5";"3.1253333"
"Vinmonopolet";"7972001";"Lamoresca Rosso 2018";"Lamoresca Rosso";"2018";"320";"0.75";"426.67";"RÃ¸dvin";"Glass";"14";"3.047619"
"Vinmonopolet";"7972103";"KÃ¶ld Frozen Cosmopolitan";"KÃ¶ld Frozen Cosmopolitan";"0";"59.9";"0.25";"239.6";"Other spirit";"Pouch";"8";"2.9950001"
"Vinmonopolet";"7972301";"Blossa VinglÃ¶gg";"Blossa VinglÃ¶gg";"0";"119.9";"0.75";"159.87";"Flavoured wine	";"Glass";"10";"1.5986667"
"Vinmonopolet";"7972702";"NÃ¸isom Dobbelbock JuleÃ¸l";"NÃ¸isom Dobbelbock JuleÃ¸l";"0";"78.1";"0.5";"156.2";"MÃ¸rk lager";"Glass";"7.8";"2.002564"
"Vinmonopolet";"7976001";"Palmina Nebbiolo Rocca 2009";"Palmina Nebbiolo Rocca";"2009";"349.9";"0.75";"466.53";"RÃ¸dvin";"Glass";"14.9";"3.1310961"
"Vinmonopolet";"7976201";"De Ranke PÃ¨re NoÃ«l";"De Ranke PÃ¨re NoÃ«l";"0";"129.9";"0.75";"173.2";"Special";"Glass";"7";"2.4742856"
"Vinmonopolet";"7976301";"Winter Riesling Brut";"Winter Riesling Brut";"2016";"239.9";"0.75";"319.87";"Sparkling wine";"Glass";"12";"2.6655555"
"Vinmonopolet";"7976601";"Leroux Gevrey Chambertin Vieilles Vignes 2017";"Leroux Gevrey Chambertin Vieilles Vignes";"2017";"509.9";"0.75";"679.87";"RÃ¸dvin";"Glass";"13";"5.2297435"
"Vinmonopolet";"7976901";"Von Buhl Kieselberg Deidesheim Riesling Grosses GewÃ¤chs 2016";"Von Buhl Kieselberg Deidesheim Riesling Grosses GewÃ¤chs";"2016";"439.9";"0.75";"586.53";"White wine";"Glass";"13";"4.511795"
"Vinmonopolet";"7977002";"Berentsens The Holy Bock Vanilla";"Berentsens The Holy Bock Vanilla";"0";"61.9";"0.33";"187.58";"Special";"Glass";"7.5";"2.5010102"
"Vinmonopolet";"7977602";"Amundsen Rebel King";"Amundsen Rebel King";"0";"76.9";"0.33";"226.97";"Porter and stout";"Emballasje med pant";"8.5";"2.741533"
"Vinmonopolet";"7981302";"NÃ¸isom Sjokoladestout";"NÃ¸isom Sjokoladestout";"0";"73.6";"0.5";"147.2";"Porter and stout";"Glass";"9";"1.6355555"
"Vinmonopolet";"7983601";"Dom. du Dragon Hautes Vignes 2018";"Dom. du Dragon Hautes Vignes";"2018";"199.5";"0.75";"266";"RÃ¸dvin";"Glass";"14.5";"1.8344828"
"Vinmonopolet";"7984401";"Ch. Laribotte CuvÃ©e La GraviÃ¨re 2015";"Ch. Laribotte CuvÃ©e La GraviÃ¨re";"2015";"298";"0.75";"397.33";"White wine";"Glass";"12.5";"3.1786666"
"Vinmonopolet";"7984601";"Collemassari Montecucco Rigoleto 2015";"Collemassari Montecucco Rigoleto";"2015";"174.6";"0.75";"232.8";"RÃ¸dvin";"Glass";"14";"1.6628572"
"Vinmonopolet";"7984701";"Collemassari Montecucco Vermentino Melacce 2016";"Collemassari Montecucco Vermentino Melacce";"2016";"169.9";"0.75";"226.53";"White wine";"Glass";"13.5";"1.6780246"
"Vinmonopolet";"7984801";"Collemassari Montecucco Rosso Riserva 2014";"Collemassari Montecucco Rosso Riserva";"2014";"204.9";"0.75";"273.2";"RÃ¸dvin";"Glass";"14";"1.9514285"
"Vinmonopolet";"7985001";"Stephan CÃ´te-RÃ´tie Coteaux de Tupin 2017";"Stephan CÃ´te-RÃ´tie Coteaux de Tupin";"2017";"950";"0.75";"1266.67";"RÃ¸dvin";"Glass";"13.5";"9.382716"
"Vinmonopolet";"7986401";"Sutherland Chardonnay 2017";"Sutherland Chardonnay";"2017";"209";"0.75";"278.67";"White wine";"Glass";"13.5";"2.0641975"
"Vinmonopolet";"7986501";"Tedeschi Capitel Monte Olmi Amarone della Valpolicella Classico Riserva 2012";"Tedeschi Capitel Monte Olmi Amarone della Valpolicella Classico Riserva";"2012";"625";"0.75";"833.33";"RÃ¸dvin";"Glass";"17";"4.901961"
"Vinmonopolet";"7987001";"Naulin XO Fins Bois";"Naulin XO Fins Bois";"0";"574.9";"0.7";"821.29";"Grape spirit";"Glass";"43";"1.909967"
"Vinmonopolet";"7987301";"Arnaldorivera Barolo Monvigliero 2014";"Arnaldorivera Barolo Monvigliero";"2014";"479";"0.75";"638.67";"RÃ¸dvin";"Glass";"14";"4.561905"
"Vinmonopolet";"7987602";"Bache-Gabrielsen Pure & Rustic Fins Bois";"Bache-Gabrielsen Pure & Rustic Fins Bois";"0";"459";"0.5";"918";"Grape spirit";"Glass";"41.5";"2.2120483"
"Vinmonopolet";"7987701";"GyÃ©jacquot Anatom Champagne Blanc Vrai";"GyÃ©jacquot Anatom Champagne Blanc Vrai";"0";"199.9";"0.75";"266.53";"Champagne, brut";"Glass";"12";"2.221111"
"Vinmonopolet";"7987901";"Torbreck Old Vines 2015";"Torbreck Old Vines";"2015";"179.9";"0.75";"239.87";"RÃ¸dvin";"Glass";"15";"1.5991111"
"Vinmonopolet";"7988001";"Ch. Lamothe Vincent Intense 2016";"Ch. Lamothe Vincent Intense";"2016";"199.7";"0.75";"266.27";"RÃ¸dvin";"Glass";"14";"1.9019047"
"Vinmonopolet";"7988101";"Ch. Lamothe-Vincent 2017";"Ch. Lamothe-Vincent";"2017";"169.9";"0.75";"226.53";"RÃ¸dvin";"Glass";"13.5";"1.6780246"
"Vinmonopolet";"7988301";"Skerlj Terrano 2015";"Skerlj Terrano";"2015";"339.4";"0.75";"452.53";"RÃ¸dvin";"Glass";"12.5";"3.6202667"
"Vinmonopolet";"7988401";"Niepoort Vintage Port 2015";"Niepoort Vintage Port";"2015";"619.9";"0.75";"826.53";"Port wine";"Glass";"19.5";"4.2386327"
"Vinmonopolet";"7988501";"Nikolaihof GrÃ¼ner Veltliner Terrassen 2018";"Nikolaihof GrÃ¼ner Veltliner Terrassen";"2018";"239.9";"0.75";"319.87";"White wine";"Glass";"11.5";"2.7814493"
"Vinmonopolet";"7988701";"Dom. du Dragon Les Restanques";"Dom. du Dragon Les Restanques";"2019";"198.9";"0.75";"265.2";"White wine";"Glass";"14.5";"1.8289654"
"Vinmonopolet";"7988901";"Camillac Bordeaux 2016";"Camillac Bordeaux";"2016";"135.9";"0.75";"181.2";"RÃ¸dvin";"Glass";"12.5";"1.4496"
"Vinmonopolet";"7989102";"Mack Mikrobryggeri Dobbel SÃ¸libat";"Mack Mikrobryggeri Dobbel SÃ¸libat";"0";"64.9";"0.5";"129.8";"Trappist";"Glass";"8.2";"1.5829269"
"Vinmonopolet";"7989202";"Haandbryggeriet Fatlagret Bestefar";"Haandbryggeriet Fatlagret Bestefar";"0";"77";"0.33";"233.33";"Porter and stout";"Glass";"9";"2.5925925"
"Vinmonopolet";"7989302";"Haandbryggeriet Fatlagret JuleStout";"Haandbryggeriet Fatlagret JuleStout";"0";"96.9";"0.33";"293.64";"Porter and stout";"Glass";"12";"2.4469697"
"Vinmonopolet";"7989402";"Haandbryggeriet Fatlagret Nissemor";"Haandbryggeriet Fatlagret Nissemor";"0";"96.8";"0.5";"193.6";"Porter and stout";"Glass";"6.5";"2.9784617"
"Vinmonopolet";"7989501";"Elgin Vintners Chardonnay 2018";"Elgin Vintners Chardonnay";"2018";"229.9";"0.75";"306.53";"White wine";"Glass";"13";"2.3579485"
"Vinmonopolet";"7989601";"Carmen Loma Seca Cinsault 2016";"Carmen Loma Seca Cinsault";"2016";"139.6";"0.75";"186.13";"RÃ¸dvin";"Glass";"13";"1.4317949"
"Vinmonopolet";"7990701";"Nudo Barbera d'Asti 2018";"Nudo Barbera d'Asti";"2018";"175";"0.75";"233.33";"RÃ¸dvin";"Glass";"12";"1.9444444"
"Vinmonopolet";"7992401";"Dr. Loosen Wehlener Sonnenuhr GG Riesling Trocken RÃ©serve 2013";"Dr. Loosen Wehlener Sonnenuhr GG Riesling Trocken RÃ©serve";"2013";"549";"0.75";"732";"White wine";"Glass";"12.5";"5.856"
"Vinmonopolet";"7993902";"Lervig Perler for Svin Juicy IPA";"Lervig Perler for Svin Juicy IPA";"0";"56.5";"0.33";"165.15";"India pale ale";"Emballasje med pant";"6.3";"2.7176526"
"Vinmonopolet";"7994001";"Ch. Saint Martin de la Garrigue Bronzinelle 2015";"Ch. Saint Martin de la Garrigue Bronzinelle";"2015";"171.2";"0.75";"228.27";"RÃ¸dvin";"Glass";"13.5";"1.6908642"
"Vinmonopolet";"7994101";"Nik Weis St. Urbans-Hof Riesling Saarfeilser GG 2016";"Nik Weis St. Urbans-Hof Riesling Saarfeilser GG";"2016";"399.9";"0.75";"533.2";"White wine";"Glass";"12";"4.443333"
"Vinmonopolet";"7994501";"Plaimont ChÃ¢teau Saint-Go Saint Mont 2014";"Plaimont ChÃ¢teau Saint-Go Saint Mont";"2014";"239.9";"0.75";"319.87";"RÃ¸dvin";"Glass";"14";"2.284762"
"Vinmonopolet";"7994701";"Reyneke Chenin Blanc Natural Wine 2016";"Reyneke Chenin Blanc Natural Wine";"2016";"599.9";"0.75";"799.87";"White wine";"Glass";"12.5";"6.3989334"
"Vinmonopolet";"7994901";"Ch. Saint Martin de la Garrigue Picpoul de Pinet 2017";"Ch. Saint Martin de la Garrigue Picpoul de Pinet";"2017";"165.6";"0.75";"220.8";"White wine";"Glass";"13";"1.6984617"
"Vinmonopolet";"7995001";"Ch. Saint Martin de la Garrigue GrÃ¨s de Montpellier 2013";"Ch. Saint Martin de la Garrigue GrÃ¨s de Montpellier";"2013";"227.8";"0.75";"303.73";"RÃ¸dvin";"Glass";"15";"2.024889"
"Vinmonopolet";"7996405";"Le Potazzine Gorelli Brunello di Montalcino 2012";"Le Potazzine Gorelli Brunello di Montalcino";"2012";"1625";"1.5";"1083.33";"RÃ¸dvin";"Glass";"14";"7.7380953"
"Vinmonopolet";"7996501";"Le Potazzine Gorelli Brunello di Montalcino 2013";"Le Potazzine Gorelli Brunello di Montalcino";"2013";"799";"0.75";"1065.33";"RÃ¸dvin";"Glass";"14";"7.609524"
"Vinmonopolet";"7997101";"E.C. Dahls Kyoto";"E.C. Dahls Kyoto";"0";"174.4";"0.75";"232.53";"Special";"Glass";"9";"2.5837035"
"Vinmonopolet";"7998201";"Dom. Sainte Estelle Val Du Baumier";"Dom. Sainte Estelle Val Du Baumier";"2017";"159.6";"0.75";"212.8";"White wine";"Glass";"14";"1.5200001"
"Vinmonopolet";"7998501";"Saouma Chateauneuf-du-Pape Magis Blanc 2016";"Saouma Chateauneuf-du-Pape Magis Blanc";"2016";"799.9";"0.75";"1066.53";"White wine";"Glass";"14.5";"7.3554025"
"Vinmonopolet";"7999401";"Gysler Riesling Natur";"Gysler Riesling Natur";"0";"309.9";"0.75";"413.2";"White wine";"Glass";"11.5";"3.5930433"
"Vinmonopolet";"7999601";"Castellare Di Castellina 33+3 Vendemmie 2013";"Castellare Di Castellina 33+3 Vendemmie";"2013";"1090.5";"0.75";"1454";"RÃ¸dvin";"Glass";"14";"10.385715"
"Vinmonopolet";"7999701";"Le Potazzine Rosso di Montalcino";"Le Potazzine Rosso di Montalcino";"2016";"399";"0.75";"532";"RÃ¸dvin";"Glass";"14";"3.8"
"Vinmonopolet";"7999901";"Ferraton La TournÃ©e 2018";"Ferraton La TournÃ©e";"2018";"139.9";"0.75";"186.53";"RÃ¸dvin";"Glass";"13.5";"1.3817283"
"Vinmonopolet";"8000201";"Cono Sur Reserva CarmenÃ¨re 2018";"Cono Sur Reserva CarmenÃ¨re";"2018";"179.9";"0.75";"239.87";"RÃ¸dvin";"Glass";"14";"1.7133332"
"Vinmonopolet";"8000601";"Righetti Valpolicella Classico 2018";"Righetti Valpolicella Classico";"2018";"121.9";"0.75";"162.53";"RÃ¸dvin";"Glass";"12.5";"1.3002666"
"Vinmonopolet";"8001901";"Tropica PiÃ±a Colada";"Tropica PiÃ±a Colada";"0";"70.7";"0.75";"94.27";"Flavoured wine	";"Glass";"7";"1.3466666"
"Vinmonopolet";"8004001";"Ch. Haut-Monplaisir Prestige 2014";"Ch. Haut-Monplaisir Prestige";"2014";"235";"0.75";"313.33";"RÃ¸dvin";"Glass";"13";"2.4102564"
"Vinmonopolet";"8005502";"Alain Brumont Vendemiaire 2009";"Alain Brumont Vendemiaire";"2009";"248";"0.5";"496";"White wine";"Glass";"12.5";"3.968"
"Vinmonopolet";"8007101";"Villa ChiÃ²pris Pinot Grigio 2018";"Villa ChiÃ²pris Pinot Grigio";"2018";"165";"0.75";"220";"White wine";"Glass";"12";"1.8333334"
"Vinmonopolet";"8007601";"Ratzenberger Bacharacher WolfshÃ¶hle Riesling SpÃ¤tlese 2012";"Ratzenberger Bacharacher WolfshÃ¶hle Riesling SpÃ¤tlese";"2012";"229.9";"0.75";"306.53";"White wine";"Glass";"8";"3.8316665"
"Vinmonopolet";"8008101";"Wagner-Stempel Porphyr Siefersheim Riesling 2017";"Wagner-Stempel Porphyr Siefersheim Riesling";"2017";"266";"0.75";"354.67";"White wine";"Glass";"13";"2.7282052"
"Vinmonopolet";"8009801";"Travaglini Gattinara Tre Vigne 2013";"Travaglini Gattinara Tre Vigne";"2013";"429.9";"0.75";"573.2";"RÃ¸dvin";"Glass";"13.5";"4.245926"
"Vinmonopolet";"8010601";"Shannon's Irish Cream Liqueur";"Shannon's Irish Cream Liqueur";"0";"196.1";"0.7";"280.14";"LikÃ¸r";"Glass";"17";"1.6478993"
"Vinmonopolet";"8010901";"Cigliuti Vie Erte Barbaresco 2013";"Cigliuti Vie Erte Barbaresco";"2013";"399.8";"0.75";"533.07";"RÃ¸dvin";"Glass";"14.5";"3.6763217"
"Vinmonopolet";"8012501";"Langmann Schilcher Frizzante 2019";"Langmann Schilcher Frizzante";"2019";"162.5";"0.75";"216.67";"Perlende vin, rosÃ©";"Glass";"11.5";"1.884058"
"Vinmonopolet";"8014001";"Valdesil Valderroa Mencia 2016";"Valdesil Valderroa Mencia";"2016";"169.2";"0.75";"225.6";"RÃ¸dvin";"Glass";"13";"1.7353846"
"Vinmonopolet";"8015001";"Leitz Rheingau Riesling Trocken 2019";"Leitz Rheingau Riesling Trocken";"2019";"149.9";"0.75";"199.87";"White wine";"Glass";"11.5";"1.737971"
"Vinmonopolet";"8015002";"Leitz Rheingau Riesling Trocken 2019";"Leitz Rheingau Riesling Trocken";"2019";"90";"0.38";"240";"White wine";"Glass";"11.5";"2.0594966"
"Vinmonopolet";"8015005";"Leitz Rheingau Riesling Trocken 2015";"Leitz Rheingau Riesling Trocken";"2015";"423.2";"1.5";"282.13";"White wine";"Glass";"11.5";"2.4533334"
"Vinmonopolet";"8015101";"3 Winner Riesling Trocken 2019";"3 Winner Riesling Trocken";"2019";"132";"0.75";"176";"White wine";"Glass";"12";"1.4666667"
"Vinmonopolet";"8015201";"Wittmann 100 HÃ¼gel Riesling Trocken 2018";"Wittmann 100 HÃ¼gel Riesling Trocken";"2018";"164";"0.75";"218.67";"White wine";"Glass";"12";"1.8222222"
"Vinmonopolet";"8015301";"Perusini Pinot Grigio";"Perusini Pinot Grigio";"2015";"208.2";"0.75";"277.6";"White wine";"Glass";"13";"2.1353846"
"Vinmonopolet";"8015801";"Vajra Barolo Chinato";"Vajra Barolo Chinato";"0";"499.9";"0.75";"666.53";"Flavoured wine	";"Glass";"18";"3.7029629"
"Vinmonopolet";"8015901";"Leyrat XO TrÃ¨s Vieux";"Leyrat XO TrÃ¨s Vieux";"0";"575";"0.7";"821.43";"Grape spirit";"Glass";"40";"2.0535715"
"Vinmonopolet";"8016701";"Kalinka S.P.R.T";"Kalinka S.P.R.T";"0";"189.9";"0.7";"271.29";"Brennevin, nÃ¸ytralt < 37,5 %";"Glass";"20";"1.3564285"
"Vinmonopolet";"8016702";"Kalinka S.P.R.T";"Kalinka S.P.R.T";"0";"139.9";"0.5";"279.8";"Brennevin, nÃ¸ytralt < 37,5 %";"Plast";"20";"1.3989999"
"Vinmonopolet";"8017301";"Clotilde Davenne Petit Chablis 2018";"Clotilde Davenne Petit Chablis";"2018";"189.9";"0.75";"253.2";"White wine";"Glass";"12";"2.11"
"Vinmonopolet";"8017401";"Clotilde Davenne Les Temps Perdus Petit Chablis 2018";"Clotilde Davenne Les Temps Perdus Petit Chablis";"2018";"179.9";"0.75";"239.87";"White wine";"Glass";"12";"1.9988889"
"Vinmonopolet";"8017506";"La Chablisienne Chablis 2016";"La Chablisienne Chablis";"2016";"649";"3";"216.33";"White wine";"Bag-in-box";"12.5";"1.7306666"
"Vinmonopolet";"8017601";"Brocard Chablis Pierre de Prehy 2018";"Brocard Chablis Pierre de Prehy";"2018";"199.9";"0.75";"266.53";"White wine";"Glass";"12.5";"2.1322665"
"Vinmonopolet";"8019701";"Monacesca Verdicchio di Matelica 2016";"Monacesca Verdicchio di Matelica";"2016";"199.9";"0.75";"266.53";"White wine";"Glass";"13.5";"1.9743209"
"Vinmonopolet";"8019801";"Mirum Verdicchio di Matelica Riserva 2013";"Mirum Verdicchio di Matelica Riserva";"2013";"299.9";"0.75";"399.87";"White wine";"Glass";"14.5";"2.7577012"
"Vinmonopolet";"8020401";"Comte de Ninot CrÃ©mant de Bourgogne RosÃ© Brut";"Comte de Ninot CrÃ©mant de Bourgogne RosÃ© Brut";"0";"179.9";"0.75";"239.87";"Musserende vin, rosÃ©";"Glass";"12";"1.9988889"
"Vinmonopolet";"8020901";"Valdobbiadene Prosecco Superiore Brut 2018";"Valdobbiadene Prosecco Superiore Brut";"2018";"149.9";"0.75";"199.87";"Sparkling wine";"Glass";"11";"1.8169696"
"Vinmonopolet";"8020902";"Valdobbiadene Prosecco Superiore Brut 2018";"Valdobbiadene Prosecco Superiore Brut";"2018";"84.9";"0.38";"226.4";"Sparkling wine";"Glass";"11";"2.0311005"
"Vinmonopolet";"8020905";"Valdobbiadene Prosecco Superiore Brut 2017";"Valdobbiadene Prosecco Superiore Brut";"2017";"319.9";"1.5";"213.27";"Sparkling wine";"Glass";"11";"1.9387878"
"Vinmonopolet";"8020907";"Valdobbiadene Prosecco Superiore Brut";"Valdobbiadene Prosecco Superiore Brut";"0";"925";"3";"308.33";"Sparkling wine";"Glass";"11";"2.8030303"
"Vinmonopolet";"8021001";"SC 1931 Prosecco di Conegliano-Valdobbiadene Brut 2015";"SC  Prosecco di Conegliano-Valdobbiadene Brut";"2015";"229.9";"0.75";"306.53";"Sparkling wine";"Glass";"11.5";"2.665507"
"Vinmonopolet";"8021201";"Castellblanc Extra, Brut";"Castellblanc Extra, Brut";"0";"129.9";"0.75";"173.2";"Sparkling wine";"Glass";"11.5";"1.5060868"
"Vinmonopolet";"8021501";"Pirie Tasmania";"Pirie Tasmania";"0";"239.9";"0.75";"319.87";"Sparkling wine";"Glass";"12.5";"2.5589333"
"Vinmonopolet";"8022401";"Tosalet Priorat Old Vines 2015";"Tosalet Priorat Old Vines";"2015";"200";"0.75";"266.67";"RÃ¸dvin";"Glass";"15";"1.7777778"
"Vinmonopolet";"8022407";"Tosalet Old Vines 2016";"Tosalet Old Vines";"2016";"950";"3";"316.67";"RÃ¸dvin";"Glass";"15";"2.1111112"
"Vinmonopolet";"8022501";"Bonny Doon Bien Nacido Syrah 2009";"Bonny Doon Bien Nacido Syrah";"2009";"462.8";"0.75";"617.07";"RÃ¸dvin";"Glass";"14";"4.407619"
"Vinmonopolet";"8023402";"Flying Dog Snake Dog IPA";"Flying Dog Snake Dog IPA";"0";"61.9";"0.35";"174.37";"India pale ale";"Glass";"7.1";"2.4909458"
"Vinmonopolet";"8027006";"Piccini Rosso Toscana 2019";"Piccini Rosso Toscana";"2019";"319.9";"2";"159.95";"RÃ¸dvin";"Bag-in-box";"13";"1.2303846"
"Vinmonopolet";"8029101";"La Casa In Collina Barbaresco 2013";"La Casa In Collina Barbaresco";"2013";"249.9";"0.75";"333.2";"RÃ¸dvin";"Glass";"13.5";"2.468148"
"Vinmonopolet";"8030301";"Valdesil Godello sobre lias 2017";"Valdesil Godello sobre lias";"2017";"183.5";"0.75";"244.67";"White wine";"Glass";"14.5";"1.6873564"
"Vinmonopolet";"8033001";"Ken Forrester Chenin Blanc Old Vine Reserve 2018";"Ken Forrester Chenin Blanc Old Vine Reserve";"2018";"205.9";"0.75";"274.53";"White wine";"Glass";"14";"1.9609523"
"Vinmonopolet";"8033101";"Leitz RÃ¼desheimer Berg Roseneck Riesling Trocken Alte Reben 2011";"Leitz RÃ¼desheimer Berg Roseneck Riesling Trocken Alte Reben";"2011";"259.8";"0.75";"346.4";"White wine";"Glass";"13.5";"2.5659258"
"Vinmonopolet";"8033201";"KÃ¼hn Quarzit Riesling Trocken 2018";"KÃ¼hn Quarzit Riesling Trocken";"2018";"259";"0.75";"345.33";"White wine";"Glass";"12";"2.8777778"
"Vinmonopolet";"8033301";"Vinologist Syrah 2017";"Vinologist Syrah";"2017";"159.9";"0.75";"213.2";"RÃ¸dvin";"Glass";"14.5";"1.4703448"
"Vinmonopolet";"8033601";"Vinologist Chenin Blanc 2018";"Vinologist Chenin Blanc";"2018";"149.9";"0.75";"199.87";"White wine";"Glass";"13.5";"1.4804938"
"Vinmonopolet";"8034504";"Dr. Loosen Riesling Beerenauslese 2015";"Dr. Loosen Riesling Beerenauslese";"2015";"155";"0.19";"828.88";"White wine";"Glass";"7";"11.654136"
"Vinmonopolet";"8035201";"Gleichenstein Hofgarten Pinot Noir 2016";"Gleichenstein Hofgarten Pinot Noir";"2016";"172.6";"0.75";"230.13";"RÃ¸dvin";"Glass";"13.5";"1.7046914"
"Vinmonopolet";"8035401";"Niepoort Dao Rotulo Touriga Nacional 2016";"Niepoort Dao Rotulo Touriga Nacional";"2016";"134.9";"0.75";"179.87";"RÃ¸dvin";"Glass";"13";"1.3835896"
"Vinmonopolet";"8035801";"Juliusspital IphÃ¶fer Julius-Echter-Berg Silvaner Trocken GG 2017";"Juliusspital IphÃ¶fer Julius-Echter-Berg Silvaner Trocken GG";"2017";"399.9";"0.75";"533.2";"White wine";"Glass";"13";"4.101538"
"Vinmonopolet";"8035901";"La Stoppa Ageno 2015";"La Stoppa Ageno";"2015";"324.8";"0.75";"433.07";"White wine";"Glass";"13";"3.331282"
"Vinmonopolet";"8036001";"Roche de Bellene Saint Aubin Blanc 2018";"Roche de Bellene Saint Aubin Blanc";"2018";"339.9";"0.75";"453.2";"White wine";"Glass";"13";"3.4861538"
"Vinmonopolet";"8037201";"Jean Fillioux Cigar Club Grande Champagne";"Jean Fillioux Cigar Club Grande Champagne";"0";"1045";"0.7";"1492.86";"Grape spirit";"Glass";"40";"3.732143"
"Vinmonopolet";"8037402";"Kirow Tiktak Lemon & Lime";"Kirow Tiktak Lemon & Lime";"0";"99.9";"0.35";"285.43";"Other spirit";"Glass";"17";"1.6789917"
"Vinmonopolet";"8038401";"Ch. Bellevue Favereau 2014";"Ch. Bellevue Favereau";"2014";"228.4";"0.75";"304.53";"RÃ¸dvin";"Glass";"13.5";"2.2558024"
"Vinmonopolet";"8038701";"Hexamer Riesling Trocken 2018";"Hexamer Riesling Trocken";"2018";"154.9";"0.75";"206.53";"White wine";"Glass";"12.5";"1.6522666"
"Vinmonopolet";"8040001";"Ch. La Chapelle du Couvent 2015";"Ch. La Chapelle du Couvent";"2015";"206.7";"0.75";"275.6";"RÃ¸dvin";"Glass";"13.5";"2.0414815"
"Vinmonopolet";"8040102";"St. Austell Proper Job IPA";"St. Austell Proper Job IPA";"0";"59.9";"0.5";"119.8";"India pale ale";"Glass";"5.5";"2.178182"
"Vinmonopolet";"8040502";"Budweiser Budvar";"Budweiser Budvar";"0";"34.9";"0.33";"105.76";"Light lager";"Glass";"5";"2.1151514"
"Vinmonopolet";"8040701";"Muzard Santenay Vieilles Vignes 2017";"Muzard Santenay Vieilles Vignes";"2017";"284.9";"0.75";"379.87";"RÃ¸dvin";"Glass";"13";"2.9220512"
"Vinmonopolet";"8041206";"Lavradores de Feitoria 2018";"Lavradores de Feitoria";"2018";"289.9";"2";"144.95";"RÃ¸dvin";"Bag-in-box";"13";"1.115"
"Vinmonopolet";"8041706";"Condor Peak TorrontÃ©s 2017";"Condor Peak TorrontÃ©s";"2017";"249.2";"2";"124.6";"White wine";"Bag-in-box";"13";"0.9584615"
"Vinmonopolet";"8041901";"Dom. Lafage Cayrol Vieilles Vignes 2017";"Dom. Lafage Cayrol Vieilles Vignes";"2017";"179.9";"0.75";"239.87";"RÃ¸dvin";"Glass";"14";"1.7133332"
"Vinmonopolet";"8042201";"Selbach-Oster Zeltinger Schlossberg Riesling Kabinett Trocken 2014";"Selbach-Oster Zeltinger Schlossberg Riesling Kabinett Trocken";"2014";"204.9";"0.75";"273.2";"White wine";"Glass";"11.5";"2.375652"
"Vinmonopolet";"8042601";"Ch. de Laubade 12 YO";"Ch. de Laubade 12 YO";"0";"779.5";"0.7";"1113.57";"Grape spirit";"Glass";"40";"2.7839286"
"Vinmonopolet";"8043501";"Paxis Arinto 2019";"Paxis Arinto";"2019";"102.9";"0.75";"137.2";"White wine";"Glass";"11.5";"1.1930435"
"Vinmonopolet";"8043801";"Wirsching IphÃ¶fer Riesling Kabinett Trocken 2015";"Wirsching IphÃ¶fer Riesling Kabinett Trocken";"2015";"191.6";"0.75";"255.47";"White wine";"Glass";"13";"1.9651283"
"Vinmonopolet";"8044101";"Meinklang GrÃ¼ner Veltliner 2019";"Meinklang GrÃ¼ner Veltliner";"2019";"165";"0.75";"220";"White wine";"Glass";"11";"2"
"Vinmonopolet";"8044201";"Mantlerhof GrÃ¼ner Veltliner 2016";"Mantlerhof GrÃ¼ner Veltliner";"2016";"149.9";"0.75";"199.87";"White wine";"Glass";"12";"1.6655555"
"Vinmonopolet";"8044301";"Rabl GrÃ¼ner Veltliner 2019";"Rabl GrÃ¼ner Veltliner";"2019";"149.9";"0.75";"199.87";"White wine";"Glass";"12";"1.6655555"
"Vinmonopolet";"8046402";"NÃ¸gne Ã Tiger Tripel";"NÃ¸gne Ã Tiger Tripel";"0";"59.9";"0.5";"119.8";"Trappist";"Glass";"9";"1.3311112"
"Vinmonopolet";"8047901";"Ch. de Pellehaut Armagnac 1982";"Ch. de Pellehaut Armagnac";"1982";"1159.9";"0.7";"1657";"Grape spirit";"Glass";"48.5";"3.416495"
"Vinmonopolet";"8048202";"Sara de Silenrieux";"Sara de Silenrieux";"0";"53";"0.33";"160.61";"HveteÃ¸l";"Glass";"6";"2.6767676"
"Vinmonopolet";"8049601";"Mas de Mas 2019";"Mas de Mas";"2019";"125.9";"0.75";"167.87";"RÃ¸dvin";"Glass";"13";"1.291282"
"Vinmonopolet";"8050301";"La Capra Kemane 2016";"La Capra Kemane";"2016";"175";"0.75";"233.33";"RÃ¸dvin";"Glass";"14";"1.6666666"
"Vinmonopolet";"8050701";"Reyneke Sauvignon Blanc 2018";"Reyneke Sauvignon Blanc";"2018";"249.9";"0.75";"333.2";"White wine";"Glass";"12.5";"2.6655998"
"Vinmonopolet";"8051401";"Louis Pascal Fronton RosÃ© 2019";"Louis Pascal Fronton RosÃ©";"2019";"119.9";"0.75";"159.87";"RosÃ©vin";"Glass";"12.5";"1.2789334"
"Vinmonopolet";"8051501";"Croix de Basson CÃ´tes de Provence RosÃ© 2019";"Croix de Basson CÃ´tes de Provence RosÃ©";"2019";"179.9";"0.75";"239.87";"RosÃ©vin";"Glass";"13.5";"1.77679"
"Vinmonopolet";"8052001";"E. Michel Premier Cru Extra Brut";"E. Michel Premier Cru Extra Brut";"0";"379.9";"0.75";"506.53";"Champagne extra brut";"Glass";"12.5";"4.0522666"
"Vinmonopolet";"8052401";"Cono Sur Bicicleta Syrah 2017";"Cono Sur Bicicleta Syrah";"2017";"119.9";"0.75";"159.87";"RÃ¸dvin";"Glass";"12.5";"1.2789334"
"Vinmonopolet";"8053901";"Matua Marlborough Pinot Noir 2018";"Matua Marlborough Pinot Noir";"2018";"149.9";"0.75";"199.87";"RÃ¸dvin";"Glass";"12";"1.6655555"
"Vinmonopolet";"8055001";"Grand Fief de la Cormeraie Muscadet SÃ¨vre et Maine sur Lie 2018";"Grand Fief de la Cormeraie Muscadet SÃ¨vre et Maine sur Lie";"2018";"154.9";"0.75";"206.53";"White wine";"Glass";"12";"1.721111"
"Vinmonopolet";"8055701";"Ch. Canon 2016";"Ch. Canon";"2016";"244.9";"0.75";"326.53";"RÃ¸dvin";"Glass";"13";"2.5117948"
"Vinmonopolet";"8055801";"Muzard Bourgogne 2018";"Muzard Bourgogne";"2018";"232";"0.75";"309.33";"RÃ¸dvin";"Glass";"12.5";"2.4746666"
"Vinmonopolet";"8056401";"Bouchard ÃinÃ© & Fils Bourgogne Chardonnay RÃ©serve 2018";"Bouchard ÃinÃ© & Fils Bourgogne Chardonnay RÃ©serve";"2018";"179.9";"0.75";"239.87";"White wine";"Glass";"13";"1.8451282"
"Vinmonopolet";"8058901";"Ridge Estate Cabernet Sauvignon 2016";"Ridge Estate Cabernet Sauvignon";"2016";"599";"0.75";"798.67";"RÃ¸dvin";"Glass";"13.5";"5.9160495"
"Vinmonopolet";"8059201";"Ratzenberger Steeger St. Jost Grosses GewÃ¤chs 2015";"Ratzenberger Steeger St. Jost Grosses GewÃ¤chs";"2015";"334.9";"0.75";"446.53";"White wine";"Glass";"12.5";"3.5722666"
"Vinmonopolet";"8059501";"Gehring Niersteiner Pettenthal Riesling 2008";"Gehring Niersteiner Pettenthal Riesling";"2008";"500";"0.75";"666.67";"White wine";"Glass";"12.5";"5.3333335"
"Vinmonopolet";"8061101";"M. Chapoutier Les Meysonniers 2017";"M. Chapoutier Les Meysonniers";"2017";"249.9";"0.75";"333.2";"RÃ¸dvin";"Glass";"13";"2.563077"
"Vinmonopolet";"8061105";"M. Chapoutier Les Meysonniers 2017";"M. Chapoutier Les Meysonniers";"2017";"495";"1.5";"330";"RÃ¸dvin";"Glass";"13";"2.5384614"
"Vinmonopolet";"8062701";"Bols Genever";"Bols Genever";"0";"429.9";"0.7";"614.14";"Genever";"Glass";"42";"1.4622449"
"Vinmonopolet";"8063501";"Bride Valley Blanc de Blancs 2014";"Bride Valley Blanc de Blancs";"2014";"470";"0.75";"626.67";"Sparkling wine";"Glass";"11.5";"5.4492755"
"Vinmonopolet";"8064001";"Gordon's Premium Pink Gin";"Gordon's Premium Pink Gin";"0";"369.9";"0.7";"528.43";"Gin";"Glass";"37.5";"1.4091429"
"Vinmonopolet";"8064401";"Gorka Izagirre G22 2015";"Gorka Izagirre G22";"2015";"253.7";"0.75";"338.27";"White wine";"Glass";"13";"2.6020513"
"Vinmonopolet";"8064801";"Odinstal Riesling Basalt 2016";"Odinstal Riesling Basalt";"2016";"439";"0.75";"585.33";"White wine";"Glass";"12";"4.8777776"
"Vinmonopolet";"8066401";"Gorka Izagirre 42 by Eneko Atxa 2015";"Gorka Izagirre 42 by Eneko Atxa";"2015";"308.1";"0.75";"410.8";"White wine";"Glass";"13";"3.16"
"Vinmonopolet";"8066601";"Ch. Citran 2012";"Ch. Citran";"2012";"375.5";"0.75";"500.67";"RÃ¸dvin";"Glass";"13";"3.8512821"
"Vinmonopolet";"8067401";"Villa Huesgen Alte Reben Riesling 2016";"Villa Huesgen Alte Reben Riesling";"2016";"268.8";"0.75";"358.4";"White wine";"Glass";"11";"3.2581816"
"Vinmonopolet";"8067601";"Luxardo Bitter Bianco";"Luxardo Bitter Bianco";"0";"319.9";"0.7";"457";"LikÃ¸r";"Glass";"30";"1.5233333"
"Vinmonopolet";"8067701";"Havn Bangkok Gin";"Havn Bangkok Gin";"0";"650";"0.7";"928.57";"Gin";"Glass";"40";"2.3214285"
"Vinmonopolet";"8067801";"Ch. de Chamirey La Mission Monopole Mercurey Premier Cru 2015";"Ch. de Chamirey La Mission Monopole Mercurey Premier Cru";"2015";"540";"0.75";"720";"White wine";"Glass";"13.5";"5.3333335"
"Vinmonopolet";"8067901";"Ch. de Chamirey Les Ruelles Monopole Mercurey Premier Cru 2015";"Ch. de Chamirey Les Ruelles Monopole Mercurey Premier Cru";"2015";"525";"0.75";"700";"RÃ¸dvin";"Glass";"13.5";"5.185185"
"Vinmonopolet";"8068001";"Havn Antwerp Gin";"Havn Antwerp Gin";"0";"650";"0.7";"928.57";"Gin";"Glass";"40";"2.3214285"
"Vinmonopolet";"8068201";"Havn Marseille Gin";"Havn Marseille Gin";"0";"650";"0.7";"928.57";"Gin";"Glass";"40";"2.3214285"
"Vinmonopolet";"8068401";"Havn Copenhagen Gin";"Havn Copenhagen Gin";"0";"650";"0.7";"928.57";"Gin";"Glass";"40";"2.3214285"
"Vinmonopolet";"8069001";"Ch. Pontet-Canet 2012";"Ch. Pontet-Canet";"2012";"994";"0.75";"1325.33";"RÃ¸dvin";"Glass";"13.5";"9.817284"
"Vinmonopolet";"8069101";"Dom. La Sobilane 1955";"Dom. La Sobilane";"1955";"1224";"0.75";"1632";"Fortified wine";"Glass";"16";"10.2"
"Vinmonopolet";"8069301";"Bod. Ximenez Spinola Exceptional Harvest 2017";"Bod. Ximenez Spinola Exceptional Harvest";"2017";"294.1";"0.75";"392.13";"White wine";"Glass";"12.5";"3.1370668"
"Vinmonopolet";"8069401";"Cara Nord Trepat 2015";"Cara Nord Trepat";"2015";"208";"0.75";"277.33";"RÃ¸dvin";"Glass";"13";"2.1333334"
"Vinmonopolet";"8069801";"Juillot Mercurey 1.Cru Les Champs Martins 2017";"Juillot Mercurey 1.Cru Les Champs Martins";"2017";"419.9";"0.75";"559.87";"RÃ¸dvin";"Glass";"13.5";"4.1471605"
"Vinmonopolet";"8070201";"Ch. Vieux Clos St Emilion 2004";"Ch. Vieux Clos St Emilion";"2004";"238.9";"0.75";"318.53";"RÃ¸dvin";"Glass";"12.5";"2.5482666"
"Vinmonopolet";"8070901";"Wildekrans Estate Pinotage 2015";"Wildekrans Estate Pinotage";"2015";"239.1";"0.75";"318.8";"RÃ¸dvin";"Glass";"14";"2.277143"
"Vinmonopolet";"8071601";"K Vintners Charlotte 2014";"K Vintners Charlotte";"2014";"611";"0.75";"814.67";"RÃ¸dvin";"Glass";"15";"5.4311113"
"Vinmonopolet";"8071801";"B. Leighton Petit Verdot 2014";"B. Leighton Petit Verdot";"2014";"700";"0.75";"933.33";"RÃ¸dvin";"Glass";"14.4";"6.4814816"
"Vinmonopolet";"8072201";"K Roma 2014";"K Roma";"2014";"725";"0.75";"966.67";"RÃ¸dvin";"Glass";"14.5";"6.6666665"
"Vinmonopolet";"8073301";"MarquÃ©s de la Concordia Rioja Santiago Gran Reserva 2006";"MarquÃ©s de la Concordia Rioja Santiago Gran Reserva";"2006";"209.9";"0.75";"279.87";"RÃ¸dvin";"Glass";"13.5";"2.0730863"
"Vinmonopolet";"8073401";"Brundlmayer Langenloiser KÃ¤ferberg 1ÃTW Gruner Veltiner 2018";"Brundlmayer Langenloiser KÃ¤ferberg 1ÃTW Gruner Veltiner";"2018";"419.9";"0.75";"559.87";"White wine";"Glass";"13.5";"4.1471605"
"Vinmonopolet";"8073701";"Feudi di San Gregorio Taurasi Riserva Montevergine";"Feudi di San Gregorio Taurasi Riserva Montevergine";"2012";"399.9";"0.75";"533.2";"RÃ¸dvin";"Glass";"14.5";"3.6772413"
"Vinmonopolet";"8073801";"Feudi di San Gregorio Serpico";"Feudi di San Gregorio Serpico";"2011";"599.9";"0.75";"799.87";"RÃ¸dvin";"Glass";"14.5";"5.516322"
"Vinmonopolet";"8074401";"MarquÃ©s de la Concordia Rioja Santiago Reserva 2012";"MarquÃ©s de la Concordia Rioja Santiago Reserva";"2012";"180.5";"0.75";"240.67";"RÃ¸dvin";"Glass";"13";"1.851282"
"Vinmonopolet";"8074501";"Meyer Old Main Road Tribute Chardonnay 2018";"Meyer Old Main Road Tribute Chardonnay";"2018";"299.9";"0.75";"399.87";"White wine";"Glass";"13";"3.0758975"
"Vinmonopolet";"8074701";"Pradorey Adaro Crianza 2016";"Pradorey Adaro Crianza";"2016";"299.9";"0.75";"399.87";"RÃ¸dvin";"Glass";"14.5";"2.7577012"
"Vinmonopolet";"8074901";"Pradorey Crianza 2016";"Pradorey Crianza";"2016";"250";"0.75";"333.33";"RÃ¸dvin";"Glass";"14.5";"2.2988505"
"Vinmonopolet";"8075101";"Pradorey Origen Red 2018";"Pradorey Origen Red";"2018";"195";"0.75";"260";"RÃ¸dvin";"Glass";"14";"1.8571428"
"Vinmonopolet";"8075801";"Tariquet DerniÃ¨res Grives Kultour";"Tariquet DerniÃ¨res Grives Kultour";"2015";"249.9";"0.75";"333.2";"White wine";"Glass";"11.5";"2.8973913"
"Vinmonopolet";"8075805";"Tariquet DerniÃ¨res Grives Kultour";"Tariquet DerniÃ¨res Grives Kultour";"2015";"499.9";"1.5";"333.27";"White wine";"Glass";"11.5";"2.897971"
"Vinmonopolet";"8077401";"Fossil Vale da Capucha Tinto 2015";"Fossil Vale da Capucha Tinto";"2015";"186.3";"0.75";"248.4";"RÃ¸dvin";"Glass";"13";"1.9107692"
"Vinmonopolet";"8077502";"Cepa Pura Late Harvest 2015";"Cepa Pura Late Harvest";"2015";"247.2";"0.5";"494.4";"White wine";"Glass";"10";"4.944"
"Vinmonopolet";"8078601";"Yealands Estate Land Made RosÃ© 2018";"Yealands Estate Land Made RosÃ©";"2018";"149.9";"0.75";"199.87";"RosÃ©vin";"Glass";"13";"1.5374359"
"Vinmonopolet";"8078806";"Flying Eagle Chardonnay 2016";"Flying Eagle Chardonnay";"2016";"459.9";"3";"153.3";"White wine";"Bag-in-box";"14";"1.095"
"Vinmonopolet";"8078901";"Borthwick Vineyard Pinot Gris 2016";"Borthwick Vineyard Pinot Gris";"2016";"175";"0.75";"233.33";"White wine";"Glass";"12.8";"1.8229166"
"Vinmonopolet";"8079001";"Clot de lâOum Saint Bart Vieilles Vignes 2016";"Clot de lâOum Saint Bart Vieilles Vignes";"2016";"289";"0.75";"385.33";"RÃ¸dvin";"Glass";"13.5";"2.854321"
"Vinmonopolet";"8081402";"Cherry Chouffe";"Cherry Chouffe";"0";"58.9";"0.33";"178.49";"Special";"Glass";"8";"2.2310605"
"Vinmonopolet";"8081502";"Boulevard Single Wide IPA";"Boulevard Single Wide IPA";"0";"60.5";"0.33";"183.33";"India pale ale";"Glass";"5.7";"3.2163742"
"Vinmonopolet";"8082001";"Collecapretta Buscaia";"Collecapretta Buscaia";"2017";"279.9";"0.75";"373.2";"White wine";"Glass";"12.5";"2.9856"
"Vinmonopolet";"8082102";"Seifried Winemakers Collection Sweet Agnes Riesling";"Seifried Winemakers Collection Sweet Agnes Riesling";"2018";"279.9";"0.38";"746.4";"White wine";"Glass";"10.5";"7.0150375"
"Vinmonopolet";"8082301";"Collecapretta Vigna Vecchia";"Collecapretta Vigna Vecchia";"2017";"299.9";"0.75";"399.87";"White wine";"Glass";"13";"3.0758975"
"Vinmonopolet";"8082401";"Collecapretta Il Rossodatavola";"Collecapretta Il Rossodatavola";"2016";"269.9";"0.75";"359.87";"RÃ¸dvin";"Glass";"13.5";"2.665679"
"Vinmonopolet";"8082501";"Monastero Trappiste Coenobium";"Monastero Trappiste Coenobium";"2018";"220";"0.75";"293.33";"White wine";"Glass";"12.5";"2.3466666"
"Vinmonopolet";"8082601";"Monastero Trappiste Coenobium Ruscum";"Monastero Trappiste Coenobium Ruscum";"2018";"259.9";"0.75";"346.53";"White wine";"Glass";"12";"2.8877778"
"Vinmonopolet";"8082701";"LâAmandier Petite Nature 2018";"LâAmandier Petite Nature";"2018";"259.9";"0.75";"346.53";"Sparkling white wine";"Glass";"12.5";"2.7722666"
"Vinmonopolet";"8082801";"L'Amandier BrÃ©zÃ¨me 2017";"L'Amandier BrÃ©zÃ¨me";"2017";"269.9";"0.75";"359.87";"RÃ¸dvin";"Glass";"12.5";"2.8789332"
"Vinmonopolet";"8083101";"Rabl GrÃ¼ner Veltliner KÃ¤ferberg 2018";"Rabl GrÃ¼ner Veltliner KÃ¤ferberg";"2018";"259.9";"0.75";"346.53";"White wine";"Glass";"13";"2.665641"
"Vinmonopolet";"8084201";"Charles Audoin Bourgogne AligotÃ© 2018";"Charles Audoin Bourgogne AligotÃ©";"2018";"269.9";"0.75";"359.87";"White wine";"Glass";"12.5";"2.8789332"
"Vinmonopolet";"8084401";"Knez Demuth Pinot Noir 2013";"Knez Demuth Pinot Noir";"2013";"498";"0.75";"664";"RÃ¸dvin";"Glass";"13.4";"4.955224"
"Vinmonopolet";"8086001";"The Glenlivet Pittandlich";"The Glenlivet Pittandlich";"0";"1750";"0.7";"2500";"Whisky";"Glass";"59.9";"4.1736226"
"Vinmonopolet";"8087001";"Bennati Amarone della Valpolicella";"Bennati Amarone della Valpolicella";"2016";"369.9";"0.75";"493.2";"RÃ¸dvin";"Glass";"15";"3.2879999"
"Vinmonopolet";"8087101";"Bennati Valpolicella Ripasso Superiore";"Bennati Valpolicella Ripasso Superiore";"2016";"214.9";"0.75";"286.53";"RÃ¸dvin";"Glass";"14";"2.0466666"
"Vinmonopolet";"8087201";"Borthwick Paper Road Pinot Noir";"Borthwick Paper Road Pinot Noir";"2016";"149.7";"0.75";"199.6";"RÃ¸dvin";"Glass";"13.6";"1.467647"
"Vinmonopolet";"8087301";"Paddy Borthwick Pinot Noir";"Paddy Borthwick Pinot Noir";"2016";"179.7";"0.75";"239.6";"RÃ¸dvin";"Glass";"13.5";"1.7748148"
"Vinmonopolet";"8087405";"Ch. de BÃ©ru Chablis 2017";"Ch. de BÃ©ru Chablis";"2017";"775";"1.5";"516.67";"White wine";"Glass";"12.5";"4.133333"
"Vinmonopolet";"8087601";"Hesnes Bianco";"Hesnes Bianco";"2015";"180";"0.75";"240";"White wine";"Glass";"12";"2"
"Vinmonopolet";"8090501";"Leclerc Briant Abyss MillÃ©sime Brut Zero 2014";"Leclerc Briant Abyss MillÃ©sime Brut Zero";"2014";"1549.9";"0.75";"2066.53";"Champagne extra brut";"Glass";"12";"17.221111"
"Vinmonopolet";"8090601";"Kutch Signal Ridge Pinot Noir 2016";"Kutch Signal Ridge Pinot Noir";"2016";"498";"0.75";"664";"RÃ¸dvin";"Glass";"12";"5.5333333"
"Vinmonopolet";"8090701";"August Eser In Cod We Trust";"August Eser In Cod We Trust";"2018";"215.6";"1";"215.6";"White wine";"Glass";"11";"1.96"
"Vinmonopolet";"8093105";"Castellâin Villa Chianti Classico Riserva 2011";"Castellâin Villa Chianti Classico Riserva";"2011";"1250";"1.5";"833.33";"RÃ¸dvin";"Glass";"14";"5.952381"
"Vinmonopolet";"8093301";"Trimbach Pinot Noir RÃ©serve 2018";"Trimbach Pinot Noir RÃ©serve";"2018";"284.9";"0.75";"379.87";"RÃ¸dvin";"Glass";"13";"2.9220512"
"Vinmonopolet";"8093701";"Claus Preisinger Kalkundkiesel";"Claus Preisinger Kalkundkiesel";"2017";"259.9";"0.75";"346.53";"White wine";"Glass";"11.5";"3.0133333"
"Vinmonopolet";"8093801";"Claus Preisinger Pannobile";"Claus Preisinger Pannobile";"2014";"339.9";"0.75";"453.2";"RÃ¸dvin";"Glass";"12.5";"3.6255999"
"Vinmonopolet";"8093901";"Claus Preisinger BlaufrÃ¤nkisch";"Claus Preisinger BlaufrÃ¤nkisch";"2018";"199.9";"0.75";"266.53";"RÃ¸dvin";"Glass";"12.5";"2.1322665"
"Vinmonopolet";"8094001";"Claus Preisinger Erdeluftgrasundreben";"Claus Preisinger Erdeluftgrasundreben";"2016";"399.9";"0.75";"533.2";"White wine";"Glass";"11.5";"4.636522"
"Vinmonopolet";"8094301";"Seifried Nelson Chardonnay";"Seifried Nelson Chardonnay";"2015";"234.9";"0.75";"313.2";"White wine";"Glass";"14";"2.2371428"
"Vinmonopolet";"8094401";"Aotea Nelson Sauvignon Blanc";"Aotea Nelson Sauvignon Blanc";"2015";"234.9";"0.75";"313.2";"White wine";"Glass";"13.5";"2.32"
"Vinmonopolet";"8094701";"Delamotte Blanc de Blanc 1999";"Delamotte Blanc de Blanc";"1999";"1999.9";"0.75";"2666.53";"Champagne, brut";"Glass";"12";"22.221111"
"Vinmonopolet";"8095301";"Castellâin Villa Chianti Classico Riserva";"Castellâin Villa Chianti Classico Riserva";"2011";"599.9";"0.75";"799.87";"RÃ¸dvin";"Glass";"14.5";"5.516322"
"Vinmonopolet";"8095402";"Eiker Pinapple Habanero Saison";"Eiker Pinapple Habanero Saison";"0";"69.9";"0.33";"211.82";"Saison farmhouse ale";"Glass";"7";"3.025974"
"Vinmonopolet";"8095501";"Stolpman La Cuadrilla 2016";"Stolpman La Cuadrilla";"2016";"339.9";"0.75";"453.2";"RÃ¸dvin";"Glass";"14.1";"3.2141843"
"Vinmonopolet";"8095601";"Chanin Sanford & Benedict Chardonnay 2017";"Chanin Sanford & Benedict Chardonnay";"2017";"449.9";"0.75";"599.87";"White wine";"Glass";"13.5";"4.4434566"
"Vinmonopolet";"8095701";"Stolpman Combe Trousseau Pet'Nat 2017";"Stolpman Combe Trousseau Pet'Nat";"2017";"439.9";"0.75";"586.53";"Perlende vin, rÃ¸d";"Glass";"11";"5.3321214"
"Vinmonopolet";"8095802";"Minttu Peppermint";"Minttu Peppermint";"0";"199.9";"0.35";"571.14";"LikÃ¸r";"Plast";"35";"1.6318368"
"Vinmonopolet";"8096301";"Claus Preisinger ErdeLuftGrasundReben";"Claus Preisinger ErdeLuftGrasundReben";"2017";"399.9";"0.75";"533.2";"RÃ¸dvin";"Glass";"13";"4.101538"
"Vinmonopolet";"8096401";"Samuel Smith's Organic Perry Cider";"Samuel Smith's Organic Perry Cider";"0";"61.9";"0.55";"112.55";"Cider";"Glass";"5";"2.250909"
"Vinmonopolet";"8096502";"Koskenkorva Minttu";"Koskenkorva Minttu";"0";"229.9";"0.5";"459.8";"LikÃ¸r";"Glass";"35";"1.3137143"
"Vinmonopolet";"8096601";"XantÃ© Pear Mojito";"XantÃ© Pear Mojito";"0";"249.9";"1";"249.9";"Other spirit";"Glass";"14.9";"1.6771812"
"Vinmonopolet";"8099601";"Dom. Weinbach Riesling Schlossberg Grand Cru CuveÃ© l'Inedit 2017";"Dom. Weinbach Riesling Schlossberg Grand Cru CuveÃ© l'Inedit";"2017";"674.9";"0.75";"899.87";"White wine";"Glass";"13.5";"6.6656795"
"Vinmonopolet";"8099701";"David Reynaud Aux BÃªtises Crozes-Hermitage 2018";"David Reynaud Aux BÃªtises Crozes-Hermitage";"2018";"315";"0.75";"420";"White wine";"Glass";"13.5";"3.1111112"
"Vinmonopolet";"8104902";"Brouwerij de Molen Bommen & Granaten";"Brouwerij de Molen Bommen & Granaten";"0";"79.9";"0.33";"242.12";"Barley wine	";"Glass";"11.9";"2.034632"
"Vinmonopolet";"8105002";"Brouwerij de Molen Hamer & Sikkel";"Brouwerij de Molen Hamer & Sikkel";"0";"49.9";"0.33";"151.21";"Porter and stout";"Glass";"5.2";"2.9079256"
"Vinmonopolet";"8107201";"Folonari Cabreo Il Borgo 1993";"Folonari Cabreo Il Borgo";"1993";"899.9";"0.75";"1199.87";"RÃ¸dvin";"Glass";"13";"9.229744"
"Vinmonopolet";"8107301";"Folonari Cabreo Il Borgo 1987";"Folonari Cabreo Il Borgo";"1987";"899.9";"0.75";"1199.87";"RÃ¸dvin";"Glass";"13.5";"8.887901"
"Vinmonopolet";"8107405";"Sorelle Bronca Particella 68";"Sorelle Bronca Particella 68";"0";"485";"1.5";"323.33";"Sparkling wine";"Glass";"11";"2.939394"
"Vinmonopolet";"8107501";"Folonari Cabreo Il Borgo 1994";"Folonari Cabreo Il Borgo";"1994";"799.9";"0.75";"1066.53";"RÃ¸dvin";"Glass";"13.5";"7.900247"
"Vinmonopolet";"8107601";"La Fuga Brunello di Montalcino 2004";"La Fuga Brunello di Montalcino";"2004";"1149.9";"0.75";"1533.2";"RÃ¸dvin";"Glass";"13.5";"11.357038"
"Vinmonopolet";"8107701";"Ch. Marquis d'Alesme 2015";"Ch. Marquis d'Alesme";"2015";"659.9";"0.75";"879.87";"RÃ¸dvin";"Glass";"14.5";"6.068046"
"Vinmonopolet";"8107901";"Fleur de PÃ©desclaux 2015";"Fleur de PÃ©desclaux";"2015";"399.9";"0.75";"533.2";"RÃ¸dvin";"Glass";"13";"4.101538"
"Vinmonopolet";"8108001";"Lutum Durell Chardonnay 2016";"Lutum Durell Chardonnay";"2016";"569.9";"0.75";"759.87";"White wine";"Glass";"13.5";"5.628642"
"Vinmonopolet";"8108201";"Dom. Melody L'Exception Crozes-Hermitage 2017";"Dom. Melody L'Exception Crozes-Hermitage";"2017";"239.7";"0.75";"319.6";"White wine";"Glass";"12.5";"2.5568"
"Vinmonopolet";"8108301";"Dom. Melody Premier Regard Crozes-Hermitage 2015";"Dom. Melody Premier Regard Crozes-Hermitage";"2015";"250.2";"0.75";"333.6";"RÃ¸dvin";"Glass";"13.5";"2.471111"
"Vinmonopolet";"8108401";"Dom. Melody Etoile Noire Crozes-Hermitage 2017";"Dom. Melody Etoile Noire Crozes-Hermitage";"2017";"298.9";"0.75";"398.53";"RÃ¸dvin";"Glass";"14";"2.8466666"
"Vinmonopolet";"8108501";"Lutum La Rinconada Pinot Noir 2016";"Lutum La Rinconada Pinot Noir";"2016";"569.9";"0.75";"759.87";"RÃ¸dvin";"Glass";"13";"5.8451285"
"Vinmonopolet";"8108801";"David & Nadia Aristargos 2015";"David & Nadia Aristargos";"2015";"167.5";"0.75";"223.33";"White wine";"Glass";"13.5";"1.654321"
"Vinmonopolet";"8110301";"Ballageza Frizzy";"Ballageza Frizzy";"2016";"153.9";"0.75";"205.2";"Sparkling white wine";"Glass";"12.5";"1.6415999"
"Vinmonopolet";"8110401";"Crama Alira RosÃ© 2017";"Crama Alira RosÃ©";"2017";"180.3";"0.75";"240.4";"RosÃ©vin";"Glass";"12.9";"1.8635659"
"Vinmonopolet";"8110501";"Ballageza Mustoasa de Maderat";"Ballageza Mustoasa de Maderat";"2016";"164.7";"0.75";"219.6";"White wine";"Glass";"11.5";"1.9095652"
"Vinmonopolet";"8110601";"Ballageza Rosu de Minis Cadarca";"Ballageza Rosu de Minis Cadarca";"2015";"145.6";"0.75";"194.13";"RÃ¸dvin";"Glass";"12.9";"1.5049096"
"Vinmonopolet";"8110701";"Foss Marai Marai de Marai Brut";"Foss Marai Marai de Marai Brut";"2019";"198.7";"0.75";"264.93";"Sparkling wine";"Glass";"11";"2.4084847"
"Vinmonopolet";"8110801";"Chanin Sanford & Benedict 2017";"Chanin Sanford & Benedict";"2017";"549.9";"0.75";"733.2";"RÃ¸dvin";"Glass";"13.5";"5.4311113"
"Vinmonopolet";"8112401";"Salon 1997";"Salon";"1997";"4249.9";"0.75";"5666.53";"Champagne, brut";"Glass";"12";"47.22111"
"Vinmonopolet";"8112501";"La Cappuccina Madego";"La Cappuccina Madego";"2016";"219.9";"0.75";"293.2";"RÃ¸dvin";"Glass";"13";"2.2553844"
"Vinmonopolet";"8115202";"Lofotpils Fjellstout";"Lofotpils Fjellstout";"0";"49.8";"0.33";"150.91";"Porter and stout";"Glass";"7.5";"2.0121212"
"Vinmonopolet";"8115302";"Riecine Sebastiano 2001";"Riecine Sebastiano";"2001";"299";"0.5";"598";"White wine";"Glass";"12";"4.983333"
"Vinmonopolet";"8116501";"Dom. Padie Fleur de Cailloux 2016";"Dom. Padie Fleur de Cailloux";"2016";"268";"0.75";"357.33";"White wine";"Glass";"12.5";"2.8586667"
"Vinmonopolet";"8117201";"Duncan Taylor Octave Glenallachie 9 YO 2008";"Duncan Taylor Octave Glenallachie 9 YO";"2008";"999";"0.7";"1427.14";"Whisky";"Glass";"46.6";"3.0625384"
"Vinmonopolet";"8117301";"Duncan Taylor Dimensions Glenallachie 6 YO 2011";"Duncan Taylor Dimensions Glenallachie 6 YO";"2011";"899";"0.7";"1284.29";"Whisky";"Glass";"52.6";"2.441608"
"Vinmonopolet";"8118001";"Indian Summer Saffron Infused Gin";"Indian Summer Saffron Infused Gin";"0";"645";"0.7";"921.43";"Gin";"Glass";"46";"2.0031056"
"Vinmonopolet";"8118101";"Tomatin Cask Strength";"Tomatin Cask Strength";"0";"885";"0.7";"1264.29";"Whisky";"Glass";"57.5";"2.198758"
"Vinmonopolet";"8118501";"Fernandez AdrÃ¡s Mencia 2016";"Fernandez AdrÃ¡s Mencia";"2016";"194.9";"0.75";"259.87";"RÃ¸dvin";"Glass";"13";"1.9989743"
"Vinmonopolet";"8119301";"Ch. Dauzac 1990";"Ch. Dauzac";"1990";"1089.9";"0.75";"1453.2";"RÃ¸dvin";"Glass";"12.5";"11.6256"
"Vinmonopolet";"8119402";"Ch. de Rayne Vigneau Sauternes 2010";"Ch. de Rayne Vigneau Sauternes";"2010";"273";"0.38";"728";"White wine";"Glass";"13.5";"5.3216376"
"Vinmonopolet";"8119601";"Corison St. Helena Napa Valley Cabernet Sauvignon 2016";"Corison St. Helena Napa Valley Cabernet Sauvignon";"2016";"949.9";"0.75";"1266.53";"RÃ¸dvin";"Glass";"13.1";"9.668194"
"Vinmonopolet";"8119902";"Great Divide Yeti Imperial Stout";"Great Divide Yeti Imperial Stout";"0";"69.9";"0.35";"196.9";"Porter and stout";"Metall";"9.5";"2.1022558"
"Vinmonopolet";"8120001";"La Fuga Brunello di Montalcino 2006";"La Fuga Brunello di Montalcino";"2006";"1099.9";"0.75";"1466.53";"RÃ¸dvin";"Glass";"14";"10.475239"
"Vinmonopolet";"8120101";"Folonari Cabreo Il Borgo 2010";"Folonari Cabreo Il Borgo";"2010";"499.9";"0.75";"666.53";"RÃ¸dvin";"Glass";"14.5";"4.5967817"
"Vinmonopolet";"8120201";"Folonari Cabreo Il Borgo 1996";"Folonari Cabreo Il Borgo";"1996";"899.9";"0.75";"1199.87";"RÃ¸dvin";"Glass";"13.5";"8.887901"
"Vinmonopolet";"8120301";"Torbreck The Factor 2013";"Torbreck The Factor";"2013";"950";"0.75";"1266.67";"RÃ¸dvin";"Glass";"15.5";"8.172043"
"Vinmonopolet";"8120401";"Torbreck Runrig 2016";"Torbreck Runrig";"2016";"1890";"0.75";"2520";"RÃ¸dvin";"Glass";"15.5";"16.258064"
"Vinmonopolet";"8120501";"Martini Riserva Speciale Rubino";"Martini Riserva Speciale Rubino";"0";"229.9";"0.75";"306.53";"Vermouth";"Glass";"18";"1.7029629"
"Vinmonopolet";"8120601";"Martini Riserva Speciale Ambrato";"Martini Riserva Speciale Ambrato";"0";"229.9";"0.75";"306.53";"Vermouth";"Glass";"18";"1.7029629"
"Vinmonopolet";"8120701";"Banks 7 Golden Blend";"Banks 7 Golden Blend";"0";"599.9";"0.7";"857";"Rum";"Glass";"43";"1.9930234"
"Vinmonopolet";"8120801";"Banks 5 Island Blend";"Banks 5 Island Blend";"0";"554.9";"0.7";"792.71";"Rum";"Glass";"43";"1.8435217"
"Vinmonopolet";"8121005";"Foradori Granato 2016";"Foradori Granato";"2016";"1199";"1.5";"799.33";"RÃ¸dvin";"Glass";"12.5";"6.3946667"
"Vinmonopolet";"8121401";"Explorer Vodka";"Explorer Vodka";"0";"291.9";"0.7";"417";"Vodka";"Plast";"37.5";"1.112"
"Vinmonopolet";"8121402";"Explorer Vodka";"Explorer Vodka";"0";"164.9";"0.35";"471.14";"Vodka";"Glass";"37.5";"1.2563809"
"Vinmonopolet";"8121501";"Wine & Soul Pintas Douro 2015";"Wine & Soul Pintas Douro";"2015";"694.9";"0.75";"926.53";"RÃ¸dvin";"Glass";"14.5";"6.3898854"
"Vinmonopolet";"8121701";"Agostino Barbera d'Asti Cuvee Monsen";"Agostino Barbera d'Asti Cuvee Monsen";"0";"189.5";"0.75";"252.67";"RÃ¸dvin";"Glass";"13.5";"1.8716049"
"Vinmonopolet";"8121901";"Renieri Chianti Classico 2015";"Renieri Chianti Classico";"2015";"188.3";"0.75";"251.07";"RÃ¸dvin";"Glass";"14";"1.7933334"
"Vinmonopolet";"8122002";"Veholt Brett d'Emilie";"Veholt Brett d'Emilie";"0";"79.9";"0.5";"159.8";"Saison farmhouse ale";"Glass";"6.5";"2.4584615"
"Vinmonopolet";"8122101";"Ch. Malescot St. ExupÃ©ry 2004";"Ch. Malescot St. ExupÃ©ry";"2004";"719.9";"0.75";"959.87";"RÃ¸dvin";"Glass";"13.5";"7.1101236"
"Vinmonopolet";"8122201";"Faiveley Ladoix Blanc 2016";"Faiveley Ladoix Blanc";"2016";"319.9";"0.75";"426.53";"White wine";"Glass";"13";"3.2810256"
"Vinmonopolet";"8122301";"Faiveley Gevrey Chambertin Vieilles Vignes 2016";"Faiveley Gevrey Chambertin Vieilles Vignes";"2016";"435";"0.75";"580";"RÃ¸dvin";"Glass";"13.5";"4.296296"
"Vinmonopolet";"8122402";"St. Hallvards #100";"St. Hallvards #100";"0";"79.9";"0.33";"242.12";"Barley wine	";"Metall";"12";"2.0176768"
"Vinmonopolet";"8123401";"Clandestin Les Semblables Brut Nature";"Clandestin Les Semblables Brut Nature";"2015";"369.8";"0.75";"493.07";"Champagne extra brut";"Glass";"12";"4.1088886"
"Vinmonopolet";"8123501";"Long Meadow Ranch Andersen Valley Pinot Gris";"Long Meadow Ranch Andersen Valley Pinot Gris";"2017";"369.9";"0.75";"493.2";"White wine";"Glass";"13.5";"3.6533332"
"Vinmonopolet";"8125101";"Ochota Barrels Surfer Rosa Garnacha";"Ochota Barrels Surfer Rosa Garnacha";"2017";"299.9";"0.75";"399.87";"RÃ¸dvin";"Glass";"11.4";"3.5076025"
"Vinmonopolet";"8125201";"Ochota Barrels From the North MourvÃ¨dre";"Ochota Barrels From the North MourvÃ¨dre";"2018";"379.9";"0.75";"506.53";"RÃ¸dvin";"Glass";"12.8";"3.9572916"
"Vinmonopolet";"8125601";"JH Meyer Pinot Noir Carbonic";"JH Meyer Pinot Noir Carbonic";"2019";"249.9";"0.75";"333.2";"RÃ¸dvin";"Glass";"12";"2.7766666"
"Vinmonopolet";"8125701";"Scions of Sinai Nomadis.";"Scions of Sinai Nomadis.";"2019";"289.9";"0.75";"386.53";"RÃ¸dvin";"Glass";"11.5";"3.3611593"
"Vinmonopolet";"8125801";"Fonterenza Alberello Rosso di Montalcino 2015";"Fonterenza Alberello Rosso di Montalcino";"2015";"389.9";"0.75";"519.87";"RÃ¸dvin";"Glass";"14.5";"3.5852873"
"Vinmonopolet";"8125901";"Jean Paul Brun Moulin Ã  Vent La Rochelle 2018";"Jean Paul Brun Moulin Ã  Vent La Rochelle";"2018";"369.9";"0.75";"493.2";"RÃ¸dvin";"Glass";"12.5";"3.9456"
"Vinmonopolet";"8126001";"FRV100 de Jean-Paul Brun";"FRV100 de Jean-Paul Brun";"0";"214.9";"0.75";"286.53";"Musserende vin, rosÃ©";"Glass";"7.5";"3.8204443"
"Vinmonopolet";"8126201";"Ismael Gozalo La Banda del Argilico";"Ismael Gozalo La Banda del Argilico";"2019";"289.9";"0.75";"386.53";"White wine";"Glass";"13";"2.9733334"
"Vinmonopolet";"8126401";"Ismael Gozalo Sietejuntos Syrah";"Ismael Gozalo Sietejuntos Syrah";"2016";"319.9";"0.75";"426.53";"RÃ¸dvin";"Glass";"13.5";"3.159506"
"Vinmonopolet";"8126802";"Clos L'Abeilley 2013";"Clos L'Abeilley";"2013";"256";"0.38";"682.67";"White wine";"Glass";"13.5";"4.9902534"
"Vinmonopolet";"8127701";"Trapl Carnuntum Rot";"Trapl Carnuntum Rot";"2016";"169.7";"0.75";"226.27";"RÃ¸dvin";"Glass";"12.5";"1.8101333"
"Vinmonopolet";"8128501";"Carlo Giacosa Montefico Barbaresco 2014";"Carlo Giacosa Montefico Barbaresco";"2014";"444";"0.75";"592";"RÃ¸dvin";"Glass";"14.5";"4.0827584"
"Vinmonopolet";"8128505";"Carlo Giacosa Montefico Barbaresco 2016";"Carlo Giacosa Montefico Barbaresco";"2016";"897";"1.5";"598";"RÃ¸dvin";"Glass";"14.5";"4.124138"
"Vinmonopolet";"8128605";"Dogarina Prosecco Extra Dry 2018";"Dogarina Prosecco Extra Dry";"2018";"297";"1.5";"198";"Sparkling wine";"Glass";"11";"1.8"
"Vinmonopolet";"8129101";"Chenu Savigny les Beaune Les Saucours 2018";"Chenu Savigny les Beaune Les Saucours";"2018";"419.9";"0.75";"559.87";"White wine";"Glass";"12.5";"4.4789333"
"Vinmonopolet";"8129201";"Pietradolce Archineri Etna Rosso 2012";"Pietradolce Archineri Etna Rosso";"2012";"409.9";"0.75";"546.53";"RÃ¸dvin";"Glass";"15";"3.6435554"
"Vinmonopolet";"8129301";"Quinta Sardonia 2008";"Quinta Sardonia";"2008";"394.9";"0.75";"526.53";"RÃ¸dvin";"Glass";"15";"3.5102222"
"Vinmonopolet";"8129401";"Quinta Sardonia 2007";"Quinta Sardonia";"2007";"394.9";"0.75";"526.53";"RÃ¸dvin";"Glass";"15";"3.5102222"
"Vinmonopolet";"8129501";"La Massa Giorgio Primo 2012";"La Massa Giorgio Primo";"2012";"894.9";"0.75";"1193.2";"RÃ¸dvin";"Glass";"14";"8.522858"
"Vinmonopolet";"8129601";"Quinta Sardonia QS2 2010";"Quinta Sardonia QS2";"2010";"275.3";"0.75";"367.07";"RÃ¸dvin";"Glass";"15";"2.447111"
"Vinmonopolet";"8129701";"Michele Satta Piastraia Bolgheri Superiore 2014";"Michele Satta Piastraia Bolgheri Superiore";"2014";"445.5";"0.75";"594";"RÃ¸dvin";"Glass";"13";"4.5692306"
"Vinmonopolet";"8129901";"Zeni Cruino Rosso Veronese";"Zeni Cruino Rosso Veronese";"2013";"309.9";"0.75";"413.2";"RÃ¸dvin";"Glass";"16";"2.5825"
"Vinmonopolet";"8131201";"FranÃ§ois Le Saint Sancerre Silex";"FranÃ§ois Le Saint Sancerre Silex";"2016";"265";"0.75";"353.33";"White wine";"Glass";"13.5";"2.617284"
"Vinmonopolet";"8131301";"Sorgin Gin";"Sorgin Gin";"0";"519.9";"0.7";"742.71";"Gin";"Glass";"43";"1.7272426"
"Vinmonopolet";"8131401";"Casa AmÃ©rico Touriga Nacional 2016";"Casa AmÃ©rico Touriga Nacional";"2016";"134.7";"0.75";"179.6";"RÃ¸dvin";"Glass";"13.5";"1.3303703"
"Vinmonopolet";"8133701";"Dom. Padie Petit Taureau 2017";"Dom. Padie Petit Taureau";"2017";"264";"0.75";"352";"RÃ¸dvin";"Glass";"13.5";"2.6074073"
"Vinmonopolet";"8133901";"D'Ãgly Blend #2 Cotes Catalanes 2018";"D'Ãgly Blend #2 Cotes Catalanes";"2018";"129.9";"0.75";"173.2";"RÃ¸dvin";"Plast";"13";"1.3323076"
"Vinmonopolet";"8133902";"D'Ãgly Blend #2 Cotes Catalanes 2018";"D'Ãgly Blend #2 Cotes Catalanes";"2018";"75.9";"0.38";"202.4";"RÃ¸dvin";"Plast";"13";"1.5364373"
"Vinmonopolet";"8134001";"Wimmer-Czerny Wagram Terrassen GrÃ¼ner Veltliner 2017";"Wimmer-Czerny Wagram Terrassen GrÃ¼ner Veltliner";"2017";"199.9";"0.75";"266.53";"White wine";"Glass";"11.5";"2.317681"
"Vinmonopolet";"8134101";"Loimer KÃ¤ferberg GrÃ¼ner Veltliner 2016";"Loimer KÃ¤ferberg GrÃ¼ner Veltliner";"2016";"399";"0.75";"532";"White wine";"Glass";"13.5";"3.9407408"
"Vinmonopolet";"8134201";"Giol Castello Gabriel 1503 Prosecco Treviso Brut";"Giol Castello Gabriel  Prosecco Treviso Brut";"2019";"134.9";"0.75";"179.87";"Sparkling wine";"Glass";"11";"1.6351514"
"Vinmonopolet";"8134304";"Albino Armani RosÃ© Extra Dry";"Albino Armani RosÃ© Extra Dry";"0";"59.9";"0.2";"299.5";"Musserende vin, rosÃ©";"Glass";"11";"2.7227273"
"Vinmonopolet";"8134401";"Albino Armani Amarone della Valpolicella Classico";"Albino Armani Amarone della Valpolicella Classico";"2014";"399.9";"0.75";"533.2";"RÃ¸dvin";"Glass";"15.5";"3.44"
"Vinmonopolet";"8134502";"Cooper's Premium Apple Cider";"Cooper's Premium Apple Cider";"0";"40.8";"0.33";"123.64";"Cider";"Glass";"5.3";"2.3327613"
"Vinmonopolet";"8134602";"Cooper's Original Premium Apple Cider";"Cooper's Original Premium Apple Cider";"0";"48.9";"0.5";"97.8";"Cider";"Metall";"5.3";"1.845283"
"Vinmonopolet";"8134702";"Tom of Finland";"Tom of Finland";"0";"375";"0.5";"750";"Vodka";"Glass";"40";"1.875"
"Vinmonopolet";"8134801";"Fonseca Terras Altas";"Fonseca Terras Altas";"2015";"144.9";"0.75";"193.2";"RÃ¸dvin";"Glass";"13";"1.4861538"
"Vinmonopolet";"8134901";"Fonseca Branco";"Fonseca Branco";"2016";"134.9";"0.75";"179.87";"White wine";"Glass";"12";"1.4988889"
"Vinmonopolet";"8135005";"Barone Montalto Rosso Terre Siciliane";"Barone Montalto Rosso Terre Siciliane";"0";"259.9";"1.5";"173.27";"RÃ¸dvin";"Plast";"13.5";"1.2834568"
"Vinmonopolet";"8135204";"Jack Daniel's Tennessee";"Jack Daniel's Tennessee";"0";"144.9";"0.2";"724.5";"Whisky";"Glass";"40";"1.8112499"
"Vinmonopolet";"8135302";"Ego Brygghus The Executioner";"Ego Brygghus The Executioner";"0";"75.9";"0.33";"230";"Porter and stout";"Metall";"10";"2.3"
"Vinmonopolet";"8135601";"Matteo Correggia Roero Le val dei Preti 2012";"Matteo Correggia Roero Le val dei Preti";"2012";"359";"0.75";"478.67";"RÃ¸dvin";"Glass";"14.5";"3.3011494"
"Vinmonopolet";"8136001";"Ch. la Nerthe Les GraniÃ¨res ChÃ¢teauneuf-du-Pape 2015";"Ch. la Nerthe Les GraniÃ¨res ChÃ¢teauneuf-du-Pape";"2015";"329.9";"0.75";"439.87";"RÃ¸dvin";"Glass";"14";"3.1419046"
"Vinmonopolet";"8136401";"Ch. Kefraya 2014";"Ch. Kefraya";"2014";"250";"0.75";"333.33";"RÃ¸dvin";"Glass";"14";"2.3809524"
"Vinmonopolet";"8136501";"Ch. Kefraya Les BretÃ¨ches 2017";"Ch. Kefraya Les BretÃ¨ches";"2017";"159.9";"0.75";"213.2";"RÃ¸dvin";"Glass";"14";"1.5228571"
"Vinmonopolet";"8136701";"Chartron & Trebuchet Bourgogne Pinot Noir";"Chartron & Trebuchet Bourgogne Pinot Noir";"2016";"209.9";"0.75";"279.87";"RÃ¸dvin";"Glass";"13";"2.1528203"
"Vinmonopolet";"8140006";"Santa Julia Tintillo Bonarda Malbec";"Santa Julia Tintillo Bonarda Malbec";"2017";"398.8";"3";"132.93";"RÃ¸dvin";"Bag-in-box";"13";"1.022564"
"Vinmonopolet";"8140101";"Pago Heredad Toralto";"Pago Heredad Toralto";"2014";"330";"0.75";"440";"RÃ¸dvin";"Glass";"15";"2.9333334"
"Vinmonopolet";"8140201";"Pago Heredad MoisÃ©s";"Pago Heredad MoisÃ©s";"0";"465";"0.75";"620";"RÃ¸dvin";"Glass";"15";"4.133333"
"Vinmonopolet";"8140402";"8 Wired iStout";"8 Wired iStout";"0";"74.4";"0.33";"225.46";"Porter and stout";"Glass";"10";"2.2545455"
"Vinmonopolet";"8140502";"8 Wired Super Conductor Double IPA";"8 Wired Super Conductor Double IPA";"0";"69.8";"0.33";"211.52";"India pale ale";"Glass";"8.8";"2.4035811"
"Vinmonopolet";"8140901";"G. Reynolds Finissima Reserva Brut Nature";"G. Reynolds Finissima Reserva Brut Nature";"0";"122.9";"0.75";"163.87";"Sparkling wine";"Glass";"11.5";"1.4249276"
"Vinmonopolet";"8141101";"Ress RÃ¼desheim Berg Rottland Riesling GG 2016";"Ress RÃ¼desheim Berg Rottland Riesling GG";"2016";"439.9";"0.75";"586.53";"White wine";"Glass";"12.5";"4.6922665"
"Vinmonopolet";"8141401";"Singleton Malt Master's Selection";"Singleton Malt Master's Selection";"0";"449.9";"0.7";"642.71";"Whisky";"Glass";"40";"1.6067858"
"Vinmonopolet";"8141502";"Shoot Wacky Watermelon Pipes";"Shoot Wacky Watermelon Pipes";"0";"159.9";"0.5";"319.8";"LikÃ¸r";"Glass";"15";"2.132"
"Vinmonopolet";"8141701";"Moutardier Meunier Brut Nature 2012";"Moutardier Meunier Brut Nature";"2012";"500.3";"0.75";"667.07";"Champagne extra brut";"Glass";"12";"5.558889"
"Vinmonopolet";"8141901";"1662 Riesling Trocken";"Riesling Trocken";"2018";"104.9";"0.75";"139.87";"White wine";"Glass";"10.5";"1.3320636"
"Vinmonopolet";"8142001";"Allegrini Fieramonte Amarone Classico Riserva 2011";"Allegrini Fieramonte Amarone Classico Riserva";"2011";"2750";"0.75";"3666.67";"RÃ¸dvin";"Glass";"16.5";"22.222221"
"Vinmonopolet";"8142102";"Strand BrÃ¦nderi Opp I RÃ¸yk Aquavit";"Strand BrÃ¦nderi Opp I RÃ¸yk Aquavit";"0";"499.9";"0.5";"999.8";"Aquavit";"Glass";"45.9";"2.1782134"
"Vinmonopolet";"8142201";"PflÃ¼ger Nonnengarten Pinot Noir 2017";"PflÃ¼ger Nonnengarten Pinot Noir";"2017";"319.9";"0.75";"426.53";"RÃ¸dvin";"Glass";"13";"3.2810256"
"Vinmonopolet";"8142301";"SmÃ¥ sure Sour Shot blÃ¥bÃ¦r";"SmÃ¥ sure Sour Shot blÃ¥bÃ¦r";"0";"299.9";"1";"299.9";"LikÃ¸r";"Glass";"16.4";"1.8286586"
"Vinmonopolet";"8142401";"Ch. Lamothe-Vincent Heritage 2017";"Ch. Lamothe-Vincent Heritage";"2017";"239.9";"0.75";"319.87";"RÃ¸dvin";"Glass";"14.5";"2.205977"
"Vinmonopolet";"8142501";"De Luze Special Tribute V.S.O.P.";"De Luze Special Tribute V.S.O.P.";"0";"624.9";"1";"624.9";"Grape spirit";"Glass";"40";"1.56225"
"Vinmonopolet";"8142901";"Drouhin Roserock Pinot Noir";"Drouhin Roserock Pinot Noir";"2014";"465";"0.75";"620";"RÃ¸dvin";"Glass";"14";"4.428571"
"Vinmonopolet";"8143001";"AllÃ©no & Chapoutier Guer Van Crozes-Hermitage";"AllÃ©no & Chapoutier Guer Van Crozes-Hermitage";"2015";"229.8";"0.75";"306.4";"RÃ¸dvin";"Glass";"13.5";"2.2696297"
"Vinmonopolet";"8143101";"Torre Fornello Donna Luigia Malvasia";"Torre Fornello Donna Luigia Malvasia";"2016";"198.9";"0.75";"265.2";"White wine";"Glass";"13";"2.04"
"Vinmonopolet";"8143201";"Luigi Tacchino Albarola Barbera del Monferrato 2013";"Luigi Tacchino Albarola Barbera del Monferrato";"2013";"199";"0.75";"265.33";"RÃ¸dvin";"Glass";"14.5";"1.829885"
"Vinmonopolet";"8143508";"JÃ¤germeister (9x2cl)";"JÃ¤germeister (9x2cl)";"0";"199.9";"0.18";"1110.56";"Bitter	";"Ãvrig";"35";"3.1730156"
"Vinmonopolet";"8149401";"Koskenkorva Lemon Lime Yarrow 21%";"Koskenkorva Lemon Lime Yarrow 21%";"0";"189.9";"0.7";"271.29";"Other spirit";"Plast";"21";"1.2918367"
"Vinmonopolet";"8149402";"Koskenkorva Lemon Lime Yarrow 21%";"Koskenkorva Lemon Lime Yarrow 21%";"0";"139.9";"0.5";"279.8";"Other spirit";"Plast";"21";"1.3323809"
"Vinmonopolet";"8150301";"Meinklang Naken GrÃ¼ner Veltliner 2019";"Meinklang Naken GrÃ¼ner Veltliner";"2019";"165";"0.75";"220";"White wine";"Glass";"11";"2"
"Vinmonopolet";"8151901";"Daracha's utvalgte nr. 2 - Glentauchers Octave 2008";"Daracha's utvalgte nr. 2 - Glentauchers Octave";"2008";"980";"0.7";"1400";"Whisky";"Glass";"52.2";"2.6819923"
"Vinmonopolet";"8152001";"Daracha's utvalgte nr. 3 - Girvan Octave 2009";"Daracha's utvalgte nr. 3 - Girvan Octave";"2009";"980";"0.7";"1400";"Whisky";"Glass";"52.8";"2.6515152"
"Vinmonopolet";"8152701";"Reh Kendermann Vom LÃ¶ss Pinot Blanc";"Reh Kendermann Vom LÃ¶ss Pinot Blanc";"2016";"149.9";"0.75";"199.87";"White wine";"Glass";"12.5";"1.5989332"
"Vinmonopolet";"8152901";"Marc Kreydenweiss PerriÃ¨res";"Marc Kreydenweiss PerriÃ¨res";"2015";"234.9";"0.75";"313.2";"RÃ¸dvin";"Glass";"13";"2.4092307"
"Vinmonopolet";"8153101";"St. Cyr Terroir de Bellevue";"St. Cyr Terroir de Bellevue";"2018";"219.9";"0.75";"293.2";"RÃ¸dvin";"Glass";"12.5";"2.3456"
"Vinmonopolet";"8153201";"Chartron & Trebuchet Chorey-les-Beaune Rouge";"Chartron & Trebuchet Chorey-les-Beaune Rouge";"2015";"289.9";"0.75";"386.53";"RÃ¸dvin";"Glass";"13";"2.9733334"
"Vinmonopolet";"8153301";"Mosse Chenin";"Mosse Chenin";"2018";"279.9";"0.75";"373.2";"White wine";"Glass";"13.5";"2.7644444"
"Vinmonopolet";"8153401";"Mosse Les Bonnes Blanches 2017";"Mosse Les Bonnes Blanches";"2017";"409.9";"0.75";"546.53";"White wine";"Glass";"13.5";"4.048395"
"Vinmonopolet";"8153601";"Faiveley Chambolle Musigny 2016";"Faiveley Chambolle Musigny";"2016";"575";"0.75";"766.67";"RÃ¸dvin";"Glass";"13.5";"5.6790123"
"Vinmonopolet";"8153701";"Faiveley Mercurey la FramboisiÃ¨re 2016";"Faiveley Mercurey la FramboisiÃ¨re";"2016";"285.4";"0.75";"380.53";"RÃ¸dvin";"Glass";"13";"2.9271793"
"Vinmonopolet";"8153901";"Rolet Arbois Chardonnay 2015";"Rolet Arbois Chardonnay";"2015";"245";"0.75";"326.67";"White wine";"Glass";"13";"2.5128205"
"Vinmonopolet";"8154501";"Rolet L'Ã©toile Expression Chardonnay Savagnin 2013";"Rolet L'Ã©toile Expression Chardonnay Savagnin";"2013";"259.9";"0.75";"346.53";"White wine";"Glass";"13";"2.665641"
"Vinmonopolet";"8154601";"Luna Argenta Prosecco Brut";"Luna Argenta Prosecco Brut";"0";"110";"0.75";"146.67";"Sparkling wine";"Glass";"11";"1.3333334"
"Vinmonopolet";"8155602";"BFM CuvÃ©e Alex le Rouge";"BFM CuvÃ©e Alex le Rouge";"0";"89.9";"0.33";"272.42";"Porter and stout";"Glass";"10.3";"2.6448956"
"Vinmonopolet";"8155701";"Boniperti BartÃ¶n 2013";"Boniperti BartÃ¶n";"2013";"260.3";"0.75";"347.07";"RÃ¸dvin";"Glass";"13";"2.6697435"
"Vinmonopolet";"8155801";"Dipoli Voglar Sauvignon Alto Adige 2015";"Dipoli Voglar Sauvignon Alto Adige";"2015";"259.9";"0.75";"346.53";"White wine";"Glass";"14";"2.475238"
"Vinmonopolet";"8156401";"Cooper's Choice Speyside 2007 10 YO Sherry Finish Cask No 0119";"Cooper's Choice Speyside  10 YO Sherry Finish Cask No";"0";"895";"0.7";"1278.57";"Whisky";"Glass";"46";"2.779503"
"Vinmonopolet";"8156801";"Cooper's Choice Speyburn 2009 7 YO Refill Sherry Cask No.701318";"Cooper's Choice Speyburn  7 YO Refill Sherry Cask No.18";"2009";"855";"0.7";"1221.43";"Whisky";"Glass";"46";"2.6552796"
"Vinmonopolet";"8157001";"Cooper's Choice Macduff 2003 13 YO Cask No 900221";"Cooper's Choice Macduff  13 YO Cask No 21";"0";"1299";"0.7";"1855.71";"Whisky";"Glass";"54";"3.436508"
"Vinmonopolet";"8157301";"Cooper's Choice Glenrothes 2007 10 YO Port Finish Cask No. 9300";"Cooper's Choice Glenrothes  10 YO Port Finish Cask No.";"0";"999";"0.7";"1427.14";"Whisky";"Glass";"54.5";"2.6186109"
"Vinmonopolet";"8157401";"Cooper's Choice Tomatin 2001 16 YO Cask No. 1153";"Cooper's Choice Tomatin  16 YO Cask No.";"2001";"1499";"0.7";"2141.43";"Whisky";"Glass";"52.5";"4.078912"
"Vinmonopolet";"8157601";"Claymore You'll Never Walk Alone Sauvignon Blanc";"Claymore You'll Never Walk Alone Sauvignon Blanc";"2017";"199.9";"0.75";"266.53";"White wine";"Glass";"12.3";"2.1669376"
"Vinmonopolet";"8157701";"Murray McDavid The Vatting Peatside";"Murray McDavid The Vatting Peatside";"2011";"950";"0.7";"1357.14";"Whisky";"Glass";"46";"2.9503107"
"Vinmonopolet";"8157801";"Murray McDavid Ãle Six Crafted Blend";"Murray McDavid Ãle Six Crafted Blend";"0";"795";"0.7";"1135.71";"Whisky";"Glass";"46";"2.468944"
"Vinmonopolet";"8158501";"Dacasto Duilio Vianus";"Dacasto Duilio Vianus";"2017";"220.3";"0.75";"293.73";"White wine";"Glass";"13.5";"2.1758025"
"Vinmonopolet";"8158601";"Dacasto Duilio Bourg";"Dacasto Duilio Bourg";"2016";"335.4";"0.75";"447.2";"White wine";"Glass";"14.5";"3.084138"
"Vinmonopolet";"8158701";"Dacasto Duilio La Maestra";"Dacasto Duilio La Maestra";"2016";"241.6";"0.75";"322.13";"RÃ¸dvin";"Glass";"14.5";"2.2216094"
"Vinmonopolet";"8158801";"Dacasto Duilio Quattro";"Dacasto Duilio Quattro";"2015";"336.1";"0.75";"448.13";"Sparkling wine";"Glass";"13";"3.4471796"
"Vinmonopolet";"8158901";"Dacasto Duilio Moncucco Nizza";"Dacasto Duilio Moncucco Nizza";"2015";"414.1";"0.75";"552.13";"RÃ¸dvin";"Glass";"15";"3.680889"
"Vinmonopolet";"8159002";"Eau de Vie V.S.O.P.";"Eau de Vie V.S.O.P.";"0";"179.9";"0.35";"514";"Grape spirit";"Glass";"38";"1.3526316"
"Vinmonopolet";"8159202";"Savanna Dry Premium Cider";"Savanna Dry Premium Cider";"0";"39.9";"0.33";"120.91";"Cider";"Glass";"5";"2.418182"
"Vinmonopolet";"8159301";"Pure Passion";"Pure Passion";"2018";"249.9";"0.7";"357";"LikÃ¸r";"Glass";"16.4";"2.1768293"
"Vinmonopolet";"8159401";"Bunnahabhain Moine";"Bunnahabhain Moine";"0";"479.9";"0.7";"685.57";"Whisky";"Glass";"46.3";"1.4807159"
"Vinmonopolet";"8159601";"Foncalieu Les Petits Roucas";"Foncalieu Les Petits Roucas";"2018";"117.9";"0.75";"157.2";"White wine";"Glass";"11";"1.429091"
"Vinmonopolet";"8159901";"Roux Saint-Aubin Vieilles Vignes";"Roux Saint-Aubin Vieilles Vignes";"2017";"362.9";"0.75";"483.87";"White wine";"Glass";"12";"4.0322223"
"Vinmonopolet";"8160001";"Foncalieu Saint Marc Reserve Merlot";"Foncalieu Saint Marc Reserve Merlot";"2017";"129.9";"0.75";"173.2";"RÃ¸dvin";"Glass";"13";"1.3323076"
"Vinmonopolet";"8160102";"Carmes de Rieussec 2014";"Carmes de Rieussec";"2014";"199.9";"0.38";"533.07";"White wine";"Glass";"14";"3.7575188"
"Vinmonopolet";"8160201";"Christmann IDIG GG 2016";"Christmann IDIG GG";"2016";"474.9";"0.75";"633.2";"White wine";"Glass";"12.5";"5.0656"
"Vinmonopolet";"8160401";"Clos Marsalette 2014";"Clos Marsalette";"2014";"314.8";"0.75";"419.73";"RÃ¸dvin";"Glass";"13.5";"3.1091356"
"Vinmonopolet";"8161302";"PÃµhjala Torm Imperial Gose";"PÃµhjala Torm Imperial Gose";"0";"49.9";"0.33";"151.21";"SurÃ¸l";"Glass";"8";"1.8901515"
"Vinmonopolet";"8161401";"Graf von SchÃ¶nborn RÃ¼desheimer Rheingau Riesling Trocken 2015";"Graf von SchÃ¶nborn RÃ¼desheimer Rheingau Riesling Trocken";"2015";"189.9";"0.75";"253.2";"White wine";"Glass";"12";"2.11"
"Vinmonopolet";"8161501";"Graf von SchÃ¶nborn Marcobrunn Riesling Erstes GewÃ¤chs Erbach 2017";"Graf von SchÃ¶nborn Marcobrunn Riesling Erstes GewÃ¤chs Erbach";"2017";"419.9";"0.75";"559.87";"White wine";"Glass";"12.5";"4.4789333"
"Vinmonopolet";"8161601";"Schloss SchÃ¶nborn Alte Reben Riesling SpÃ¤tlese Trocken 2014";"Schloss SchÃ¶nborn Alte Reben Riesling SpÃ¤tlese Trocken";"2014";"264.9";"0.75";"353.2";"White wine";"Glass";"12";"2.9433331"
"Vinmonopolet";"8161701";"Graf von SchÃ¶nborn Riesling Rheingau Trocken 2018";"Graf von SchÃ¶nborn Riesling Rheingau Trocken";"2018";"159.9";"0.75";"213.2";"White wine";"Glass";"12.5";"1.7055999"
"Vinmonopolet";"8161801";"Kuhn SpÃ¤tburgunder Tradition";"Kuhn SpÃ¤tburgunder Tradition";"2016";"229.9";"0.75";"306.53";"RÃ¸dvin";"Glass";"13.5";"2.2706172"
"Vinmonopolet";"8161901";"Kuhn Sauvignon Blanc Reserve";"Kuhn Sauvignon Blanc Reserve";"2016";"269.9";"0.75";"359.87";"White wine";"Glass";"12.5";"2.8789332"
"Vinmonopolet";"8162001";"Blason d'Issan 2015";"Blason d'Issan";"2015";"565";"0.75";"753.33";"RÃ¸dvin";"Glass";"14";"5.3809524"
"Vinmonopolet";"8162101";"Ch. d'Issan 2015";"Ch. d'Issan";"2015";"1398";"0.75";"1864";"RÃ¸dvin";"Glass";"14";"13.314285"
"Vinmonopolet";"8162201";"Ch. Villemaurine 2015";"Ch. Villemaurine";"2015";"859";"0.75";"1145.33";"RÃ¸dvin";"Glass";"14.5";"7.8988504"
"Vinmonopolet";"8162301";"Ch. CÃ´te de Baleau 2015";"Ch. CÃ´te de Baleau";"2015";"556";"0.75";"741.33";"RÃ¸dvin";"Glass";"14.5";"5.1126437"
"Vinmonopolet";"8162501";"Ch. d'Aiguilhe 2015";"Ch. d'Aiguilhe";"2015";"525";"0.75";"700";"RÃ¸dvin";"Glass";"14.5";"4.827586"
"Vinmonopolet";"8162701";"ConnÃ©table Talbot 2015";"ConnÃ©table Talbot";"2015";"595";"0.75";"793.33";"RÃ¸dvin";"Glass";"14";"5.6666665"
"Vinmonopolet";"8162801";"Ch. Siran 2015";"Ch. Siran";"2015";"695";"0.75";"926.67";"RÃ¸dvin";"Glass";"14";"6.6190476"
"Vinmonopolet";"8162901";"Idlewild The Bee Flora & Fauna White";"Idlewild The Bee Flora & Fauna White";"2017";"324";"0.75";"432";"White wine";"Glass";"11.6";"3.7241378"
"Vinmonopolet";"8163201";"Bedrock Old Vine Zinfandel";"Bedrock Old Vine Zinfandel";"2017";"384";"0.75";"512";"RÃ¸dvin";"Glass";"14.4";"3.5555556"
"Vinmonopolet";"8163301";"Shebang! The Whole Shebang CuvÃ©e XII";"Shebang! The Whole Shebang CuvÃ©e XII";"0";"269";"0.75";"358.67";"RÃ¸dvin";"Glass";"14.2";"2.5258217"
"Vinmonopolet";"8163501";"Idlewild Nebbiolo Fox Hill Vineyard";"Idlewild Nebbiolo Fox Hill Vineyard";"2014";"499";"0.75";"665.33";"RÃ¸dvin";"Glass";"13.5";"4.9283953"
"Vinmonopolet";"8163601";"Bedrock Evangelho Heritage";"Bedrock Evangelho Heritage";"2017";"484";"0.75";"645.33";"RÃ¸dvin";"Glass";"14.1";"4.576832"
"Vinmonopolet";"8165102";"Bitter Truth Golden Falernum";"Bitter Truth Golden Falernum";"0";"364.9";"0.5";"729.8";"LikÃ¸r";"Glass";"18";"4.0544443"
"Vinmonopolet";"8167002";"Wettre Bryggeri Bock Rogers BokkÃ¸l";"Wettre Bryggeri Bock Rogers BokkÃ¸l";"2020";"89.9";"0.5";"179.8";"Special";"Glass";"9.5";"1.8926316"
"Vinmonopolet";"8167302";"Ridge Estate Cabernet Sauvignon 2016";"Ridge Estate Cabernet Sauvignon";"2016";"329";"0.38";"877.33";"RÃ¸dvin";"Glass";"13.5";"6.413255"
"Vinmonopolet";"8167501";"Schiavenza Barolo Cerretta 2014";"Schiavenza Barolo Cerretta";"2014";"539";"0.75";"718.67";"RÃ¸dvin";"Glass";"14";"5.133333"
"Vinmonopolet";"8167606";"Ricardelle de Lautrec Syrah RosÃ©";"Ricardelle de Lautrec Syrah RosÃ©";"2017";"519.7";"3";"173.23";"RosÃ©vin";"Bag-in-box";"13";"1.3325641"
"Vinmonopolet";"8167706";"Ricardelle de Lautrec Chardonnay";"Ricardelle de Lautrec Chardonnay";"2017";"479.7";"3";"159.9";"White wine";"Bag-in-box";"13";"1.23"
"Vinmonopolet";"8167806";"Ricardelle de Lautrec Handmade Merlot 2017";"Ricardelle de Lautrec Handmade Merlot";"2017";"519.7";"3";"173.23";"RÃ¸dvin";"Bag-in-box";"13";"1.3325641"
"Vinmonopolet";"8167901";"Ricardelle de Lautrec Cabernet Sauvignon 2018";"Ricardelle de Lautrec Cabernet Sauvignon";"2018";"179.4";"0.75";"239.2";"RÃ¸dvin";"Glass";"13";"1.8399999"
"Vinmonopolet";"8168001";"Heinrich Rosenberg St. Laurent 2014";"Heinrich Rosenberg St. Laurent";"2014";"289";"0.75";"385.33";"RÃ¸dvin";"Glass";"11.5";"3.3507247"
"Vinmonopolet";"8168101";"Heinrich Graue Freyheit 2017";"Heinrich Graue Freyheit";"2017";"349";"0.75";"465.33";"White wine";"Glass";"12.5";"3.7226667"
"Vinmonopolet";"8168201";"Kranz Riesling Trocken 2018";"Kranz Riesling Trocken";"2018";"179.9";"0.75";"239.87";"White wine";"Glass";"12.5";"1.9189333"
"Vinmonopolet";"8168301";"Kranz Westerberg Riesling Trocken Erste Lage 2016";"Kranz Westerberg Riesling Trocken Erste Lage";"2016";"179.9";"0.75";"239.87";"White wine";"Glass";"12.5";"1.9189333"
"Vinmonopolet";"8168401";"Kranz Kalmit Riesling Trocken GG";"Kranz Kalmit Riesling Trocken GG";"2017";"399.9";"0.75";"533.2";"White wine";"Glass";"12.5";"4.2655997"
"Vinmonopolet";"8168501";"Wimmer-Czerny Fels am Wagram Roter Veltliner 2016";"Wimmer-Czerny Fels am Wagram Roter Veltliner";"2016";"129.9";"0.75";"173.2";"White wine";"Glass";"12.5";"1.3856"
"Vinmonopolet";"8168701";"Heinrich BlaufrÃ¤nkisch Leithaberg 2017";"Heinrich BlaufrÃ¤nkisch Leithaberg";"2017";"299";"0.75";"398.67";"RÃ¸dvin";"Glass";"12.5";"3.1893334"
"Vinmonopolet";"8168801";"Heinrich Pannobile 2015";"Heinrich Pannobile";"2015";"325";"0.75";"433.33";"RÃ¸dvin";"Glass";"13";"3.3333333"
"Vinmonopolet";"8168901";"Ried Kapellenweingarten Morillon 2015";"Ried Kapellenweingarten Morillon";"2015";"269";"0.75";"358.67";"White wine";"Glass";"11.5";"3.1188407"
"Vinmonopolet";"8169401";"Sattlerhof Ried Sernauberg Sauvignon Blanc 2018";"Sattlerhof Ried Sernauberg Sauvignon Blanc";"2018";"339";"0.75";"452";"White wine";"Glass";"12.5";"3.616"
"Vinmonopolet";"8171301";"Campo De Encanto Grand & Noble Pisco";"Campo De Encanto Grand & Noble Pisco";"0";"649.9";"0.7";"928.43";"Grape spirit";"Glass";"40.5";"2.2924163"
"Vinmonopolet";"8172001";"Knebel RÃ¶ttgen Riesling GG 2016";"Knebel RÃ¶ttgen Riesling GG";"2016";"339.9";"0.75";"453.2";"White wine";"Glass";"12.5";"3.6255999"
"Vinmonopolet";"8172101";"Val Frison Goustan Blanc de Noir Brut Nature";"Val Frison Goustan Blanc de Noir Brut Nature";"2018";"445.9";"0.75";"594.53";"Champagne extra brut";"Glass";"12";"4.9544444"
"Vinmonopolet";"8172201";"Val Frison Lalore Blanc de Blanc Brut Nature";"Val Frison Lalore Blanc de Blanc Brut Nature";"2018";"519.9";"0.75";"693.2";"Champagne extra brut";"Glass";"12";"5.776667"
"Vinmonopolet";"8172301";"Knebel Uhlen Riesling GG 2016";"Knebel Uhlen Riesling GG";"2016";"319.9";"0.75";"426.53";"White wine";"Glass";"12.5";"3.4122665"
"Vinmonopolet";"8172401";"You'll Never Walk Alone Grenache Mataro Shiraz";"You'll Never Walk Alone Grenache Mataro Shiraz";"2016";"204.9";"0.75";"273.2";"RÃ¸dvin";"Glass";"14.9";"1.833557"
"Vinmonopolet";"8172501";"Riva Leone Piemonte Rosso 2016";"Riva Leone Piemonte Rosso";"2016";"169.9";"0.75";"226.53";"RÃ¸dvin";"Glass";"13";"1.7425641"
"Vinmonopolet";"8173301";"Michel Gassier Nostre Pais Blanc 2017";"Michel Gassier Nostre Pais Blanc";"2017";"204";"0.75";"272";"White wine";"Glass";"14";"1.9428571"
"Vinmonopolet";"8173401";"Michel Gassier Viognier 2019";"Michel Gassier Viognier";"2019";"188";"0.75";"250.67";"White wine";"Glass";"13.5";"1.8567901"
"Vinmonopolet";"8173501";"Arlaud Charmes-Chambertin Grand Cru 2016";"Arlaud Charmes-Chambertin Grand Cru";"2016";"1299.9";"0.75";"1733.2";"RÃ¸dvin";"Glass";"13.5";"12.838519"
"Vinmonopolet";"8173601";"Arlaud Morey-St-Denis 1er Cru Aux Cheseaux 2016";"Arlaud Morey-St-Denis 1er Cru Aux Cheseaux";"2016";"668.9";"0.75";"891.87";"RÃ¸dvin";"Glass";"13.5";"6.60642"
"Vinmonopolet";"8173701";"Arlaud Morey-St-Denis 1er Cru Les Ruchots 2016";"Arlaud Morey-St-Denis 1er Cru Les Ruchots";"2016";"714.9";"0.75";"953.2";"RÃ¸dvin";"Glass";"13.5";"7.060741"
"Vinmonopolet";"8173805";"Clos du Marquis 2004";"Clos du Marquis";"2004";"1594.9";"1.5";"1063.27";"RÃ¸dvin";"Glass";"13";"8.178974"
"Vinmonopolet";"8173901";"La Dame de Montrose 2014";"La Dame de Montrose";"2014";"482.1";"0.75";"642.8";"RÃ¸dvin";"Glass";"13.5";"4.761482"
"Vinmonopolet";"8174001";"Devevey Rully La Chaume 2015";"Devevey Rully La Chaume";"2015";"332";"0.75";"442.67";"RÃ¸dvin";"Glass";"13.5";"3.2790124"
"Vinmonopolet";"8174701";"De Montille Beaune 1er Cru Les GrÃ¨ves";"De Montille Beaune 1er Cru Les GrÃ¨ves";"2014";"764";"0.75";"1018.67";"RÃ¸dvin";"Glass";"13";"7.8358974"
"Vinmonopolet";"8175802";"Jean Fillioux No.1 Grande Champagne";"Jean Fillioux No.1 Grande Champagne";"0";"1720.1";"0.5";"3440.2";"Grape spirit";"Glass";"46";"7.4786954"
"Vinmonopolet";"8176101";"Selbach-Oster Zeltinger Schlossberg Riesling SpÃ¤tlese Trocken 2012";"Selbach-Oster Zeltinger Schlossberg Riesling SpÃ¤tlese Trocken";"2012";"284.9";"0.75";"379.87";"White wine";"Glass";"12.5";"3.0389333"
"Vinmonopolet";"8176201";"Wagner-Stempel Heerkretz Riesling GG 2016";"Wagner-Stempel Heerkretz Riesling GG";"2016";"419.9";"0.75";"559.87";"White wine";"Glass";"13";"4.3066664"
"Vinmonopolet";"8176205";"Wagner-Stempel Heerkretz Riesling GG 2015";"Wagner-Stempel Heerkretz Riesling GG";"2015";"869.9";"1.5";"579.93";"White wine";"Glass";"13";"4.4610257"
"Vinmonopolet";"8176301";"Wagner-Stempel Siefersheim Porphyr Riesling 2016";"Wagner-Stempel Siefersheim Porphyr Riesling";"2016";"259.9";"0.75";"346.53";"White wine";"Glass";"12.5";"2.7722666"
"Vinmonopolet";"8176401";"Wagner-Stempel Siefersheim Weissburgunder 2016";"Wagner-Stempel Siefersheim Weissburgunder";"2016";"259.9";"0.75";"346.53";"White wine";"Glass";"13";"2.665641"
"Vinmonopolet";"8176505";"Ch. Carbonnieux 2014";"Ch. Carbonnieux";"2014";"939";"1.5";"626";"RÃ¸dvin";"Glass";"13.5";"4.637037"
"Vinmonopolet";"8176601";"Bod. Lanzaga 2013";"Bod. Lanzaga";"2013";"274";"0.75";"365.33";"RÃ¸dvin";"Glass";"14";"2.6095238"
"Vinmonopolet";"8176801";"De Haan AltÃ©s Experimental Garnatxa Blanca 2016";"De Haan AltÃ©s Experimental Garnatxa Blanca";"2016";"259.9";"0.75";"346.53";"White wine";"Glass";"13.5";"2.5669136"
"Vinmonopolet";"8177702";"Harpoon IPA";"Harpoon IPA";"0";"53.8";"0.35";"151.55";"India pale ale";"Glass";"5.9";"2.605327"
"Vinmonopolet";"8177901";"Guigal CÃ´te-RÃ´tie La Mouline 2013";"Guigal CÃ´te-RÃ´tie La Mouline";"2013";"2399.9";"0.75";"3199.87";"RÃ¸dvin";"Glass";"13.5";"23.702715"
"Vinmonopolet";"8178001";"Guigal CÃ´te-RÃ´tie La Turque 2013";"Guigal CÃ´te-RÃ´tie La Turque";"2013";"2395";"0.75";"3193.33";"RÃ¸dvin";"Glass";"13.5";"23.654322"
"Vinmonopolet";"8178601";"Aldo Conterno Barbera d'Alba Conca Tre Pile 2015";"Aldo Conterno Barbera d'Alba Conca Tre Pile";"2015";"369.8";"0.75";"493.07";"RÃ¸dvin";"Glass";"14.5";"3.4004598"
"Vinmonopolet";"8178801";"Highland Park 10 YO";"Highland Park 10 YO";"0";"439.9";"0.7";"628.43";"Whisky";"Glass";"40";"1.5710714"
"Vinmonopolet";"8179101";"Veuve Ambal Expression Cremant de Bourgogne Blanc de Noirs Brut";"Veuve Ambal Expression Cremant de Bourgogne Blanc de Noirs Brut";"0";"149.9";"0.75";"199.87";"Sparkling wine";"Glass";"12";"1.6655555"
"Vinmonopolet";"8179201";"JMF Tinto";"JMF Tinto";"2016";"134.9";"0.75";"179.87";"RÃ¸dvin";"Glass";"13";"1.3835896"
"Vinmonopolet";"8179301";"Explorer Gin";"Explorer Gin";"0";"399.9";"1";"399.9";"Gin";"Plast";"37.5";"1.0663999"
"Vinmonopolet";"8180601";"L'Encantada Domaine Lous Pibous 1993";"L'Encantada Domaine Lous Pibous";"1993";"1108.7";"0.7";"1583.86";"Grape spirit";"Glass";"52.3";"3.0284076"
"Vinmonopolet";"8180701";"Boeckel Sylvaner Zotzenberg Grand Cru Vieilles Vignes 2017";"Boeckel Sylvaner Zotzenberg Grand Cru Vieilles Vignes";"2017";"298";"0.75";"397.33";"White wine";"Glass";"14";"2.8380952"
"Vinmonopolet";"8180801";"Pazo de San Mauro AlbariÃ±o 2016";"Pazo de San Mauro AlbariÃ±o";"2016";"215";"0.75";"286.67";"White wine";"Glass";"12.5";"2.2933333"
"Vinmonopolet";"8180901";"Jaffelin Bourgogne Chardonnay";"Jaffelin Bourgogne Chardonnay";"2018";"199.9";"0.75";"266.53";"White wine";"Glass";"13";"2.0502563"
"Vinmonopolet";"8180905";"Jaffelin Bourgogne Chardonnay";"Jaffelin Bourgogne Chardonnay";"0";"395";"1.5";"263.33";"White wine";"Glass";"12.5";"2.1066666"
"Vinmonopolet";"8181001";"RhÃ´ne To The Bone 2015";"RhÃ´ne To The Bone";"2015";"155.9";"0.75";"207.87";"RÃ¸dvin";"Glass";"14";"1.4847618"
"Vinmonopolet";"8182201";"Villa Ricci Inzolia Spumante";"Villa Ricci Inzolia Spumante";"0";"178.8";"0.75";"238.4";"Sparkling wine";"Glass";"11.5";"2.0730436"
"Vinmonopolet";"8182301";"L'Aventure Optimus 2000";"L'Aventure Optimus";"2000";"576.4";"0.75";"768.53";"RÃ¸dvin";"Glass";"14.5";"5.30023"
"Vinmonopolet";"8182502";"Homborsund Vesterled Trippel";"Homborsund Vesterled Trippel";"0";"67.4";"0.33";"204.24";"Light ale";"Glass";"8.5";"2.402852"
"Vinmonopolet";"8182701";"Vale da Capucha Fossil Branco";"Vale da Capucha Fossil Branco";"2016";"179.6";"0.75";"239.47";"White wine";"Glass";"13";"1.8420514"
"Vinmonopolet";"8182801";"Romio Sangiovese Rubicone Appassimento";"Romio Sangiovese Rubicone Appassimento";"2016";"99.6";"0.75";"132.8";"RÃ¸dvin";"Glass";"13.5";"0.9837037"
"Vinmonopolet";"8182906";"Santa Carolina Cellar Selection Cabernet Sauvignon";"Santa Carolina Cellar Selection Cabernet Sauvignon";"2018";"389.9";"3";"129.97";"RÃ¸dvin";"Bag-in-box";"11.5";"1.130145"
"Vinmonopolet";"8183006";"Cruzado Garnacha 2018";"Cruzado Garnacha";"2018";"429.9";"3";"143.3";"RÃ¸dvin";"Bag-in-box";"14";"1.0235714"
"Vinmonopolet";"8183101";"Tissot Trousseau en Amphore 2018";"Tissot Trousseau en Amphore";"2018";"539.9";"0.75";"719.87";"RÃ¸dvin";"Glass";"14.5";"4.9645977"
"Vinmonopolet";"8183201";"Tissot Rose Massale Chardonnay 2018";"Tissot Rose Massale Chardonnay";"2018";"479.9";"0.75";"639.87";"White wine";"Glass";"14";"4.570476"
"Vinmonopolet";"8183301";"Lafarge Vial Fleurie 2015";"Lafarge Vial Fleurie";"2015";"319.9";"0.75";"426.53";"RÃ¸dvin";"Glass";"13.5";"3.159506"
"Vinmonopolet";"8183401";"Lafarge Vial Fleurie La Joie du Palais 2016";"Lafarge Vial Fleurie La Joie du Palais";"2016";"329.9";"0.75";"439.87";"RÃ¸dvin";"Glass";"13.5";"3.2582715"
"Vinmonopolet";"8183601";"Cannonball Merlot 2016";"Cannonball Merlot";"2016";"249.9";"0.75";"333.2";"RÃ¸dvin";"Glass";"13.8";"2.4144926"
"Vinmonopolet";"8183701";"Cannonball Cabernet Sauvignon";"Cannonball Cabernet Sauvignon";"2017";"249.9";"0.75";"333.2";"RÃ¸dvin";"Glass";"13.8";"2.4144926"
"Vinmonopolet";"8183805";"Tissot CrÃ©mant du Jura";"Tissot CrÃ©mant du Jura";"2014";"619.9";"1.5";"413.27";"Sparkling wine";"Glass";"12.5";"3.3061335"
"Vinmonopolet";"8183906";"Pietramore Montepulciano d'Abruzzo";"Pietramore Montepulciano d'Abruzzo";"2015";"474.5";"3";"158.17";"RÃ¸dvin";"Bag-in-box";"13.5";"1.171605"
"Vinmonopolet";"8186108";"L'Encantada Armagnac (5x20cl)";"L'Encantada Armagnac (5x20cl)";"0";"1798.8";"1";"1798.8";"Grape spirit";"Ãvrig";"45.6";"3.9447372"
"Vinmonopolet";"8186801";"Dom. La Pascerette des Vignes MÃ¢con Milly-Lamartine 2017";"Dom. La Pascerette des Vignes MÃ¢con Milly-Lamartine";"2017";"199.9";"0.75";"266.53";"White wine";"Glass";"13";"2.0502563"
"Vinmonopolet";"8187201";"Ch. Marjosse 2015";"Ch. Marjosse";"2015";"279";"0.75";"372";"RÃ¸dvin";"Glass";"14.5";"2.5655172"
"Vinmonopolet";"8187302";"L'Encantada Bas Armagnac 1988";"L'Encantada Bas Armagnac";"1988";"829.1";"0.5";"1658.2";"Grape spirit";"Glass";"50.9";"3.25776"
"Vinmonopolet";"8188601";"Ãkre Gard Edel Rosesider";"Ãkre Gard Edel Rosesider";"2017";"159.8";"0.75";"213.07";"Cider";"Glass";"6.5";"3.2779489"
"Vinmonopolet";"8188801";"Mayacamas Chardonnay 2015";"Mayacamas Chardonnay";"2015";"499";"0.75";"665.33";"White wine";"Glass";"14.2";"4.6854463"
"Vinmonopolet";"8188901";"Mayacamas Merlot 2015";"Mayacamas Merlot";"2015";"598";"0.75";"797.33";"RÃ¸dvin";"Glass";"13.5";"5.9061728"
"Vinmonopolet";"8189101";"Montagliari Chianti Classico";"Montagliari Chianti Classico";"2010";"227.5";"0.75";"303.33";"RÃ¸dvin";"Glass";"12.5";"2.4266667"
"Vinmonopolet";"8189801";"Giro Ribot Unplugged Cava";"Giro Ribot Unplugged Cava";"2014";"234.9";"0.75";"313.2";"Musserende vin, rosÃ©";"Glass";"12";"2.61"
"Vinmonopolet";"8190001";"Ch. de Saint-Aubin Clos du Ch. Monopole Premier Cru 2015";"Ch. de Saint-Aubin Clos du Ch. Monopole Premier Cru";"2015";"469.9";"0.75";"626.53";"White wine";"Glass";"13";"4.819487"
"Vinmonopolet";"8190101";"Segni di Langa Nebbiolo d'Alba 2017";"Segni di Langa Nebbiolo d'Alba";"2017";"365.8";"0.75";"487.73";"RÃ¸dvin";"Glass";"14.5";"3.363678"
"Vinmonopolet";"8190401";"Ch. de la Gravelle 2017";"Ch. de la Gravelle";"2017";"167.7";"0.75";"223.6";"White wine";"Glass";"12";"1.8633333"
"Vinmonopolet";"8190501";"Ch. Chasse-Spleen 2015";"Ch. Chasse-Spleen";"2015";"684.9";"0.75";"913.2";"RÃ¸dvin";"Glass";"13.5";"6.764445"
"Vinmonopolet";"8190701";"Ch. Carbonnieux 2014";"Ch. Carbonnieux";"2014";"615";"0.75";"820";"RÃ¸dvin";"Glass";"13.5";"6.0740743"
"Vinmonopolet";"8190801";"Ch. Giscours 2014";"Ch. Giscours";"2014";"1089";"0.75";"1452";"RÃ¸dvin";"Glass";"13.5";"10.755555"
"Vinmonopolet";"8191001";"La Parde Haut-Bailly 2015";"La Parde Haut-Bailly";"2015";"625";"0.75";"833.33";"RÃ¸dvin";"Glass";"14";"5.952381"
"Vinmonopolet";"8191101";"Ch. Latour-Martillac 2014";"Ch. Latour-Martillac";"2014";"679";"0.75";"905.33";"RÃ¸dvin";"Glass";"13.5";"6.706173"
"Vinmonopolet";"8192605";"Clotilde Davenne CrÃ©mant de Bourgogne Brut Extra 2011";"Clotilde Davenne CrÃ©mant de Bourgogne Brut Extra";"2011";"429.9";"1.5";"286.6";"Sparkling wine";"Glass";"12.5";"2.2928"
"Vinmonopolet";"8192701";"Chat Noir Rosso Verona";"Chat Noir Rosso Verona";"2017";"196";"0.75";"261.33";"RÃ¸dvin";"Glass";"13.5";"1.9358025"
"Vinmonopolet";"8193101";"Palladino Barolo San Bernardo 2012";"Palladino Barolo San Bernardo";"2012";"799";"0.75";"1065.33";"RÃ¸dvin";"Glass";"14.5";"7.3471265"
"Vinmonopolet";"8193601";"Taylor's Very Old Single Harvest Port 1968";"Taylor's Very Old Single Harvest Port";"1968";"1999";"0.75";"2665.33";"Port wine";"Glass";"20.5";"13.001626"
"Vinmonopolet";"8193701";"Casal Mor DÃ£o Tinto";"Casal Mor DÃ£o Tinto";"2016";"123.9";"0.75";"165.2";"RÃ¸dvin";"Glass";"13";"1.2707692"
"Vinmonopolet";"8193801";"Gosa Monastrell";"Gosa Monastrell";"0";"129.9";"0.75";"173.2";"RÃ¸dvin";"Glass";"14.5";"1.1944827"
"Vinmonopolet";"8195301";"Steinmetz Piesporter Goldtropfchen Riesling GP 2016";"Steinmetz Piesporter Goldtropfchen Riesling GP";"2016";"295";"0.75";"393.33";"White wine";"Glass";"12";"3.2777777"
"Vinmonopolet";"8195407";"Foillard Morgon CÃ´te du Py 2017";"Foillard Morgon CÃ´te du Py";"2017";"1724.9";"3";"574.97";"RÃ¸dvin";"Glass";"14.5";"3.9652874"
"Vinmonopolet";"8195501";"Brancaia Chianti Classico Riserva 2015";"Brancaia Chianti Classico Riserva";"2015";"428.6";"0.75";"571.47";"RÃ¸dvin";"Glass";"14";"4.081905"
"Vinmonopolet";"8195601";"Brancaia Chianti Classico 2015";"Brancaia Chianti Classico";"2015";"297.1";"0.75";"396.13";"RÃ¸dvin";"Glass";"13.5";"2.9343212"
"Vinmonopolet";"8195705";"Brancaia Chianti Classico Riserva 2011";"Brancaia Chianti Classico Riserva";"2011";"919.8";"1.5";"613.2";"RÃ¸dvin";"Glass";"14";"4.38"
"Vinmonopolet";"8196601";"Paternoster Don Anselmo 2013";"Paternoster Don Anselmo";"2013";"469.9";"0.75";"626.53";"RÃ¸dvin";"Glass";"14";"4.475238"
"Vinmonopolet";"8196701";"Weing. GÃ¼nther Steinmetz Riesling 2016";"Weing. GÃ¼nther Steinmetz Riesling";"2016";"179.6";"1";"179.6";"White wine";"Glass";"11";"1.6327274"
"Vinmonopolet";"8196901";"7Navas Joven 2016";"7Navas Joven";"2016";"147.6";"0.75";"196.8";"RÃ¸dvin";"Glass";"14.5";"1.3572414"
"Vinmonopolet";"8197201";"Alta Alella LaietaÌ Gran Reserva Brut Nature 2013";"Alta Alella LaietaÌ Gran Reserva Brut Nature";"2013";"299.9";"0.75";"399.87";"Sparkling wine";"Glass";"12";"3.3322222"
"Vinmonopolet";"8197202";"Alta Alella LaietaÌ Gran Reserva Brut Nature 2013";"Alta Alella LaietaÌ Gran Reserva Brut Nature";"2013";"179.9";"0.38";"479.73";"Sparkling wine";"Glass";"12";"3.9451754"
"Vinmonopolet";"8197205";"Alta Alella LaietaÌ Gran Reserva Brut Nature 2013";"Alta Alella LaietaÌ Gran Reserva Brut Nature";"2013";"570";"1.5";"380";"Sparkling wine";"Glass";"12";"3.1666667"
"Vinmonopolet";"8197301";"Henri Bourgeois Sancerre La Chapelle des Augustin";"Henri Bourgeois Sancerre La Chapelle des Augustin";"2017";"284.9";"0.75";"379.87";"White wine";"Glass";"13";"2.9220512"
"Vinmonopolet";"8198102";"Dom. de Charron 1990";"Dom. de Charron";"0";"999.9";"0.5";"1999.8";"Grape spirit";"Glass";"46.3";"4.3192225"
"Vinmonopolet";"8198802";"Tommasi Monte Croce Passito Bianco";"Tommasi Monte Croce Passito Bianco";"2015";"235";"0.38";"626.67";"White wine";"Glass";"13";"4.757085"
"Vinmonopolet";"8199001";"GiodoToscana Rosso 2015";"GiodoToscana Rosso";"2015";"449";"0.75";"598.67";"RÃ¸dvin";"Glass";"13.5";"4.434568"
"Vinmonopolet";"8199101";"Podere Giodo Brunello di Montalcino 2012";"Podere Giodo Brunello di Montalcino";"2012";"899";"0.75";"1198.67";"RÃ¸dvin";"Glass";"14.5";"8.266666"
"Vinmonopolet";"8199501";"Nudant Aloxe Corton Clos de la Boulotte 2016";"Nudant Aloxe Corton Clos de la Boulotte";"2016";"435";"0.75";"580";"RÃ¸dvin";"Glass";"13";"4.4615383"
"Vinmonopolet";"8199901";"Urlar Pinot Noir 2016";"Urlar Pinot Noir";"2016";"198.9";"0.75";"265.2";"RÃ¸dvin";"Glass";"13";"2.04"
"Vinmonopolet";"8200201";"Pascerette des Vignes Macon Milly Lamartine 2016";"Pascerette des Vignes Macon Milly Lamartine";"2016";"199.9";"0.75";"266.53";"RÃ¸dvin";"Glass";"12.5";"2.1322665"
"Vinmonopolet";"8200401";"Manuel Olivier Pommard";"Manuel Olivier Pommard";"2017";"538";"0.75";"717.33";"RÃ¸dvin";"Glass";"13";"5.5179486"
"Vinmonopolet";"8202001";"Dom. St. Cyr La Galoche Blanc";"Dom. St. Cyr La Galoche Blanc";"2018";"209.9";"0.75";"279.87";"White wine";"Glass";"13";"2.1528203"
"Vinmonopolet";"8202101";"Dom. St. Cyr La Galoche RosÃ© 2018";"Dom. St. Cyr La Galoche RosÃ©";"2018";"199.9";"0.75";"266.53";"RosÃ©vin";"Glass";"12.5";"2.1322665"
"Vinmonopolet";"8202201";"KarthÃ¤userhofberg Eitelsbacher Riesling Kabinett 2018";"KarthÃ¤userhofberg Eitelsbacher Riesling Kabinett";"2018";"259.9";"0.75";"346.53";"White wine";"Glass";"8.5";"4.076863"
"Vinmonopolet";"8202301";"Dom. St. Cyr Pet Nat RosÃ©";"Dom. St. Cyr Pet Nat RosÃ©";"2019";"259.9";"0.75";"346.53";"Perlende vin, rosÃ©";"Glass";"12";"2.8877778"
"Vinmonopolet";"8202401";"KarthÃ¤userhofberg Eitelsbacher Riesling Trocken GG 2016";"KarthÃ¤userhofberg Eitelsbacher Riesling Trocken GG";"2016";"499.9";"0.75";"666.53";"White wine";"Glass";"12.5";"5.332267"
"Vinmonopolet";"8202501";"Blason de Bourgogne CrÃ©mant Brut";"Blason de Bourgogne CrÃ©mant Brut";"0";"169.9";"0.75";"226.53";"Sparkling wine";"Glass";"12";"1.8877777"
"Vinmonopolet";"8202601";"Blason de Bourgogne CrÃ©mant Blanc de Blancs";"Blason de Bourgogne CrÃ©mant Blanc de Blancs";"0";"179.9";"0.75";"239.87";"Sparkling wine";"Glass";"12";"1.9988889"
"Vinmonopolet";"8202701";"AndrÃ© Goichot Macon Villages";"AndrÃ© Goichot Macon Villages";"2015";"179.9";"0.75";"239.87";"White wine";"Glass";"13";"1.8451282"
"Vinmonopolet";"8202801";"Charles & Charles Zinfandel";"Charles & Charles Zinfandel";"2014";"168.7";"0.75";"224.93";"RÃ¸dvin";"Glass";"14.5";"1.5512643"
"Vinmonopolet";"8202901";"Joel Gott Pinot Gris";"Joel Gott Pinot Gris";"2016";"199.8";"0.75";"266.4";"White wine";"Glass";"13.2";"2.0181818"
"Vinmonopolet";"8203001";"Three Thieves Cabernet Sauvignon";"Three Thieves Cabernet Sauvignon";"2016";"168.7";"0.75";"224.93";"RÃ¸dvin";"Glass";"13.5";"1.6661729"
"Vinmonopolet";"8203101";"Lheraud Petite Champagne 1969";"Lheraud Petite Champagne";"1969";"5300";"0.7";"7571.43";"Grape spirit";"Glass";"48";"15.773809"
"Vinmonopolet";"8204001";"Bonnardot Santenay 2016";"Bonnardot Santenay";"2016";"309.9";"0.75";"413.2";"RÃ¸dvin";"Glass";"12.5";"3.3056"
"Vinmonopolet";"8207502";"Stone's Ginger Joe Beer";"Stone's Ginger Joe Beer";"0";"41.9";"0.33";"126.97";"Flavoured wine	";"Glass";"6.5";"1.95338"
"Vinmonopolet";"8207701";"Mud House Sauvignon Blanc";"Mud House Sauvignon Blanc";"2016";"239.9";"0.75";"319.87";"White wine";"Glass";"13";"2.4605129"
"Vinmonopolet";"8207902";"San Crispino Catarratto Inzolia";"San Crispino Catarratto Inzolia";"0";"84.9";"0.5";"169.8";"White wine";"Ãvrig";"12";"1.4150001"
"Vinmonopolet";"8208001";"TsuruUme Suppai Umeshu";"TsuruUme Suppai Umeshu";"0";"340";"0.72";"472.22";"Fruit wine";"Glass";"11";"4.292929"
"Vinmonopolet";"8208101";"Natsu Mikan";"Natsu Mikan";"2017";"389.9";"0.72";"541.53";"Sake";"Glass";"7";"7.7361107"
"Vinmonopolet";"8208206";"Vign. des Miran CÃ´tes-du-RhÃ´ne";"Vign. des Miran CÃ´tes-du-RhÃ´ne";"2017";"500";"3";"166.67";"RÃ¸dvin";"Bag-in-box";"14";"1.1904762"
"Vinmonopolet";"8208301";"Craven Pinot Gris";"Craven Pinot Gris";"2018";"279.9";"0.75";"373.2";"White wine";"Glass";"12.5";"2.9856"
"Vinmonopolet";"8208602";"SweetWater IPA";"SweetWater IPA";"0";"49.8";"0.35";"140.28";"India pale ale";"Glass";"6.3";"2.2585034"
"Vinmonopolet";"8209306";"Western Cellars Cabernet Sauvignon";"Western Cellars Cabernet Sauvignon";"2019";"400";"3";"133.33";"RÃ¸dvin";"Bag-in-box";"12.5";"1.0666667"
"Vinmonopolet";"8209601";"Donna Olimpia 1898 Costa Toscana";"Donna Olimpia  Costa Toscana";"2015";"144.6";"0.75";"192.8";"RÃ¸dvin";"Glass";"13";"1.4830769"
"Vinmonopolet";"8209701";"Riecine Chianti Classico Riserva 2016";"Riecine Chianti Classico Riserva";"2016";"385";"0.75";"513.33";"RÃ¸dvin";"Glass";"14";"3.6666667"
"Vinmonopolet";"8209801";"Dom. la Florane Ã Fleur de Pampre CÃ´tes du RhÃ´ne Villages Visan Blanc 2017";"Dom. la Florane Ã Fleur de Pampre CÃ´tes du RhÃ´ne Villages Visan Blanc";"2017";"174.9";"0.75";"233.2";"White wine";"Glass";"13";"1.7938461"
"Vinmonopolet";"8209901";"Dom. la Florane Ã Fleur de Pampre CÃ´tes du RhÃ´ne Villages Visan Rouge 2018";"Dom. la Florane Ã Fleur de Pampre CÃ´tes du RhÃ´ne Villages Visan Rouge";"2018";"174.9";"0.75";"233.2";"RÃ¸dvin";"Glass";"13.5";"1.7274073"
"Vinmonopolet";"8210101";"Au Bon Climat La Bauge Au-dessus Pinot Noir 2016";"Au Bon Climat La Bauge Au-dessus Pinot Noir";"2016";"429";"0.75";"572";"RÃ¸dvin";"Glass";"13.5";"4.237037"
"Vinmonopolet";"8210201";"Au Bon Climat Los Alamos Chardonnay 2018";"Au Bon Climat Los Alamos Chardonnay";"2018";"359";"0.75";"478.67";"White wine";"Glass";"13.5";"3.545679"
"Vinmonopolet";"8212705";"Carussin Asinoi Barbera d'Asti 2016";"Carussin Asinoi Barbera d'Asti";"2016";"329.9";"1.5";"219.93";"RÃ¸dvin";"Glass";"12";"1.8327777"
"Vinmonopolet";"8212901";"Boschkloof Syrah 2015";"Boschkloof Syrah";"2015";"199.1";"0.75";"265.47";"RÃ¸dvin";"Glass";"14.5";"1.8308047"
"Vinmonopolet";"8213001";"Anthill Farms Comptche Ridge Pinot Noir 2017";"Anthill Farms Comptche Ridge Pinot Noir";"2017";"498";"0.75";"664";"RÃ¸dvin";"Glass";"13.4";"4.955224"
"Vinmonopolet";"8213601";"Boutinot Les Coteaux CÃ´tes du RhÃ´ne Villages";"Boutinot Les Coteaux CÃ´tes du RhÃ´ne Villages";"2015";"150";"0.75";"200";"RÃ¸dvin";"Glass";"13.5";"1.4814814"
"Vinmonopolet";"8215901";"Cant. Tramin Nussbaumer GewÃ¼rztraminer 2016";"Cant. Tramin Nussbaumer GewÃ¼rztraminer";"2016";"158.6";"0.75";"211.47";"White wine";"Glass";"15";"1.4097779"
"Vinmonopolet";"8216001";"Cecchetto Manzoni Bianco 2017";"Cecchetto Manzoni Bianco";"2017";"187.9";"0.75";"250.53";"White wine";"Glass";"13";"1.9271795"
"Vinmonopolet";"8218501";"Mark Haisma Pommard Premier Cru Clos des Arvelets 2014";"Mark Haisma Pommard Premier Cru Clos des Arvelets";"2014";"762.6";"0.75";"1016.8";"RÃ¸dvin";"Glass";"13";"7.8215384"
"Vinmonopolet";"8218601";"Mark Haisma Saint Romain";"Mark Haisma Saint Romain";"2015";"424";"0.75";"565.33";"White wine";"Glass";"13";"4.348718"
"Vinmonopolet";"8218701";"Mark Haisma Syrah-Grenache";"Mark Haisma Syrah-Grenache";"2015";"209.1";"0.75";"278.8";"RÃ¸dvin";"Glass";"13.5";"2.0651853"
"Vinmonopolet";"8218801";"Mark Haisma Viognier 2016";"Mark Haisma Viognier";"2016";"246.3";"0.75";"328.4";"White wine";"Glass";"12.5";"2.6272001"
"Vinmonopolet";"8221701";"Anselmo Mendes Muros Antigos Escolha";"Anselmo Mendes Muros Antigos Escolha";"2018";"149.9";"0.75";"199.87";"White wine";"Glass";"12";"1.6655555"
"Vinmonopolet";"8225301";"Engel Renaissance Sylvaner Vieilles Vignes 2018";"Engel Renaissance Sylvaner Vieilles Vignes";"2018";"214";"0.75";"285.33";"White wine";"Glass";"13.5";"2.1135802"
"Vinmonopolet";"8225706";"Pardon my French Cabernet Sauvignon";"Pardon my French Cabernet Sauvignon";"2018";"229.9";"1.5";"153.27";"RÃ¸dvin";"Pouch";"13";"1.1789743"
"Vinmonopolet";"8227301";"AndrÃ© Goichot Bourgogne Pinot Noir";"AndrÃ© Goichot Bourgogne Pinot Noir";"2014";"179.9";"0.75";"239.87";"RÃ¸dvin";"Glass";"12.5";"1.9189333"
"Vinmonopolet";"8228501";"AndrÃ© Goichot Bourgogne Chardonnay";"AndrÃ© Goichot Bourgogne Chardonnay";"2015";"174.9";"0.75";"233.2";"White wine";"Glass";"13";"1.7938461"
"Vinmonopolet";"8228601";"AndrÃ© Goichot Gevrey-Chambertin 2016";"AndrÃ© Goichot Gevrey-Chambertin";"2016";"439.9";"0.75";"586.53";"RÃ¸dvin";"Glass";"13";"4.511795"
"Vinmonopolet";"8228902";"7 Fjell Kong Oscar Victorian Porter";"7 Fjell Kong Oscar Victorian Porter";"0";"52.9";"0.33";"160.3";"Porter and stout";"Glass";"5.6";"2.862554"
"Vinmonopolet";"8234501";"Castello di Roncade Manzoni Bianco";"Castello di Roncade Manzoni Bianco";"2017";"179.9";"0.75";"239.87";"White wine";"Glass";"13";"1.8451282"
"Vinmonopolet";"8234602";"Lindheim Farmer's Reserve Avalon";"Lindheim Farmer's Reserve Avalon";"0";"125";"0.38";"333.33";"SurÃ¸l";"Glass";"7.6";"4.328255"
"Vinmonopolet";"8236601";"Pago de Carraovejas 2017";"Pago de Carraovejas";"2017";"349.8";"0.75";"466.4";"RÃ¸dvin";"Glass";"15.5";"3.0090322"
"Vinmonopolet";"8239201";"Dautel SpÃ¤tburgunder 2017";"Dautel SpÃ¤tburgunder";"2017";"214.9";"0.75";"286.53";"RÃ¸dvin";"Glass";"13";"2.2041025"
"Vinmonopolet";"8239301";"Torres ViÃ±a Esmeralda RosÃ©";"Torres ViÃ±a Esmeralda RosÃ©";"2018";"124.9";"0.75";"166.53";"RosÃ©vin";"Glass";"12.5";"1.3322667"
"Vinmonopolet";"8239401";"KrÃ¡sna Hora CuvÃ©e Bernety 2017";"KrÃ¡sna Hora CuvÃ©e Bernety";"2017";"244";"0.75";"325.33";"RÃ¸dvin";"Glass";"12.5";"2.6026666"
"Vinmonopolet";"8239501";"Campo Natural Tempranillo";"Campo Natural Tempranillo";"2017";"135";"0.75";"180";"RÃ¸dvin";"Glass";"13.5";"1.3333334"
"Vinmonopolet";"8239701";"Contrebande";"Contrebande";"0";"875";"0.7";"1250";"Rum";"Glass";"42";"2.9761906"
"Vinmonopolet";"8239801";"Togouchi Kiwami Blended Whisky";"Togouchi Kiwami Blended Whisky";"0";"790.1";"0.7";"1128.71";"Whisky";"Glass";"40";"2.8217857"
"Vinmonopolet";"8239902";"Akashi MeÃ¯sei Blended Whisky";"Akashi MeÃ¯sei Blended Whisky";"0";"659";"0.5";"1318";"Whisky";"Glass";"40";"3.295"
"Vinmonopolet";"8241001";"Lanzerac Syrah";"Lanzerac Syrah";"2015";"224";"0.75";"298.67";"RÃ¸dvin";"Glass";"14";"2.1333334"
"Vinmonopolet";"8241101";"Lanzerac RosÃ©";"Lanzerac RosÃ©";"2017";"182";"0.75";"242.67";"RosÃ©vin";"Glass";"12.5";"1.9413333"
"Vinmonopolet";"8241206";"Vajra Langhe Rosso";"Vajra Langhe Rosso";"2018";"535.1";"3";"178.37";"RÃ¸dvin";"Bag-in-box";"13.5";"1.3212345"
"Vinmonopolet";"8242401";"Holger Koch Pinot Noir HerrenstÃ¼ck 2016";"Holger Koch Pinot Noir HerrenstÃ¼ck";"2016";"279";"0.75";"372";"RÃ¸dvin";"Glass";"13";"2.8615384"
"Vinmonopolet";"8244701";"Sangre de Toro Verdejo";"Sangre de Toro Verdejo";"2017";"129.9";"0.75";"173.2";"White wine";"Glass";"13.5";"1.2829629"
"Vinmonopolet";"8244802";"Perrin Muscat de Beaumes de Venise 2017";"Perrin Muscat de Beaumes de Venise";"2017";"188";"0.38";"501.33";"Fortified wine";"Glass";"15";"3.2982457"
"Vinmonopolet";"8244901";"Perrin Les Hauts de Julien Vinsobres 2013";"Perrin Les Hauts de Julien Vinsobres";"2013";"385";"0.75";"513.33";"RÃ¸dvin";"Glass";"14";"3.6666667"
"Vinmonopolet";"8245001";"Perrin Les Chapouins ChÃ¢teauneuf-du-Pape Vieilles Vignes 2010";"Perrin Les Chapouins ChÃ¢teauneuf-du-Pape Vieilles Vignes";"2010";"608";"0.75";"810.67";"RÃ¸dvin";"Glass";"14.5";"5.5908046"
"Vinmonopolet";"8245201";"Ch. de Beaucastel Blanc Roussanne Vieilles Vignes 2014";"Ch. de Beaucastel Blanc Roussanne Vieilles Vignes";"2014";"1150";"0.75";"1533.33";"White wine";"Glass";"13.5";"11.358025"
"Vinmonopolet";"8245401";"Perrin Coudoulet de Beaucastel CÃ´tes-du-RhÃ´ne 2017";"Perrin Coudoulet de Beaucastel CÃ´tes-du-RhÃ´ne";"2017";"299.9";"0.75";"399.87";"RÃ¸dvin";"Glass";"14.5";"2.7577012"
"Vinmonopolet";"8245601";"Perrin Cairanne Peyre Blanche 2015";"Perrin Cairanne Peyre Blanche";"2015";"207.9";"0.75";"277.2";"RÃ¸dvin";"Glass";"14";"1.9799999"
"Vinmonopolet";"8252201";"Perrin Dom. du Clos des Tourelles Gigondas 2013";"Perrin Dom. du Clos des Tourelles Gigondas";"2013";"529.9";"0.75";"706.53";"RÃ¸dvin";"Glass";"15";"4.7102222"
"Vinmonopolet";"8252301";"Perrin Dom. du Clos des Tourelles Gigondas 2015";"Perrin Dom. du Clos des Tourelles Gigondas";"2015";"539.9";"0.75";"719.87";"RÃ¸dvin";"Glass";"15";"4.7991114"
"Vinmonopolet";"8252401";"Perrin Gigondas L'ArgnÃ©e Vieilles Vignes 2013";"Perrin Gigondas L'ArgnÃ©e Vieilles Vignes";"2013";"539.9";"0.75";"719.87";"RÃ¸dvin";"Glass";"15.5";"4.6443014"
"Vinmonopolet";"8252501";"Perrin Gigondas L'ArgnÃ©e Vieilles Vignes 2015";"Perrin Gigondas L'ArgnÃ©e Vieilles Vignes";"2015";"545";"0.75";"726.67";"RÃ¸dvin";"Glass";"15";"4.8444443"
"Vinmonopolet";"8252601";"Perrin Gigondas La Gille 2017";"Perrin Gigondas La Gille";"2017";"299.9";"0.75";"399.87";"RÃ¸dvin";"Glass";"14.5";"2.7577012"
"Vinmonopolet";"8252701";"Perrin Vacqueyras Les Christins 2015";"Perrin Vacqueyras Les Christins";"2015";"256.9";"0.75";"342.53";"RÃ¸dvin";"Glass";"14.5";"2.3622987"
"Vinmonopolet";"8252801";"Perrin Vinsobres Les Hauts de Julien 2015";"Perrin Vinsobres Les Hauts de Julien";"2015";"386";"0.75";"514.67";"RÃ¸dvin";"Glass";"14.5";"3.5494254"
"Vinmonopolet";"8252901";"Paul Achs Pannobile 2015";"Paul Achs Pannobile";"2015";"339.9";"0.75";"453.2";"RÃ¸dvin";"Glass";"13";"3.4861538"
"Vinmonopolet";"8253801";"Le Rive de Nadal 1.11";"Le Rive de Nadal 1.11";"0";"179.9";"0.75";"239.87";"Sparkling white wine";"Glass";"11";"2.180606"
"Vinmonopolet";"8255801";"Kressmann Monopole";"Kressmann Monopole";"2016";"159.9";"0.75";"213.2";"RÃ¸dvin";"Glass";"13.5";"1.5792592"
"Vinmonopolet";"8255901";"Ch. Chillac";"Ch. Chillac";"2015";"159.9";"0.75";"213.2";"RÃ¸dvin";"Glass";"12.5";"1.7055999"
"Vinmonopolet";"8256001";"Ch. Haut Saint-Brice";"Ch. Haut Saint-Brice";"2014";"249.9";"0.75";"333.2";"RÃ¸dvin";"Glass";"13";"2.563077"
"Vinmonopolet";"8256201";"Redbreast Whiskey 21 YO";"Redbreast Whiskey 21 YO";"0";"1999";"0.7";"2855.71";"Whisky";"Glass";"46";"6.2080746"
"Vinmonopolet";"8256301";"BÃ¶cking Riesling";"BÃ¶cking Riesling";"2017";"189.9";"0.75";"253.2";"White wine";"Glass";"10";"2.5319998"
"Vinmonopolet";"8256401";"BÃ¶cking Ungsberg Riesling";"BÃ¶cking Ungsberg Riesling";"2015";"299.9";"0.75";"399.87";"White wine";"Glass";"10.5";"3.808254"
"Vinmonopolet";"8256501";"BÃ¶cking Devon Riesling";"BÃ¶cking Devon Riesling";"2018";"189.9";"0.75";"253.2";"White wine";"Glass";"12";"2.11"
"Vinmonopolet";"8257105";"Brancaia IL BLU 2015";"Brancaia IL BLU";"2015";"1490.2";"1.5";"993.47";"RÃ¸dvin";"Glass";"14.5";"6.851494"
"Vinmonopolet";"8257201";"Liverpool Gin";"Liverpool Gin";"0";"489.9";"0.7";"699.86";"Gin";"Glass";"43";"1.6275748"
"Vinmonopolet";"8257401";"Dom. de Bellene Nuits-Saint-Georges Premier Cru Chaignots 2016";"Dom. de Bellene Nuits-Saint-Georges Premier Cru Chaignots";"2016";"999.9";"0.75";"1333.2";"RÃ¸dvin";"Glass";"13";"10.255384"
"Vinmonopolet";"8258001";"Ch. Giscours 2015";"Ch. Giscours";"2015";"1387";"0.75";"1849.33";"RÃ¸dvin";"Glass";"14";"13.209524"
"Vinmonopolet";"8258401";"Ch. Fleur Cardinale 2015";"Ch. Fleur Cardinale";"2015";"815";"0.75";"1086.67";"RÃ¸dvin";"Glass";"15";"7.2444444"
"Vinmonopolet";"8258501";"Casa da Passarella Abanico Reserva";"Casa da Passarella Abanico Reserva";"2014";"234.9";"0.75";"313.2";"RÃ¸dvin";"Glass";"14";"2.2371428"
"Vinmonopolet";"8258601";"Casa da Passarella A Descoberta Colheita Tinto";"Casa da Passarella A Descoberta Colheita Tinto";"2014";"186.9";"0.75";"249.2";"RÃ¸dvin";"Glass";"13.5";"1.8459258"
"Vinmonopolet";"8258701";"Casa da Passarella A Descoberta Colheita Branco";"Casa da Passarella A Descoberta Colheita Branco";"2017";"194.9";"0.75";"259.87";"White wine";"Glass";"13";"1.9989743"
"Vinmonopolet";"8258801";"ValdubÃ³n Crianza";"ValdubÃ³n Crianza";"2016";"259.9";"0.75";"346.53";"RÃ¸dvin";"Glass";"13.5";"2.5669136"
"Vinmonopolet";"8258901";"ValdubÃ³n Reserva";"ValdubÃ³n Reserva";"2015";"345";"0.75";"460";"RÃ¸dvin";"Glass";"14";"3.2857144"
"Vinmonopolet";"8259301";"Azelia Barbera d'Alba Punta";"Azelia Barbera d'Alba Punta";"2013";"289";"0.75";"385.33";"RÃ¸dvin";"Glass";"14.5";"2.6574712"
"Vinmonopolet";"8259401";"Azelia Barolo";"Azelia Barolo";"2013";"399";"0.75";"532";"RÃ¸dvin";"Glass";"14.5";"3.6689656"
"Vinmonopolet";"8259501";"Azelia Barolo Bricco Fiasco";"Azelia Barolo Bricco Fiasco";"2013";"789";"0.75";"1052";"RÃ¸dvin";"Glass";"14.5";"7.2551723"
"Vinmonopolet";"8259601";"Azelia Barolo Margheria";"Azelia Barolo Margheria";"2013";"789";"0.75";"1052";"RÃ¸dvin";"Glass";"14.5";"7.2551723"
"Vinmonopolet";"8259801";"Azelia Dolcetto d'Alba Bricco dell'Oriolo";"Azelia Dolcetto d'Alba Bricco dell'Oriolo";"2016";"209";"0.75";"278.67";"RÃ¸dvin";"Glass";"13";"2.1435897"
"Vinmonopolet";"8259901";"Estandon Insolence RosÃ©";"Estandon Insolence RosÃ©";"2017";"149.9";"0.75";"199.87";"RosÃ©vin";"Glass";"13";"1.5374359"
"Vinmonopolet";"8260601";"TromsÃ¸ NÃ¥kka hvitt";"TromsÃ¸ NÃ¥kka hvitt";"2017";"150";"0.75";"200";"White wine";"Glass";"11.5";"1.7391304"
"Vinmonopolet";"8260801";"Garnatxa De CÃ©rvoles 2015";"Garnatxa De CÃ©rvoles";"2015";"238.9";"0.75";"318.53";"RÃ¸dvin";"Glass";"14.5";"2.1967816"
"Vinmonopolet";"8260901";"Engel Rotliegendes Riesling";"Engel Rotliegendes Riesling";"2016";"175.1";"0.75";"233.47";"White wine";"Glass";"12.5";"1.8677334"
"Vinmonopolet";"8261001";"Engel Frauenberg SpÃ¤tburgunder";"Engel Frauenberg SpÃ¤tburgunder";"2014";"260.4";"0.75";"347.2";"RÃ¸dvin";"Glass";"12.5";"2.7776"
"Vinmonopolet";"8261101";"Engel Kieselstein Schwarzriesling";"Engel Kieselstein Schwarzriesling";"2014";"227.8";"0.75";"303.73";"RÃ¸dvin";"Glass";"12.5";"2.4298668"
"Vinmonopolet";"8261701";"Ambra Barco Reale di Carmignano";"Ambra Barco Reale di Carmignano";"2016";"188.9";"0.75";"251.87";"RÃ¸dvin";"Glass";"13.5";"1.8656789"
"Vinmonopolet";"8261901";"Silvia Cellars North Coast Cabernet Sauvignon 2014";"Silvia Cellars North Coast Cabernet Sauvignon";"2014";"449";"0.75";"598.67";"RÃ¸dvin";"Glass";"14.5";"4.1287355"
"Vinmonopolet";"8262302";"Guinness Special Export";"Guinness Special Export";"0";"68.9";"0.33";"208.79";"Porter and stout";"Glass";"8";"2.6098485"
"Vinmonopolet";"8262402";"Thornbridge Jaipur";"Thornbridge Jaipur";"0";"54.9";"0.33";"166.36";"India pale ale";"Glass";"5.9";"2.8197227"
"Vinmonopolet";"8262502";"To Ãl Mr. White";"To Ãl Mr. White";"2018";"49.9";"0.33";"151.21";"Special";"Glass";"5";"3.0242424"
"Vinmonopolet";"8262602";"Delirium Argentum";"Delirium Argentum";"0";"71.9";"0.33";"217.88";"India pale ale";"Glass";"7";"3.112554"
"Vinmonopolet";"8263002";"To Ãl Dangerously Close to Stupid Amount of Kiwi";"To Ãl Dangerously Close to Stupid Amount of Kiwi";"0";"74.8";"0.33";"226.67";"India pale ale";"Glass";"9.3";"2.437276"
"Vinmonopolet";"8263301";"Sangria Lolea RosÃ© N.5";"Sangria Lolea RosÃ© N.5";"0";"139.9";"0.75";"186.53";"Flavoured wine	";"Glass";"8";"2.3316665"
"Vinmonopolet";"8263401";"Marie Courtin RÃ©sonance Extra Brut 2014";"Marie Courtin RÃ©sonance Extra Brut";"2014";"496.1";"0.75";"661.47";"Champagne extra brut";"Glass";"12";"5.5122223"
"Vinmonopolet";"8263507";"Piollot PÃ¨re Colas Robin Brut Nature";"Piollot PÃ¨re Colas Robin Brut Nature";"2012";"2500";"3";"833.33";"Champagne extra brut";"Glass";"12";"6.9444447"
"Vinmonopolet";"8263602";"Kressmann Sauternes Grande Reserve";"Kressmann Sauternes Grande Reserve";"2017";"169.9";"0.38";"453.07";"White wine";"Glass";"13";"3.4392712"
"Vinmonopolet";"8263802";"Middelthon Stavanger IPA";"Middelthon Stavanger IPA";"0";"39.8";"0.33";"120.61";"India pale ale";"Glass";"6.5";"1.8554777"
"Vinmonopolet";"8263901";"Revello Barolo Gattera 2015";"Revello Barolo Gattera";"2015";"497";"0.75";"662.67";"RÃ¸dvin";"Glass";"14.5";"4.570115"
"Vinmonopolet";"8264101";"Torre Fornello Olubra Brut 2013";"Torre Fornello Olubra Brut";"2013";"248.9";"0.75";"331.87";"Sparkling wine";"Glass";"12";"2.7655554"
"Vinmonopolet";"8264201";"Dom. Pignier Ã  la Percenette Chardonnay";"Dom. Pignier Ã  la Percenette Chardonnay";"2016";"449.9";"0.75";"599.87";"White wine";"Glass";"13";"4.614359"
"Vinmonopolet";"8264301";"Dom. Pignier GPS Vin Blanc D'Antan";"Dom. Pignier GPS Vin Blanc D'Antan";"2017";"379.9";"0.75";"506.53";"White wine";"Glass";"13";"3.8964102"
"Vinmonopolet";"8264401";"Dom. Pignier CÃ´tes du Jura Trousseau";"Dom. Pignier CÃ´tes du Jura Trousseau";"2016";"469.9";"0.75";"626.53";"RÃ¸dvin";"Glass";"12";"5.221111"
"Vinmonopolet";"8264505";"Schlumberger Riesling Grand Cru Kessler 2014";"Schlumberger Riesling Grand Cru Kessler";"2014";"669.9";"1.5";"446.6";"White wine";"Glass";"12.5";"3.5728002"
"Vinmonopolet";"8264601";"Croft Twist Fino Spritz";"Croft Twist Fino Spritz";"0";"69.9";"0.75";"93.2";"Flavoured wine	";"Glass";"5.5";"1.6945455"
"Vinmonopolet";"8264701";"Fratelli Berlucchi Franciacorta Brut 25 Blanc de Blancs";"Fratelli Berlucchi Franciacorta Brut 25 Blanc de Blancs";"0";"199.9";"0.75";"266.53";"Sparkling wine";"Glass";"12.5";"2.1322665"
"Vinmonopolet";"8265101";"De Ranke Back to Black";"De Ranke Back to Black";"0";"165";"0.75";"220";"Porter and stout";"Glass";"9.5";"2.3157895"
"Vinmonopolet";"8265501";"Vivier Gap's Crown Sonoma Coast Pinot Noir";"Vivier Gap's Crown Sonoma Coast Pinot Noir";"2015";"549.9";"0.75";"733.2";"RÃ¸dvin";"Glass";"13";"5.6400003"
"Vinmonopolet";"8265601";"Vivier Sun Chase Sonoma Coast Pinot Noir";"Vivier Sun Chase Sonoma Coast Pinot Noir";"2014";"529.9";"0.75";"706.53";"RÃ¸dvin";"Glass";"13.7";"5.157178"
"Vinmonopolet";"8265701";"Hyde Vineyard Chardonnay";"Hyde Vineyard Chardonnay";"2015";"599.9";"0.75";"799.87";"White wine";"Glass";"13.9";"5.754437"
"Vinmonopolet";"8265801";"Vivier Sonoma Coast Pinot Noir";"Vivier Sonoma Coast Pinot Noir";"2016";"389.9";"0.75";"519.87";"RÃ¸dvin";"Glass";"12.9";"4.029974"
"Vinmonopolet";"8265901";"Hyde Vineyard Belle Cousine";"Hyde Vineyard Belle Cousine";"2014";"649.9";"0.75";"866.53";"RÃ¸dvin";"Glass";"14.5";"5.9760923"
"Vinmonopolet";"8266701";"Francis L'Orbane";"Francis L'Orbane";"0";"955.3";"0.75";"1273.73";"Champagne extra brut";"Glass";"12";"10.614445"
"Vinmonopolet";"8267202";"Mikkeller Nuclear Hop Assault IPA";"Mikkeller Nuclear Hop Assault IPA";"0";"38.9";"0.33";"117.88";"India pale ale";"Glass";"8";"1.4734849"
"Vinmonopolet";"8267601";"Marchand Tawse Bourgogne Pinot Noir";"Marchand Tawse Bourgogne Pinot Noir";"2017";"269.5";"0.75";"359.33";"RÃ¸dvin";"Glass";"13";"2.7641025"
"Vinmonopolet";"8267701";"Marchand-Tawse Bourgogne Chardonnay";"Marchand-Tawse Bourgogne Chardonnay";"2017";"274.9";"0.75";"366.53";"White wine";"Glass";"12.5";"2.9322667"
"Vinmonopolet";"8267801";"Nino Negri Castel Chiuro";"Nino Negri Castel Chiuro";"2009";"699.9";"0.75";"933.2";"RÃ¸dvin";"Glass";"13.5";"6.912593"
"Vinmonopolet";"8268001";"Castello Monaci PilÃ¹na Primitivo Salento";"Castello Monaci PilÃ¹na Primitivo Salento";"2016";"224.9";"0.75";"299.87";"RÃ¸dvin";"Glass";"14";"2.1419046"
"Vinmonopolet";"8268101";"Castello Monaci Artas Primitivo Salento";"Castello Monaci Artas Primitivo Salento";"2015";"382.9";"0.75";"510.53";"RÃ¸dvin";"Glass";"16.5";"3.0941415"
"Vinmonopolet";"8268201";"Castello Monaci Petraluce Verdeca Salento";"Castello Monaci Petraluce Verdeca Salento";"2017";"179.9";"0.75";"239.87";"White wine";"Glass";"12";"1.9988889"
"Vinmonopolet";"8268801";"Freixenet Italian Sparkling RosÃ©";"Freixenet Italian Sparkling RosÃ©";"0";"169.9";"0.75";"226.53";"Musserende vin, rosÃ©";"Glass";"11";"2.059394"
"Vinmonopolet";"8269001";"Perelada Blanc Pescador";"Perelada Blanc Pescador";"0";"101.8";"0.75";"135.73";"Sparkling white wine";"Glass";"11.5";"1.1802899"
"Vinmonopolet";"8269101";"Laroche Sauvignon Blanc";"Laroche Sauvignon Blanc";"2018";"99.6";"0.75";"132.8";"White wine";"Glass";"12";"1.1066667"
"Vinmonopolet";"8269301";"Fenocchio Langhe Nebbiolo 2016";"Fenocchio Langhe Nebbiolo";"2016";"209.9";"0.75";"279.87";"RÃ¸dvin";"Glass";"13.5";"2.0730863"
"Vinmonopolet";"8269401";"Scottish Leader Blended Scotch Whisky";"Scottish Leader Blended Scotch Whisky";"0";"449.9";"1";"449.9";"Whisky";"Glass";"40";"1.12475"
"Vinmonopolet";"8269501";"Bunnahabhain StiÃ¹ireadair Single Malt";"Bunnahabhain StiÃ¹ireadair Single Malt";"0";"529.9";"0.7";"757";"Whisky";"Glass";"46.3";"1.6349894"
"Vinmonopolet";"8269601";"Kimerud Hillside Gin";"Kimerud Hillside Gin";"0";"539.9";"0.7";"771.29";"Gin";"Glass";"42";"1.8363947"
"Vinmonopolet";"8269901";"Pegaso Zeta Garnacha 2016";"Pegaso Zeta Garnacha";"2016";"225";"0.75";"300";"RÃ¸dvin";"Glass";"14.5";"2.0689654"
"Vinmonopolet";"8270001";"Petite Arvine RÃ©serve des Administrateurs";"Petite Arvine RÃ©serve des Administrateurs";"2017";"389.9";"0.75";"519.87";"White wine";"Glass";"13.5";"3.8508642"
"Vinmonopolet";"8270101";"Cave St Pierre Syrah RÃ©serve des Administrateurs";"Cave St Pierre Syrah RÃ©serve des Administrateurs";"2016";"399.9";"0.75";"533.2";"RÃ¸dvin";"Glass";"13.5";"3.9496295"
"Vinmonopolet";"8270201";"Cornalin du Valais RÃ©serve des Administrateurs";"Cornalin du Valais RÃ©serve des Administrateurs";"2016";"419.9";"0.75";"559.87";"RÃ¸dvin";"Glass";"13.5";"4.1471605"
"Vinmonopolet";"8270501";"Home Block Pinot Noir 2016";"Home Block Pinot Noir";"2016";"399.9";"0.75";"533.2";"RÃ¸dvin";"Glass";"14";"3.8085713"
"Vinmonopolet";"8270605";"Saint Cosme CÃ´tes du RhÃ´ne";"Saint Cosme CÃ´tes du RhÃ´ne";"2018";"369";"1.5";"246";"RÃ¸dvin";"Glass";"14.5";"1.6965517"
"Vinmonopolet";"8270701";"Lyrarakis Vilana";"Lyrarakis Vilana";"2018";"147.5";"0.75";"196.67";"White wine";"Glass";"12";"1.6388888"
"Vinmonopolet";"8270801";"Lyrarakis Kotsifali";"Lyrarakis Kotsifali";"2018";"157.5";"0.75";"210";"RÃ¸dvin";"Glass";"13";"1.6153846"
"Vinmonopolet";"8270901";"Lyrarakis Plyto Psarades";"Lyrarakis Plyto Psarades";"2019";"199.9";"0.75";"266.53";"White wine";"Glass";"12.5";"2.1322665"
"Vinmonopolet";"8271201";"Sottimano Barbaresco CottÃ¡ 2014";"Sottimano Barbaresco CottÃ¡";"2014";"579";"0.75";"772";"RÃ¸dvin";"Glass";"13.5";"5.7185187"
"Vinmonopolet";"8271501";"Pago de Carraovejas AnejÃ³n 2015";"Pago de Carraovejas AnejÃ³n";"2015";"749.8";"0.75";"999.73";"RÃ¸dvin";"Glass";"15";"6.664889"
"Vinmonopolet";"8271601";"Comte Louis de Lauriston MillÃ©sime 1988";"Comte Louis de Lauriston MillÃ©sime";"1988";"1450";"0.7";"2071.43";"Fruit spirit";"Glass";"42";"4.931973"
"Vinmonopolet";"8271701";"Shackleton Blended Malt Scotch Whisky";"Shackleton Blended Malt Scotch Whisky";"0";"579.9";"0.7";"828.43";"Whisky";"Glass";"40";"2.0710716"
"Vinmonopolet";"8271801";"Sour Fisk Sour Ice Pear";"Sour Fisk Sour Ice Pear";"0";"215";"0.7";"307.14";"LikÃ¸r";"Glass";"15";"2.047619"
"Vinmonopolet";"8271901";"NÃ¸rregade BlÃ¥ Ugler";"NÃ¸rregade BlÃ¥ Ugler";"0";"289.9";"0.7";"414.14";"LikÃ¸r";"Glass";"16.4";"2.5252614"
"Vinmonopolet";"8272001";"NÃ¸rregade Lakrids Ugler";"NÃ¸rregade Lakrids Ugler";"0";"289.9";"0.7";"414.14";"LikÃ¸r";"Glass";"16.4";"2.5252614"
"Vinmonopolet";"8272101";"Fisk Pure Raw Licorice";"Fisk Pure Raw Licorice";"0";"245";"0.7";"350";"LikÃ¸r";"Glass";"16.4";"2.1341465"
"Vinmonopolet";"8272401";"ZubrÃ³wka Biala Vodka";"ZubrÃ³wka Biala Vodka";"0";"315";"0.7";"450";"Vodka";"Glass";"37.5";"1.2"
"Vinmonopolet";"8272601";"Luxardo Cherry Sangue Morlacco";"Luxardo Cherry Sangue Morlacco";"0";"379.9";"0.7";"542.71";"LikÃ¸r";"Glass";"30";"1.8090476"
"Vinmonopolet";"8272701";"Gamla Sangiovese";"Gamla Sangiovese";"2014";"214.9";"0.75";"286.53";"RÃ¸dvin";"Glass";"14.5";"1.9760919"
"Vinmonopolet";"8272801";"Mionetto Prosecco Extra Dry";"Mionetto Prosecco Extra Dry";"0";"149.9";"0.75";"199.87";"Sparkling wine";"Glass";"11";"1.8169696"
"Vinmonopolet";"8273401";"Cadenhead Fettercairn 28 YO";"Cadenhead Fettercairn 28 YO";"0";"2180";"0.7";"3114.29";"Whisky";"Glass";"55.4";"5.6214542"
"Vinmonopolet";"8273501";"Cadenhead Glentauchers-Glenlivet 26 YO";"Cadenhead Glentauchers-Glenlivet 26 YO";"0";"1820.1";"0.7";"2600.14";"Whisky";"Glass";"52.6";"4.9432373"
"Vinmonopolet";"8273601";"Cadenhead Knockdhu 10 YO";"Cadenhead Knockdhu 10 YO";"0";"990";"0.7";"1414.29";"Whisky";"Glass";"56.5";"2.5031607"
"Vinmonopolet";"8273701";"Cadenhead Strathmill 24 YO";"Cadenhead Strathmill 24 YO";"0";"1450";"0.7";"2071.43";"Whisky";"Glass";"45.9";"4.512916"
"Vinmonopolet";"8273801";"Cadenhead Creations Blend 18 YO";"Cadenhead Creations Blend 18 YO";"0";"800.1";"0.7";"1143";"Whisky";"Glass";"44.6";"2.5627804"
"Vinmonopolet";"8273902";"Peroni Nastro Azzurro Gluten Free";"Peroni Nastro Azzurro Gluten Free";"0";"38.9";"0.33";"117.88";"Light lager";"Glass";"5.1";"2.311349"
"Vinmonopolet";"8274002";"Berentsens Cloudberry Imperial Gose";"Berentsens Cloudberry Imperial Gose";"0";"69.8";"0.33";"211.52";"SurÃ¸l";"Glass";"7.5";"2.820202"
"Vinmonopolet";"8274401";"Lordly Whisky";"Lordly Whisky";"0";"949.9";"0.7";"1357";"Whisky";"Glass";"40";"3.3925002"
"Vinmonopolet";"8274602";"Mickey Finn Luscious Blueberry";"Mickey Finn Luscious Blueberry";"0";"134.9";"0.5";"269.8";"Flavoured wine	";"Glass";"15";"1.7986666"
"Vinmonopolet";"8274702";"Mickey Finn Sicilian Blood Orange";"Mickey Finn Sicilian Blood Orange";"0";"134.9";"0.5";"269.8";"Flavoured wine	";"Glass";"15";"1.7986666"
"Vinmonopolet";"8274801";"Ch. Vignelaure 2019";"Ch. Vignelaure";"2019";"219.9";"0.75";"293.2";"RosÃ©vin";"Glass";"13";"2.2553844"
"Vinmonopolet";"8275101";"Suavia Massifitti 2015";"Suavia Massifitti";"2015";"215";"0.75";"286.67";"White wine";"Glass";"12.5";"2.2933333"
"Vinmonopolet";"8275201";"Osmoz Citrus Gin";"Osmoz Citrus Gin";"0";"599.9";"0.7";"857";"Gin";"Glass";"46";"1.8630435"
"Vinmonopolet";"8278001";"Gaznata ViÃ±as Viejas 2018";"Gaznata ViÃ±as Viejas";"2018";"174.9";"0.75";"233.2";"RÃ¸dvin";"Glass";"14.5";"1.6082758"
"Vinmonopolet";"8278101";"AB Valley Wines A Avesso Vinho Verde 2016";"AB Valley Wines A Avesso Vinho Verde";"2016";"151.9";"0.75";"202.53";"White wine";"Glass";"13";"1.5579487"
"Vinmonopolet";"8278201";"AB Valley Wines A Alvarinho Minho 2016";"AB Valley Wines A Alvarinho Minho";"2016";"161.9";"0.75";"215.87";"White wine";"Glass";"13";"1.6605128"
"Vinmonopolet";"8278301";"AB Valley Wines B Avesso Vinho Verde 2016";"AB Valley Wines B Avesso Vinho Verde";"2016";"239.9";"0.75";"319.87";"White wine";"Glass";"13";"2.4605129"
"Vinmonopolet";"8278401";"Bols Genever Barrel Aged";"Bols Genever Barrel Aged";"0";"579.9";"1";"579.9";"Genever";"Glass";"42";"1.3807143"
"Vinmonopolet";"8278501";"Zind-Humbrecht Riesling Brand Grand Cru 2018";"Zind-Humbrecht Riesling Brand Grand Cru";"2018";"389.9";"0.75";"519.87";"White wine";"Glass";"13";"3.9989743"
"Vinmonopolet";"8278601";"Dom. Les Roques de Cana Le Vin des Noces 2008";"Dom. Les Roques de Cana Le Vin des Noces";"2008";"239.9";"0.75";"319.87";"RÃ¸dvin";"Glass";"13";"2.4605129"
"Vinmonopolet";"8278901";"Cosse Maisonneuve Le Sid Cahors 2006";"Cosse Maisonneuve Le Sid Cahors";"2006";"229.9";"0.75";"306.53";"RÃ¸dvin";"Glass";"13.5";"2.2706172"
"Vinmonopolet";"8279106";"Les Clos Servien RosÃ©";"Les Clos Servien RosÃ©";"2017";"520.9";"3";"173.63";"RosÃ©vin";"Bag-in-box";"13";"1.3356411"
"Vinmonopolet";"8279301";"By JoÃ¿ 1988 1988";"By JoÃ¿";"1988";"1099.9";"0.7";"1571.29";"Grape spirit";"Glass";"47.3";"3.3219573"
"Vinmonopolet";"8279401";"KrÃ¡snÃ¡ Hora Pinot Noir 2018";"KrÃ¡snÃ¡ Hora Pinot Noir";"2018";"250";"0.75";"333.33";"RÃ¸dvin";"Glass";"12";"2.7777777"
"Vinmonopolet";"8279405";"Krasna Hora Pinot Noir 2018";"Krasna Hora Pinot Noir";"2018";"520";"1.5";"346.67";"RÃ¸dvin";"Glass";"12";"2.8888888"
"Vinmonopolet";"8279701";"Copain Tous Ensemble Pinot Noir 2016";"Copain Tous Ensemble Pinot Noir";"2016";"339";"0.75";"452";"RÃ¸dvin";"Glass";"13.2";"3.4242425"
"Vinmonopolet";"8279801";"Caravaglio Occhio di Terra 2016";"Caravaglio Occhio di Terra";"2016";"269.9";"0.75";"359.87";"White wine";"Glass";"11.5";"3.1292753"
"Vinmonopolet";"8279901";"Caravaglio Occhio di Terra Rosso non Rosso 2018";"Caravaglio Occhio di Terra Rosso non Rosso";"2018";"279.9";"0.75";"373.2";"RÃ¸dvin";"Glass";"11.5";"3.2452173"
"Vinmonopolet";"8280001";"Caravaglio Occhio di Terra Corinto Nero 2016";"Caravaglio Occhio di Terra Corinto Nero";"2016";"279.9";"0.75";"373.2";"RÃ¸dvin";"Glass";"12.5";"2.9856"
"Vinmonopolet";"8280101";"Gen del Alma Ji Ji Ji Chenin Blanc 2017";"Gen del Alma Ji Ji Ji Chenin Blanc";"2017";"209.9";"0.75";"279.87";"White wine";"Glass";"11.5";"2.433623"
"Vinmonopolet";"8280201";"Gen del Alma Ji Ji Ji Malbec CO2 Pinot Noir 2017";"Gen del Alma Ji Ji Ji Malbec CO2 Pinot Noir";"2017";"209.9";"0.75";"279.87";"RÃ¸dvin";"Glass";"11.5";"2.433623"
"Vinmonopolet";"8280301";"Gen del Alma Seminare Malbec 2016";"Gen del Alma Seminare Malbec";"2016";"599";"0.75";"798.67";"RÃ¸dvin";"Glass";"13.7";"5.829684"
"Vinmonopolet";"8280401";"ViÃ±a Tipaume";"ViÃ±a Tipaume";"2016";"349.9";"0.75";"466.53";"RÃ¸dvin";"Glass";"14";"3.332381"
"Vinmonopolet";"8280501";"ViÃ±a Tipaume Grez";"ViÃ±a Tipaume Grez";"2016";"399.9";"0.75";"533.2";"RÃ¸dvin";"Glass";"14";"3.8085713"
"Vinmonopolet";"8280801";"Gustave Lorentz L'ami des CrustacÃ©s Pinot Blanc";"Gustave Lorentz L'ami des CrustacÃ©s Pinot Blanc";"2018";"159.9";"0.75";"213.2";"White wine";"Glass";"12.5";"1.7055999"
"Vinmonopolet";"8281206";"Castillo de Gredos White";"Castillo de Gredos White";"0";"328.9";"3";"109.63";"White wine";"Bag-in-box";"12";"0.9136111"
"Vinmonopolet";"8282301";"Dom. Hatzimichalis Schioppettino Limnio 2016";"Dom. Hatzimichalis Schioppettino Limnio";"2016";"238.4";"0.75";"317.87";"RÃ¸dvin";"Glass";"13.1";"2.426463"
"Vinmonopolet";"8282401";"Dom. Hatzimichalis Alfega Erythros";"Dom. Hatzimichalis Alfega Erythros";"2014";"193";"0.75";"257.33";"RÃ¸dvin";"Glass";"13.5";"1.9061729"
"Vinmonopolet";"8282601";"Dom. Hatzimichalis Prima Terra Xinomavro Syrah 2014";"Dom. Hatzimichalis Prima Terra Xinomavro Syrah";"2014";"174.7";"0.75";"232.93";"RÃ¸dvin";"Glass";"13.5";"1.725432"
"Vinmonopolet";"8282702";"ArvesÃ¸lvet Kjernekar Single Cask, Cask Strength";"ArvesÃ¸lvet Kjernekar Single Cask, Cask Strength";"0";"599";"0.5";"1198";"Aquavit";"Glass";"57.5";"2.0834782"
"Vinmonopolet";"8282901";"Pagliarese Chianti Classico";"Pagliarese Chianti Classico";"2016";"200";"0.75";"266.67";"RÃ¸dvin";"Glass";"13";"2.0512822"
"Vinmonopolet";"8283101";"Garreliere Cinabre Cabernet Franc 2015";"Garreliere Cinabre Cabernet Franc";"2015";"229.9";"0.75";"306.53";"RÃ¸dvin";"Glass";"13";"2.3579485"
"Vinmonopolet";"8283201";"Charly ThÃ©venet RÃ©gniÃ© Grain & Granite 2016";"Charly ThÃ©venet RÃ©gniÃ© Grain & Granite";"2016";"269.9";"0.75";"359.87";"RÃ¸dvin";"Glass";"13";"2.7682052"
"Vinmonopolet";"8283401";"Pascal Clement Meursault 2016";"Pascal Clement Meursault";"2016";"569.9";"0.75";"759.87";"White wine";"Glass";"13";"5.8451285"
"Vinmonopolet";"8283501";"Pascal Clement Puligny-Montrachet 2017";"Pascal Clement Puligny-Montrachet";"2017";"579.9";"0.75";"773.2";"White wine";"Glass";"13";"5.9476924"
"Vinmonopolet";"8283601";"SocrÃ© Barbaresco 2014";"SocrÃ© Barbaresco";"2014";"379";"0.75";"505.33";"RÃ¸dvin";"Glass";"14.5";"3.4850574"
"Vinmonopolet";"8283901";"Pardon & Fils Dom. du DÃ®me Moulin-Ã -Vent 2016";"Pardon & Fils Dom. du DÃ®me Moulin-Ã -Vent";"2016";"239.5";"0.75";"319.33";"RÃ¸dvin";"Glass";"13";"2.4564102"
"Vinmonopolet";"8284001";"Tibaldi Roero Arneis 2017";"Tibaldi Roero Arneis";"2017";"209.1";"0.75";"278.8";"White wine";"Glass";"13";"2.1446154"
"Vinmonopolet";"8284101";"Pardon & Fils JuliÃ©nas Les Mouilles 2016";"Pardon & Fils JuliÃ©nas Les Mouilles";"2016";"190";"0.75";"253.33";"RÃ¸dvin";"Glass";"13";"1.948718"
"Vinmonopolet";"8284201";"Burzi Langhe Nebbiolo Runcaja 2016";"Burzi Langhe Nebbiolo Runcaja";"2016";"260.3";"0.75";"347.07";"RÃ¸dvin";"Glass";"14.5";"2.393563"
"Vinmonopolet";"8284301";"Cascina Fornace Desaja 2016";"Cascina Fornace Desaja";"2016";"260.3";"0.75";"347.07";"White wine";"Glass";"13";"2.6697435"
"Vinmonopolet";"8284401";"Burzi Barolo 2014";"Burzi Barolo";"2014";"419.4";"0.75";"559.2";"RÃ¸dvin";"Glass";"14";"3.9942856"
"Vinmonopolet";"8284501";"Tibaldi Langhe Favorita 2017";"Tibaldi Langhe Favorita";"2017";"199.5";"0.75";"266";"White wine";"Glass";"12.5";"2.128"
"Vinmonopolet";"8284602";"Cervisiam Enough to Make a Mango Sour Imperial Berlinerweisse";"Cervisiam Enough to Make a Mango Sour Imperial Berlinerweisse";"0";"59.9";"0.33";"175.45";"SurÃ¸l";"Emballasje med pant";"5.5";"3.3002753"
"Vinmonopolet";"8284701";"Loberger Alsace Grand Cru Riesling Spiegel 2015";"Loberger Alsace Grand Cru Riesling Spiegel";"2015";"419";"0.75";"558.67";"White wine";"Glass";"13";"4.2974358"
"Vinmonopolet";"8285101";"Forge Cellars Classique Pinot Noir 2016";"Forge Cellars Classique Pinot Noir";"2016";"339";"0.75";"452";"RÃ¸dvin";"Glass";"13";"3.476923"
"Vinmonopolet";"8285201";"Alfred Gratien Brut Nature";"Alfred Gratien Brut Nature";"0";"500.8";"0.75";"667.73";"Champagne extra brut";"Glass";"12.5";"5.3418665"
"Vinmonopolet";"8285301";"Dr. Loosen Graacher Domprobst Riesling GG 2016";"Dr. Loosen Graacher Domprobst Riesling GG";"2016";"300";"0.75";"400";"White wine";"Glass";"12.5";"3.2"
"Vinmonopolet";"8285401";"Dr. Loosen Wehlener Sonnenuhr Riesling GG 2016";"Dr. Loosen Wehlener Sonnenuhr Riesling GG";"2016";"300";"0.75";"400";"White wine";"Glass";"12.5";"3.2"
"Vinmonopolet";"8285601";"Dr. Loosen Erdener Treppchen Riesling GG 2016";"Dr. Loosen Erdener Treppchen Riesling GG";"2016";"369";"0.75";"492";"White wine";"Glass";"12.5";"3.936"
"Vinmonopolet";"8285901";"DisznÃ³kÃ¶ Tokaji Dry Furmint 2017";"DisznÃ³kÃ¶ Tokaji Dry Furmint";"2017";"189.9";"0.75";"253.2";"White wine";"Glass";"13";"1.9476923"
"Vinmonopolet";"8286202";"Kracher Zweigelt Beerenauslese 2017";"Kracher Zweigelt Beerenauslese";"2017";"199";"0.38";"530.67";"RÃ¸dvin";"Glass";"8";"6.546053"
"Vinmonopolet";"8286301";"Veyder-Malberg Weitenberg GrÃ¼ner Veltliner 2018";"Veyder-Malberg Weitenberg GrÃ¼ner Veltliner";"2018";"619";"0.75";"825.33";"White wine";"Glass";"13.5";"6.11358"
"Vinmonopolet";"8286401";"Metaxa 12*";"Metaxa 12*";"0";"839.9";"0.7";"1199.86";"Grape spirit";"Glass";"40";"2.999643"
"Vinmonopolet";"8286505";"Vinding Montecarrubo Il Piccolo";"Vinding Montecarrubo Il Piccolo";"2016";"609.9";"1.5";"406.6";"RÃ¸dvin";"Glass";"13";"3.1276925"
"Vinmonopolet";"8286601";"Ojai Fe Ciega Pinot Noir 2017";"Ojai Fe Ciega Pinot Noir";"2017";"499";"0.75";"665.33";"RÃ¸dvin";"Glass";"13";"5.1179485"
"Vinmonopolet";"8287001";"Ojai Syrah 2016";"Ojai Syrah";"2016";"349";"0.75";"465.33";"RÃ¸dvin";"Glass";"13";"3.579487"
"Vinmonopolet";"8287101";"Dievole Le Due Arbie Rosato 2018";"Dievole Le Due Arbie Rosato";"2018";"159.9";"0.75";"213.2";"RosÃ©vin";"Glass";"12.5";"1.7055999"
"Vinmonopolet";"8287201";"Dievole Le Due Arbie Bianco 2018";"Dievole Le Due Arbie Bianco";"2018";"159.9";"0.75";"213.2";"White wine";"Glass";"12.5";"1.7055999"
"Vinmonopolet";"8287301";"Lalomba";"Lalomba";"2016";"240";"0.75";"320";"RosÃ©vin";"Glass";"13";"2.4615386"
"Vinmonopolet";"8287501";"Dom. Haut GlÃ©on VallÃ©e du Paradis";"Dom. Haut GlÃ©on VallÃ©e du Paradis";"2017";"199.9";"0.75";"266.53";"RosÃ©vin";"Glass";"13";"2.0502563"
"Vinmonopolet";"8287601";"Braastad Vingen XO";"Braastad Vingen XO";"0";"909.9";"0.7";"1299.86";"Grape spirit";"Glass";"40";"3.249643"
"Vinmonopolet";"8287901";"Rebellious Riesling";"Rebellious Riesling";"2019";"165";"1";"165";"White wine";"Plast";"12.5";"1.32"
"Vinmonopolet";"8288001";"Mee Godard Morgon CÃ´te du Py 2018";"Mee Godard Morgon CÃ´te du Py";"2018";"309.9";"0.75";"413.2";"RÃ¸dvin";"Glass";"13.5";"3.0607407"
"Vinmonopolet";"8288201";"Mee Godard Morgon Corcelette 2016";"Mee Godard Morgon Corcelette";"2016";"249.9";"0.75";"333.2";"RÃ¸dvin";"Glass";"13.1";"2.5435114"
"Vinmonopolet";"8288404";"Nohrlund Gulrot & Eple";"Nohrlund Gulrot & Eple";"0";"59.8";"0.2";"299";"Other spirit";"Glass";"8.5";"3.517647"
"Vinmonopolet";"8288701";"Nelly France Shieldmaiden CÃ´tes du RhÃ´ne Villages St. CÃ©cile 2016";"Nelly France Shieldmaiden CÃ´tes du RhÃ´ne Villages St. CÃ©cile";"2016";"128.7";"0.75";"171.6";"RÃ¸dvin";"Glass";"14";"1.2257142"
"Vinmonopolet";"8288901";"Nelly France Arnaud's Feast CÃ´tes du RhÃ´ne 2016";"Nelly France Arnaud's Feast CÃ´tes du RhÃ´ne";"2016";"98.7";"0.75";"131.6";"RÃ¸dvin";"Glass";"14";"0.94"
"Vinmonopolet";"8289201";"De Wetshof Naissance Cabernet Sauvignon";"De Wetshof Naissance Cabernet Sauvignon";"2015";"254.9";"0.75";"339.87";"RÃ¸dvin";"Glass";"14.5";"2.343908"
"Vinmonopolet";"8289401";"De Wetshof Lesca Chardonnay 2017";"De Wetshof Lesca Chardonnay";"2017";"279";"0.75";"372";"White wine";"Glass";"13";"2.8615384"
"Vinmonopolet";"8289501";"De Wetshof Louis Michel Thibault Merlot 2010";"De Wetshof Louis Michel Thibault Merlot";"2010";"449";"0.75";"598.67";"RÃ¸dvin";"Glass";"13.5";"4.434568"
"Vinmonopolet";"8289801";"Zanni Soave";"Zanni Soave";"2017";"125.9";"0.75";"167.87";"White wine";"Plast";"12";"1.398889"
"Vinmonopolet";"8290001";"Langmann Schilcato";"Langmann Schilcato";"2019";"174.9";"0.75";"233.2";"Perlende vin, rosÃ©";"Glass";"7.5";"3.1093333"
"Vinmonopolet";"8290401";"MM Reserva De La Familia Brut RosÃ© 2014";"MM Reserva De La Familia Brut RosÃ©";"2014";"146.9";"0.75";"195.87";"Musserende vin, rosÃ©";"Glass";"11.5";"1.7031883"
"Vinmonopolet";"8290501";"The Winemaker's Secret Barrels RosÃ©";"The Winemaker's Secret Barrels RosÃ©";"0";"149.9";"1";"149.9";"RosÃ©vin";"Glass";"12";"1.2491666"
"Vinmonopolet";"8290601";"The Winemaker's Secret Barrels White";"The Winemaker's Secret Barrels White";"0";"149.9";"1";"149.9";"White wine";"Glass";"13";"1.1530769"
"Vinmonopolet";"8290701";"The Italian Spritz";"The Italian Spritz";"0";"135";"0.75";"180";"Flavoured wine	";"Glass";"11";"1.6363636"
"Vinmonopolet";"8290705";"The Italian Spritz";"The Italian Spritz";"0";"259.9";"1.5";"173.27";"Flavoured wine	";"Glass";"11";"1.5751514"
"Vinmonopolet";"8290801";"b.io Trebbiano Spumante";"b.io Trebbiano Spumante";"2016";"199.9";"0.75";"266.53";"Sparkling wine";"Glass";"12";"2.221111"
"Vinmonopolet";"8290901";"Dom. de l'Ãle Margaux";"Dom. de l'Ãle Margaux";"2007";"451.7";"0.75";"602.27";"RÃ¸dvin";"Glass";"13";"4.6328206"
"Vinmonopolet";"8291101";"Xavier Schneider Gewurztraminer Vendanges Tardives";"Xavier Schneider Gewurztraminer Vendanges Tardives";"2015";"416.7";"0.75";"555.6";"White wine";"Glass";"13.5";"4.115556"
"Vinmonopolet";"8291202";"Xavier Schneider Pinot Gris SÃ©lection Grains Nobles";"Xavier Schneider Pinot Gris SÃ©lection Grains Nobles";"2011";"537.3";"0.5";"1074.6";"White wine";"Glass";"14";"7.675714"
"Vinmonopolet";"8291301";"Xavier Schneider Gewurztraminer Vieilles Vignes";"Xavier Schneider Gewurztraminer Vieilles Vignes";"2016";"295.2";"0.75";"393.6";"White wine";"Glass";"12.5";"3.1488001"
"Vinmonopolet";"8291702";"PÃªcher Mignon";"PÃªcher Mignon";"0";"179.9";"0.5";"359.8";"LikÃ¸r";"Glass";"15";"2.3986666"
"Vinmonopolet";"8291804";"Scottish Leader Blended Scotch Whisky";"Scottish Leader Blended Scotch Whisky";"0";"109.9";"0.2";"549.5";"Whisky";"Glass";"40";"1.37375"
"Vinmonopolet";"8292001";"Ch. Les Graves de Viaud CuvÃ©e Prestige 2014";"Ch. Les Graves de Viaud CuvÃ©e Prestige";"2014";"209.8";"0.75";"279.73";"RÃ¸dvin";"Glass";"13.5";"2.0720987"
"Vinmonopolet";"8292106";"Ch. Les Graves de Viaud CuvÃ©e de MÃ¨re l O";"Ch. Les Graves de Viaud CuvÃ©e de MÃ¨re l O";"2016";"399.9";"3";"133.3";"RÃ¸dvin";"Pouch";"13.5";"0.9874074"
"Vinmonopolet";"8292201";"Jean Leon 3055 RosÃ©";"Jean Leon  RosÃ©";"2017";"199.9";"0.75";"266.53";"RosÃ©vin";"Glass";"12.5";"2.1322665"
"Vinmonopolet";"8292301";"Ch. Sainte Marguerite";"Ch. Sainte Marguerite";"2008";"199.9";"0.75";"266.53";"RÃ¸dvin";"Glass";"13.5";"1.9743209"
"Vinmonopolet";"8292401";"Clos Maragnac 2009";"Clos Maragnac";"2009";"219.9";"0.75";"293.2";"RÃ¸dvin";"Glass";"13.5";"2.1718519"
"Vinmonopolet";"8292601";"Aurore de Dauzac 2015";"Aurore de Dauzac";"2015";"278.9";"0.75";"371.87";"RÃ¸dvin";"Glass";"14";"2.6561904"
"Vinmonopolet";"8292701";"LiebFrauMilch Forbidden Pleasure 2017";"LiebFrauMilch Forbidden Pleasure";"2017";"155";"0.75";"206.67";"White wine";"Glass";"10.5";"1.968254"
"Vinmonopolet";"8292801";"Gianni Brunelli Brunello di Montalcino 2013";"Gianni Brunelli Brunello di Montalcino";"2013";"496.9";"0.75";"662.53";"RÃ¸dvin";"Glass";"13.5";"4.9076543"
"Vinmonopolet";"8292901";"Gianni Brunelli Brunello di Montalcino Riserva";"Gianni Brunelli Brunello di Montalcino Riserva";"2012";"760";"0.75";"1013.33";"RÃ¸dvin";"Glass";"13.5";"7.5061727"
"Vinmonopolet";"8293401";"Antiche Terre Amarone Riserva del Fondatore 2011";"Antiche Terre Amarone Riserva del Fondatore";"2011";"625";"0.75";"833.33";"RÃ¸dvin";"Glass";"16";"5.2083335"
"Vinmonopolet";"8293801";"LaSelva Maremma Toscana";"LaSelva Maremma Toscana";"2016";"119.9";"0.75";"159.87";"RÃ¸dvin";"Glass";"13.5";"1.1841975"
"Vinmonopolet";"8293901";"Obermoser St. Magdalener Classico 2016";"Obermoser St. Magdalener Classico";"2016";"189.9";"0.75";"253.2";"RÃ¸dvin";"Glass";"13.5";"1.8755555"
"Vinmonopolet";"8294001";"CosÃ¬ Ã Col Fondo";"CosÃ¬ Ã Col Fondo";"0";"174.9";"0.75";"233.2";"Sparkling white wine";"Glass";"11";"2.12"
"Vinmonopolet";"8294601";"Guy Chaumont Givry Rouge 2015";"Guy Chaumont Givry Rouge";"2015";"149.9";"0.75";"199.87";"RÃ¸dvin";"Glass";"13";"1.5374359"
"Vinmonopolet";"8294701";"Chaumont CrÃ©mant de Bourgogne Brut Zero";"Chaumont CrÃ©mant de Bourgogne Brut Zero";"0";"203.7";"0.75";"271.6";"Sparkling wine";"Glass";"12.5";"2.1728"
"Vinmonopolet";"8294901";"Vola VolÃ© Montepulciano d'Abruzzo 2018";"Vola VolÃ© Montepulciano d'Abruzzo";"2018";"179.9";"0.75";"239.87";"RÃ¸dvin";"Glass";"13.5";"1.77679"
"Vinmonopolet";"8295001";"Vola VolÃ© Cerasuolo d'Abruzzo";"Vola VolÃ© Cerasuolo d'Abruzzo";"2017";"99.9";"0.75";"133.2";"RosÃ©vin";"Glass";"13";"1.0246154"
"Vinmonopolet";"8295106";"Vola VolÃ© Passerina";"Vola VolÃ© Passerina";"2018";"349.8";"3";"116.6";"White wine";"Bag-in-box";"12.5";"0.9328"
"Vinmonopolet";"8295201";"Guy Chaumont CÃ´te Chalonnaise Rouge 2015";"Guy Chaumont CÃ´te Chalonnaise Rouge";"2015";"169.6";"0.75";"226.13";"RÃ¸dvin";"Glass";"12.5";"1.8090668"
"Vinmonopolet";"8295301";"Guy Chaumont Rouge Bulles";"Guy Chaumont Rouge Bulles";"0";"159.6";"0.75";"212.8";"Sparkling wine";"Glass";"12.5";"1.7024001"
"Vinmonopolet";"8295401";"Vola VolÃ© Passerina";"Vola VolÃ© Passerina";"2018";"99.9";"0.75";"133.2";"White wine";"Glass";"12.5";"1.0656"
"Vinmonopolet";"8295506";"Vola VolÃ© Montepulciano d'Abruzzo";"Vola VolÃ© Montepulciano d'Abruzzo";"2018";"399.9";"3";"133.3";"RÃ¸dvin";"Bag-in-box";"13.5";"0.9874074"
"Vinmonopolet";"8295606";"Vola VolÃ© Cerasuolo d'Abruzzo";"Vola VolÃ© Cerasuolo d'Abruzzo";"2018";"298.8";"3";"99.6";"RosÃ©vin";"Bag-in-box";"13";"0.7661538"
"Vinmonopolet";"8295701";"Guy Chaumont Givry Blanc";"Guy Chaumont Givry Blanc";"2015";"199.8";"0.75";"266.4";"White wine";"Glass";"13.5";"1.9733334"
"Vinmonopolet";"8296106";"Bedouet Handmade Muscadet";"Bedouet Handmade Muscadet";"2016";"529.5";"3";"176.5";"White wine";"Bag-in-box";"12";"1.4708333"
"Vinmonopolet";"8296201";"Cant. di Custoza Terre in Fiore 2017";"Cant. di Custoza Terre in Fiore";"2017";"99.6";"0.75";"132.8";"White wine";"Glass";"12.5";"1.0624"
"Vinmonopolet";"8296401";"Dom. Graveirette Ju de Vie RosÃ©";"Dom. Graveirette Ju de Vie RosÃ©";"2017";"179.9";"0.75";"239.87";"RosÃ©vin";"Glass";"12.5";"1.9189333"
"Vinmonopolet";"8296501";"Cant. di Custoza Bardolino 2017";"Cant. di Custoza Bardolino";"2017";"159.6";"0.75";"212.8";"RÃ¸dvin";"Glass";"12.5";"1.7024001"
"Vinmonopolet";"8296701";"Dom. Gresser Duttenberg Riesling 2015";"Dom. Gresser Duttenberg Riesling";"2015";"159.6";"0.75";"212.8";"White wine";"Glass";"13";"1.6369232"
"Vinmonopolet";"8297601";"Sella Majoli Rosato 2017";"Sella Majoli Rosato";"2017";"189.9";"0.75";"253.2";"RosÃ©vin";"Glass";"13.5";"1.8755555"
"Vinmonopolet";"8297701";"Hans Baer Pinot Noir";"Hans Baer Pinot Noir";"2018";"149.9";"0.75";"199.87";"RÃ¸dvin";"Glass";"12.5";"1.5989332"
"Vinmonopolet";"8297901";"CamÃ­ de Flors Cava Brut Nature";"CamÃ­ de Flors Cava Brut Nature";"0";"99";"0.75";"132";"Sparkling wine";"Glass";"11.5";"1.1478261"
"Vinmonopolet";"8298001";"Langoureau Saint-Aubin 1er Cru Le Champlot";"Langoureau Saint-Aubin 1er Cru Le Champlot";"2017";"329.9";"0.75";"439.87";"White wine";"Glass";"13";"3.3835897"
"Vinmonopolet";"8298101";"Villa Burgundia Gamay-Pinot Noir";"Villa Burgundia Gamay-Pinot Noir";"2018";"163.9";"0.75";"218.53";"RÃ¸dvin";"Glass";"13";"1.6810256"
"Vinmonopolet";"8298401";"Michelot Meursault Clos Saint-Felix";"Michelot Meursault Clos Saint-Felix";"2018";"495";"0.75";"660";"White wine";"Glass";"13";"5.076923"
"Vinmonopolet";"8298501";"Langoureau Saint-Aubin";"Langoureau Saint-Aubin";"2018";"274.9";"0.75";"366.53";"White wine";"Glass";"13";"2.819487"
"Vinmonopolet";"8298601";"Villa Guelpa Longitudine 8-26 Rosso";"Villa Guelpa Longitudine 8-26 Rosso";"2017";"189.9";"0.75";"253.2";"RÃ¸dvin";"Glass";"13";"1.9476923"
"Vinmonopolet";"8298701";"City of London Old Tom Gin";"City of London Old Tom Gin";"0";"629";"0.7";"898.57";"Gin";"Glass";"43.3";"2.0752227"
"Vinmonopolet";"8298801";"City of London Dry Gin";"City of London Dry Gin";"0";"579";"0.7";"827.14";"Gin";"Glass";"41.3";"2.0027673"
"Vinmonopolet";"8298901";"Whitley Neill Rhubarb & Ginger Gin";"Whitley Neill Rhubarb & Ginger Gin";"0";"489";"0.7";"698.57";"Gin";"Glass";"43";"1.6245848"
"Vinmonopolet";"8299001";"Tormaresca Trentangeli Castel del Monte";"Tormaresca Trentangeli Castel del Monte";"2016";"239";"0.75";"318.67";"RÃ¸dvin";"Glass";"14";"2.2761905"
"Vinmonopolet";"8299106";"Castellani Filicheto VNDM";"Castellani Filicheto VNDM";"2019";"469.9";"3";"156.63";"RÃ¸dvin";"Bag-in-box";"13";"1.2048718"
"Vinmonopolet";"8299206";"Escada Arinto Reserva";"Escada Arinto Reserva";"2019";"399.9";"3";"133.3";"White wine";"Bag-in-box";"12";"1.1108333"
"Vinmonopolet";"8299301";"Old Hands Joven";"Old Hands Joven";"2017";"159.9";"0.75";"213.2";"RÃ¸dvin";"Glass";"14.5";"1.4703448"
"Vinmonopolet";"8299501";"Ch. Rioublanc 2018";"Ch. Rioublanc";"2018";"169.9";"0.75";"226.53";"White wine";"Glass";"12.5";"1.8122666"
"Vinmonopolet";"8299701";"Santos Dumont XO";"Santos Dumont XO";"0";"829.9";"0.7";"1185.57";"Rum";"Glass";"40";"2.9639287"
"Vinmonopolet";"8299901";"Old Pulteney 25 YO";"Old Pulteney 25 YO";"0";"3999.9";"0.7";"5714.14";"Whisky";"Glass";"46";"12.4220495"
"Vinmonopolet";"8300001";"Santos Dumont Elixir XO";"Santos Dumont Elixir XO";"0";"649.9";"0.7";"928.43";"LikÃ¸r";"Glass";"40";"2.3210716"
"Vinmonopolet";"8300101";"Old Pulteney Vintage 1983";"Old Pulteney Vintage";"1983";"5299.9";"0.7";"7571.29";"Whisky";"Glass";"46";"16.459316"
"Vinmonopolet";"8300201";"Speyburn Single Malt 10 YO";"Speyburn Single Malt 10 YO";"0";"629.9";"0.7";"899.86";"Whisky";"Glass";"40";"2.249643"
"Vinmonopolet";"8300301";"Perlage Trevenezie Merlot";"Perlage Trevenezie Merlot";"2016";"149.8";"0.75";"199.73";"RÃ¸dvin";"Glass";"12";"1.6644444"
"Vinmonopolet";"8300401";"Perlage Puglia Primitivo";"Perlage Puglia Primitivo";"2016";"149.8";"0.75";"199.73";"RÃ¸dvin";"Glass";"13";"1.5364103"
"Vinmonopolet";"8300501";"Propeller Gin";"Propeller Gin";"0";"360";"0.7";"514.29";"Gin";"Glass";"40";"1.2857143"
"Vinmonopolet";"8300502";"Propeller Gin";"Propeller Gin";"0";"309.9";"0.5";"619.8";"Gin";"Glass";"40";"1.5495"
"Vinmonopolet";"8300601";"Terre de ChÃªnes Coteaux Bourguignons 2018";"Terre de ChÃªnes Coteaux Bourguignons";"2018";"159.9";"0.75";"213.2";"RÃ¸dvin";"Glass";"13";"1.64"
"Vinmonopolet";"8300706";"Foncalieu Puy ChÃ©ri Syrah RosÃ©";"Foncalieu Puy ChÃ©ri Syrah RosÃ©";"2019";"409.9";"3";"136.63";"RosÃ©vin";"Bag-in-box";"12.5";"1.0930667"
"Vinmonopolet";"8300801";"Hyde de Villaine Californio Syrah";"Hyde de Villaine Californio Syrah";"2013";"669.9";"0.75";"893.2";"RÃ¸dvin";"Glass";"14.6";"6.1178083"
"Vinmonopolet";"8300901";"Charles Frey Harmonie Pinot Noir 2016";"Charles Frey Harmonie Pinot Noir";"2016";"169.6";"0.75";"226.13";"RÃ¸dvin";"Glass";"12.5";"1.8090668"
"Vinmonopolet";"8301001";"Bod. Chacra Mainque Pinot Noir RosÃ©";"Bod. Chacra Mainque Pinot Noir RosÃ©";"2015";"159.6";"0.75";"212.8";"RosÃ©vin";"Glass";"13";"1.6369232"
"Vinmonopolet";"8301301";"Gravner Bianco Breg";"Gravner Bianco Breg";"2008";"699.9";"0.75";"933.2";"White wine";"Glass";"15";"6.2213335"
"Vinmonopolet";"8301401";"Gravner Ribolla";"Gravner Ribolla";"2008";"699.9";"0.75";"933.2";"White wine";"Glass";"14.5";"6.435862"
"Vinmonopolet";"8301601";"Clerget Bourgogne Pinot Noir 2018";"Clerget Bourgogne Pinot Noir";"2018";"184.9";"0.75";"246.53";"RÃ¸dvin";"Glass";"12.5";"1.9722666"
"Vinmonopolet";"8301701";"Ch. Couronneau Bordeaux SupÃ©rieur 2018";"Ch. Couronneau Bordeaux SupÃ©rieur";"2018";"189.9";"0.75";"253.2";"RÃ¸dvin";"Glass";"14.5";"1.7462069"
"Vinmonopolet";"8301801";"Jean-Michel Gaunoux Meursault Goutte d'Or 2014";"Jean-Michel Gaunoux Meursault Goutte d'Or";"2014";"659.9";"0.75";"879.87";"White wine";"Glass";"13";"6.768205"
"Vinmonopolet";"8301901";"Dom. des Tourelles Cinsault Vieilles Vignes 2017";"Dom. des Tourelles Cinsault Vieilles Vignes";"2017";"299.9";"0.75";"399.87";"RÃ¸dvin";"Glass";"14";"2.8561904"
"Vinmonopolet";"8302001";"Dom. des Tourelles Marquis des Beys 2014";"Dom. des Tourelles Marquis des Beys";"2014";"359.9";"0.75";"479.87";"RÃ¸dvin";"Glass";"14";"3.427619"
"Vinmonopolet";"8302101";"Dom. des Tourelles 2016";"Dom. des Tourelles";"2016";"199.9";"0.75";"266.53";"RÃ¸dvin";"Glass";"14.5";"1.8381609"
"Vinmonopolet";"8302401";"Grappa Vinaccia di Nittardi";"Grappa Vinaccia di Nittardi";"0";"699.9";"0.7";"999.86";"Grape spirit";"Glass";"42";"2.3806124"
"Vinmonopolet";"8302501";"Planeta Mamertino 2015";"Planeta Mamertino";"2015";"299.9";"0.75";"399.87";"RÃ¸dvin";"Glass";"13";"3.0758975"
"Vinmonopolet";"8302601";"Planeta Nocera 2016";"Planeta Nocera";"2016";"275";"0.75";"366.67";"RÃ¸dvin";"Glass";"13";"2.8205128"
"Vinmonopolet";"8302701";"Leda the Truffle Hunter Langhe Arneis";"Leda the Truffle Hunter Langhe Arneis";"2017";"159.9";"0.75";"213.2";"White wine";"Glass";"13";"1.64"
"Vinmonopolet";"8302801";"Bosio Leda the Truffle Hunter Gavi";"Bosio Leda the Truffle Hunter Gavi";"2017";"99.7";"0.75";"132.93";"White wine";"Glass";"12.5";"1.0634667"
"Vinmonopolet";"8302901";"Petra Alto Sangiovese 2016";"Petra Alto Sangiovese";"2016";"325";"0.75";"433.33";"RÃ¸dvin";"Glass";"13.5";"3.2098765"
"Vinmonopolet";"8303001";"Porzelt KlingenmÃ¼nster Riesling Muschelkalk";"Porzelt KlingenmÃ¼nster Riesling Muschelkalk";"2016";"209.5";"0.75";"279.33";"White wine";"Glass";"12";"2.3277779"
"Vinmonopolet";"8303101";"Porzelt KlingenmÃ¼nster Silvaner Muschelkalk";"Porzelt KlingenmÃ¼nster Silvaner Muschelkalk";"2016";"219.9";"0.75";"293.2";"White wine";"Glass";"13";"2.2553844"
"Vinmonopolet";"8303201";"Porzelt KlingenmÃ¼nster SpÃ¤tburgunder Muschelkalk";"Porzelt KlingenmÃ¼nster SpÃ¤tburgunder Muschelkalk";"2014";"269.8";"0.75";"359.73";"RÃ¸dvin";"Glass";"13.5";"2.6646912"
"Vinmonopolet";"8303301";"Porzelt KlingenmÃ¼nster Kirchberg Silvaner";"Porzelt KlingenmÃ¼nster Kirchberg Silvaner";"2015";"309.8";"0.75";"413.07";"White wine";"Glass";"14";"2.9504762"
"Vinmonopolet";"8303401";"Porzelt KlingenmÃ¼nster Kirchberg SpÃ¤tburgunder";"Porzelt KlingenmÃ¼nster Kirchberg SpÃ¤tburgunder";"2014";"344.8";"0.75";"459.73";"RÃ¸dvin";"Glass";"13.5";"3.405432"
"Vinmonopolet";"8303501";"Ch. du Val de Mercy Bourgogne Chitry Prestige 2015";"Ch. du Val de Mercy Bourgogne Chitry Prestige";"2015";"178.7";"0.75";"238.27";"RÃ¸dvin";"Glass";"12.5";"1.9061333"
"Vinmonopolet";"8303601";"Ch. du Val de Mercy CrÃ©mant de Bourgogne";"Ch. du Val de Mercy CrÃ©mant de Bourgogne";"0";"199.9";"0.75";"266.53";"Sparkling wine";"Glass";"12";"2.221111"
"Vinmonopolet";"8303701";"Puech-Haut Prestige";"Puech-Haut Prestige";"2017";"169.6";"0.75";"226.13";"RosÃ©vin";"Glass";"13";"1.7394873"
"Vinmonopolet";"8303806";"Monlusso Piemonte Barbera";"Monlusso Piemonte Barbera";"2016";"495";"3";"165";"RÃ¸dvin";"Bag-in-box";"14";"1.1785715"
"Vinmonopolet";"8303901";"Vandre Turvin";"Vandre Turvin";"2017";"119.9";"0.75";"159.87";"RÃ¸dvin";"Plast";"12.5";"1.2789334"
"Vinmonopolet";"8304001";"Mother Rock Holocene";"Mother Rock Holocene";"2017";"279.9";"0.75";"373.2";"RÃ¸dvin";"Glass";"12";"3.11"
"Vinmonopolet";"8304101";"Zind-Humbrecht Clos Jebsal Vendange Tardive Pinot Gris 2010";"Zind-Humbrecht Clos Jebsal Vendange Tardive Pinot Gris";"2010";"429.8";"0.75";"573.07";"White wine";"Glass";"13.5";"4.2449384"
"Vinmonopolet";"8304201";"Zind-Humbrecht Turckheim GewÃ¼rztraminer 2018";"Zind-Humbrecht Turckheim GewÃ¼rztraminer";"2018";"249.9";"0.75";"333.2";"White wine";"Glass";"13";"2.563077"
"Vinmonopolet";"8304301";"Zind-Humbrecht Brand Turckheim Vendange Tardive Riesling 2004";"Zind-Humbrecht Brand Turckheim Vendange Tardive Riesling";"2004";"499.9";"0.75";"666.53";"White wine";"Glass";"11.5";"5.795942"
"Vinmonopolet";"8304401";"Zind-Humbrecht Rotenberg Pinot Gris 2017";"Zind-Humbrecht Rotenberg Pinot Gris";"2017";"419.9";"0.75";"559.87";"White wine";"Glass";"13.5";"4.1471605"
"Vinmonopolet";"8304501";"Zind-Humbrecht Clos Windsbuhl Riesling 2017";"Zind-Humbrecht Clos Windsbuhl Riesling";"2017";"569.9";"0.75";"759.87";"White wine";"Glass";"12";"6.3322225"
"Vinmonopolet";"8304601";"Zind-Humbrecht Roche Calcaire Riesling 2016";"Zind-Humbrecht Roche Calcaire Riesling";"2016";"279.8";"0.75";"373.07";"White wine";"Glass";"12.5";"2.9845333"
"Vinmonopolet";"8304801";"Zind-Humbrecht Clos Saint Urbain Rangen de Thann Grand Cru Riesling 2017";"Zind-Humbrecht Clos Saint Urbain Rangen de Thann Grand Cru Riesling";"2017";"799.9";"0.75";"1066.53";"White wine";"Glass";"13";"8.2041025"
"Vinmonopolet";"8304901";"Zind-Humbrecht Clos HÃ¤userer Riesling 2018";"Zind-Humbrecht Clos HÃ¤userer Riesling";"2018";"319.9";"0.75";"426.53";"White wine";"Glass";"12.5";"3.4122665"
"Vinmonopolet";"8305001";"Zind-Humbrecht Heimbourg Pinot Noir 2017";"Zind-Humbrecht Heimbourg Pinot Noir";"2017";"449.9";"0.75";"599.87";"RÃ¸dvin";"Glass";"12.5";"4.7989335"
"Vinmonopolet";"8305101";"Wageck SchÃ¼tzenhaus Riesling Trocken";"Wageck SchÃ¼tzenhaus Riesling Trocken";"2015";"199.9";"0.75";"266.53";"White wine";"Glass";"12.5";"2.1322665"
"Vinmonopolet";"8305201";"Landgraf Henri Pinot Noir";"Landgraf Henri Pinot Noir";"2015";"389.9";"0.75";"519.87";"RÃ¸dvin";"Glass";"13";"3.9989743"
"Vinmonopolet";"8305301";"Landgraf Saulheimer SpÃ¤tburgunder 2017";"Landgraf Saulheimer SpÃ¤tburgunder";"2017";"199.7";"0.75";"266.27";"RÃ¸dvin";"Glass";"13";"2.0482051"
"Vinmonopolet";"8305401";"Aval Cidre Artisanal";"Aval Cidre Artisanal";"0";"114.9";"0.75";"153.2";"Cider";"Glass";"6";"2.5533333"
"Vinmonopolet";"8305502";"Aval Cidre Artisanal";"Aval Cidre Artisanal";"0";"54.9";"0.33";"166.36";"Cider";"Glass";"6";"2.7727273"
"Vinmonopolet";"8305604";"The Bitter Truth Lemon Bitters";"The Bitter Truth Lemon Bitters";"0";"234.9";"0.2";"1174.5";"Bitter	";"Glass";"39";"3.0115383"
"Vinmonopolet";"8305804";"The Bitter Truth Chocolate Bitters";"The Bitter Truth Chocolate Bitters";"0";"234.9";"0.2";"1174.5";"Bitter	";"Glass";"44";"2.669318"
"Vinmonopolet";"8306001";"Dom. des Miquettes Syrah 2016";"Dom. des Miquettes Syrah";"2016";"268";"0.75";"357.33";"RÃ¸dvin";"Glass";"11.5";"3.1072464"
"Vinmonopolet";"8306101";"Weil Kiedrich Turmberg Riesling Trocken 2016";"Weil Kiedrich Turmberg Riesling Trocken";"2016";"355";"0.75";"473.33";"White wine";"Glass";"12.5";"3.7866666"
"Vinmonopolet";"8306201";"Weil Kiedrich GrÃ¤fenberg Riesling GG 2016";"Weil Kiedrich GrÃ¤fenberg Riesling GG";"2016";"518";"0.75";"690.67";"White wine";"Glass";"13";"5.3128204"
"Vinmonopolet";"8306301";"Weil Kiedrich GrÃ¤fenberg Riesling SpÃ¤tlese 2016";"Weil Kiedrich GrÃ¤fenberg Riesling SpÃ¤tlese";"2016";"465";"0.75";"620";"White wine";"Glass";"8.5";"7.2941175"
"Vinmonopolet";"8307202";"Wild Beer Fruitbooter";"Wild Beer Fruitbooter";"0";"49.9";"0.33";"151.21";"SurÃ¸l";"Glass";"5.7";"2.6528442"
"Vinmonopolet";"8307304";"Bitter Truth Olive Bitters";"Bitter Truth Olive Bitters";"0";"234.9";"0.2";"1174.5";"Bitter	";"Glass";"39";"3.0115383"
"Vinmonopolet";"8307401";"Angerville Volnay Cru Clos des Ducs 2015";"Angerville Volnay Cru Clos des Ducs";"2015";"1295.9";"0.75";"1727.87";"RÃ¸dvin";"Glass";"13.5";"12.799012"
"Vinmonopolet";"8307501";"Angerville Volnay Champans 2015";"Angerville Volnay Champans";"2015";"967.9";"0.75";"1290.53";"RÃ¸dvin";"Glass";"13.5";"9.559506"
"Vinmonopolet";"8308005";"DurochÃ© Gevrey-Chambertin 1er Cru Lavaut Saint-Jacques 2016";"DurochÃ© Gevrey-Chambertin 1er Cru Lavaut Saint-Jacques";"2016";"1799.9";"1.5";"1199.93";"RÃ¸dvin";"Glass";"12.5";"9.599466"
"Vinmonopolet";"8308701";"Blain-Gagnard Chassagne-Montrachet 2017";"Blain-Gagnard Chassagne-Montrachet";"2017";"482";"0.75";"642.67";"White wine";"Glass";"13.3";"4.8320804"
"Vinmonopolet";"8308801";"Blain-Gagnard Chassagne-Montrachet Premier Cru La Boudriotte 2018";"Blain-Gagnard Chassagne-Montrachet Premier Cru La Boudriotte";"2018";"639.9";"0.75";"853.2";"White wine";"Glass";"13.3";"6.4150376"
"Vinmonopolet";"8309301";"Husholdnings Gin";"Husholdnings Gin";"0";"364.9";"0.7";"521.29";"Gin";"Glass";"38";"1.3718045"
"Vinmonopolet";"8309401";"Tomintoul 16 YO";"Tomintoul 16 YO";"0";"619";"0.7";"884.29";"Whisky";"Glass";"40";"2.2107143"
"Vinmonopolet";"8309501";"Pavelot Savigny-les-Beaune 1er Cru La Dominode 2017";"Pavelot Savigny-les-Beaune 1er Cru La Dominode";"2017";"478";"0.75";"637.33";"RÃ¸dvin";"Glass";"13";"4.902564"
"Vinmonopolet";"8309601";"Pavelot Savigny-les-Beaune 1er Cru Aux Gravains 2016";"Pavelot Savigny-les-Beaune 1er Cru Aux Gravains";"2016";"462";"0.75";"616";"RÃ¸dvin";"Glass";"13";"4.7384615"
"Vinmonopolet";"8309701";"Pavelot Savigny-les-Beaune 1er cru Aux Guettes 2016";"Pavelot Savigny-les-Beaune 1er cru Aux Guettes";"2016";"428";"0.75";"570.67";"RÃ¸dvin";"Glass";"13";"4.389744"
"Vinmonopolet";"8309801";"Lamy Saint-Aubin 1er Cru Les Frionnes 2016";"Lamy Saint-Aubin 1er Cru Les Frionnes";"2016";"437.9";"0.75";"583.87";"White wine";"Glass";"13";"4.491282"
"Vinmonopolet";"8309901";"Baileys Almande";"Baileys Almande";"0";"299.9";"0.7";"428.43";"LikÃ¸r";"Glass";"13";"3.2956045"
"Vinmonopolet";"8310101";"Lamy Saint Aubin 1er Cru Clos de la ChateniÃ¨re 2016";"Lamy Saint Aubin 1er Cru Clos de la ChateniÃ¨re";"2016";"544.9";"0.75";"726.53";"White wine";"Glass";"13";"5.5887184"
"Vinmonopolet";"8310301";"Lamy Santenay 1er Cru Clos des GraviÃ¨res 2015";"Lamy Santenay 1er Cru Clos des GraviÃ¨res";"2015";"498";"0.75";"664";"RÃ¸dvin";"Glass";"13";"5.1076922"
"Vinmonopolet";"8310501";"HÃ¨rencia AltÃ©s La Pilosa 2017";"HÃ¨rencia AltÃ©s La Pilosa";"2017";"229.9";"0.75";"306.53";"RÃ¸dvin";"Glass";"15";"2.0435555"
"Vinmonopolet";"8311102";"Box Quercus 1 Robur Single Malt Whisky";"Box Quercus 1 Robur Single Malt Whisky";"0";"949";"0.5";"1898";"Whisky";"Glass";"50.8";"3.7362206"
"Vinmonopolet";"8311201";"GuÃ­maro A Ponte 2017";"GuÃ­maro A Ponte";"2017";"339.9";"0.75";"453.2";"RÃ¸dvin";"Glass";"13.5";"3.357037"
"Vinmonopolet";"8311301";"GuÃ­maro CamiÃ±o Real 2016";"GuÃ­maro CamiÃ±o Real";"2016";"242";"0.75";"322.67";"RÃ¸dvin";"Glass";"13";"2.4820514"
"Vinmonopolet";"8311401";"Sibona Grappa Riserva Botti da Porto Single Barrel Limited Edition";"Sibona Grappa Riserva Botti da Porto Single Barrel Limited Edition";"0";"929.9";"0.7";"1328.43";"Grape spirit";"Glass";"44";"3.019156"
"Vinmonopolet";"8311501";"Codorniu El Tros Nou Cava 2009";"Codorniu El Tros Nou Cava";"2009";"999";"0.75";"1332";"Sparkling wine";"Glass";"12";"11.1"
"Vinmonopolet";"8311606";"Moncaro Organic RosÃ©";"Moncaro Organic RosÃ©";"2018";"449.9";"3";"149.97";"RosÃ©vin";"Bag-in-box";"12.5";"1.1997334"
"Vinmonopolet";"8311701";"Giacosa Fratelli Barolo 2016";"Giacosa Fratelli Barolo";"2016";"274.9";"0.75";"366.53";"RÃ¸dvin";"Glass";"14.5";"2.527816"
"Vinmonopolet";"8311801";"Giacosa Fratelli Barbaresco 2016";"Giacosa Fratelli Barbaresco";"2016";"244.9";"0.75";"326.53";"RÃ¸dvin";"Glass";"14.5";"2.251954"
"Vinmonopolet";"8312701";"Castello Trebbio Chianti Superiore";"Castello Trebbio Chianti Superiore";"2018";"149.9";"0.75";"199.87";"RÃ¸dvin";"Glass";"13";"1.5374359"
"Vinmonopolet";"8313101";"Guignier Au bon grÃ¨s Fleurie 2014";"Guignier Au bon grÃ¨s Fleurie";"2014";"272.9";"0.75";"363.87";"RÃ¸dvin";"Glass";"10.7";"3.400623"
"Vinmonopolet";"8313301";"Garcia Carrion Pata Negra Semi-Seco";"Garcia Carrion Pata Negra Semi-Seco";"0";"111.6";"0.75";"148.8";"Sparkling wine";"Glass";"11.5";"1.293913"
"Vinmonopolet";"8313701";"Casa Boquera Semicrianza";"Casa Boquera Semicrianza";"2017";"209.5";"0.75";"279.33";"RÃ¸dvin";"Glass";"14.5";"1.9264368"
"Vinmonopolet";"8314102";"Two Grumpy Old Bastards";"Two Grumpy Old Bastards";"0";"379.9";"0.5";"759.8";"Bitter	";"Glass";"41.3";"1.8397094"
"Vinmonopolet";"8314201";"TrÃ¸ndelag Noe RÃ¸dt";"TrÃ¸ndelag Noe RÃ¸dt";"0";"155";"0.75";"206.67";"RÃ¸dvin";"Glass";"12.5";"1.6533333"
"Vinmonopolet";"8314401";"Tiberio Montepulciano d'Abruzzo 2015";"Tiberio Montepulciano d'Abruzzo";"2015";"168.8";"0.75";"225.07";"RÃ¸dvin";"Glass";"14";"1.607619"
"Vinmonopolet";"8314701";"Terlan Gries Lagrein Riserva 2015";"Terlan Gries Lagrein Riserva";"2015";"290.4";"0.75";"387.2";"RÃ¸dvin";"Glass";"13.5";"2.868148"
"Vinmonopolet";"8314801";"Terlan Pinot Grigio 2018";"Terlan Pinot Grigio";"2018";"229.5";"0.75";"306";"White wine";"Glass";"13.5";"2.2666667"
"Vinmonopolet";"8314901";"Benito Ferrara Fiano di Avellino Sequenzha 2016";"Benito Ferrara Fiano di Avellino Sequenzha";"2016";"282.8";"0.75";"377.07";"White wine";"Glass";"13";"2.9005127"
"Vinmonopolet";"8315301";"Brunel ChÃ¢teuneuf-du-Pape Les Cailloux";"Brunel ChÃ¢teuneuf-du-Pape Les Cailloux";"2017";"359.9";"0.75";"479.87";"White wine";"Glass";"13.5";"3.5545678"
"Vinmonopolet";"8315401";"La Genisia Pinot Nero Bianco Frizzante";"La Genisia Pinot Nero Bianco Frizzante";"2017";"125";"0.75";"166.67";"Sparkling white wine";"Glass";"12";"1.3888888"
"Vinmonopolet";"8315701";"Torrevilla Pinot Nero Bianco";"Torrevilla Pinot Nero Bianco";"2017";"110";"0.75";"146.67";"White wine";"Glass";"12";"1.2222222"
"Vinmonopolet";"8316101";"Julia Kemper Touriga Nacional 2012";"Julia Kemper Touriga Nacional";"2012";"329.9";"0.75";"439.87";"RÃ¸dvin";"Glass";"13.5";"3.2582715"
"Vinmonopolet";"8316301";"Julia Kemper Aragonez 2012";"Julia Kemper Aragonez";"2012";"219.9";"0.75";"293.2";"RÃ¸dvin";"Glass";"14";"2.0942857"
"Vinmonopolet";"8316401";"Julia Kemper Vinhas Selecionadas 2016";"Julia Kemper Vinhas Selecionadas";"2016";"172.9";"0.75";"230.53";"RÃ¸dvin";"Glass";"13";"1.7733333"
"Vinmonopolet";"8316601";"The Tomatin 36 YO";"The Tomatin 36 YO";"0";"6425";"0.7";"9178.57";"Whisky";"Glass";"46";"19.953417"
"Vinmonopolet";"8316701";"Schieferkopf Lieu-dit Fels";"Schieferkopf Lieu-dit Fels";"2013";"329.9";"0.75";"439.87";"White wine";"Glass";"12.5";"3.5189333"
"Vinmonopolet";"8316801";"Dominio de Soto";"Dominio de Soto";"2016";"219.9";"0.75";"293.2";"RÃ¸dvin";"Glass";"14";"2.0942857"
"Vinmonopolet";"8316901";"Schieferkopf Riesling via Saint-Jacques";"Schieferkopf Riesling via Saint-Jacques";"2014";"249.9";"0.75";"333.2";"White wine";"Glass";"13";"2.563077"
"Vinmonopolet";"8317201";"M. Chapoutier La Combe Pilate Esteban Brut Nature";"M. Chapoutier La Combe Pilate Esteban Brut Nature";"2017";"259.9";"0.75";"346.53";"Sparkling wine";"Glass";"10.5";"3.3003173"
"Vinmonopolet";"8317401";"Atance Bobal 2014";"Atance Bobal";"2014";"143";"0.75";"190.67";"RÃ¸dvin";"Glass";"13";"1.4666667"
"Vinmonopolet";"8317501";"Aizpurua Txakoli";"Aizpurua Txakoli";"0";"234.9";"0.75";"313.2";"White wine";"Glass";"11";"2.8472726"
"Vinmonopolet";"8317601";"KrÃ¡snÃ¡ Hora Blanc de Noir 2016";"KrÃ¡snÃ¡ Hora Blanc de Noir";"2016";"223.2";"0.75";"297.6";"White wine";"Glass";"13";"2.2892308"
"Vinmonopolet";"8317701";"KrÃ¡snÃ¡ Hora Pinot Noir Barrel Selection 2018";"KrÃ¡snÃ¡ Hora Pinot Noir Barrel Selection";"2018";"328";"0.75";"437.33";"RÃ¸dvin";"Glass";"12.5";"3.4986668"
"Vinmonopolet";"8317901";"Salmon MontgolfÃ¨re Brut";"Salmon MontgolfÃ¨re Brut";"0";"365";"0.75";"486.67";"Champagne, brut";"Glass";"12";"4.0555553"
"Vinmonopolet";"8318001";"Salmon Meunier Brut";"Salmon Meunier Brut";"0";"439";"0.75";"585.33";"Champagne, brut";"Glass";"12";"4.8777776"
"Vinmonopolet";"8318101";"Jean Teiller Menetou-Salon Rouge";"Jean Teiller Menetou-Salon Rouge";"2017";"279";"0.75";"372";"RÃ¸dvin";"Glass";"13";"2.8615384"
"Vinmonopolet";"8318201";"Cep Sonoma Coast Pinot Noir";"Cep Sonoma Coast Pinot Noir";"2017";"389";"0.75";"518.67";"RÃ¸dvin";"Glass";"13";"3.9897435"
"Vinmonopolet";"8318301";"Combel-la-Serre Cahors";"Combel-la-Serre Cahors";"2017";"259";"0.75";"345.33";"RÃ¸dvin";"Glass";"12.5";"2.7626667"
"Vinmonopolet";"8318401";"Jean Teiller Menetou-Salon Blanc";"Jean Teiller Menetou-Salon Blanc";"2018";"279";"0.75";"372";"White wine";"Glass";"13";"2.8615384"
"Vinmonopolet";"8318501";"Combel-la-Serre Le Pur Fruit du Causse";"Combel-la-Serre Le Pur Fruit du Causse";"2018";"234";"0.75";"312";"RÃ¸dvin";"Glass";"12.5";"2.496"
"Vinmonopolet";"8318601";"Ch. Cambon Brouilly 2018";"Ch. Cambon Brouilly";"2018";"244.9";"0.75";"326.53";"RÃ¸dvin";"Glass";"13";"2.5117948"
"Vinmonopolet";"8318701";"Dom. de Chevalier 2015";"Dom. de Chevalier";"2015";"1365";"0.75";"1820";"RÃ¸dvin";"Glass";"14";"13"
"Vinmonopolet";"8318801";"La dame de Montrose 2015";"La dame de Montrose";"2015";"797";"0.75";"1062.67";"RÃ¸dvin";"Glass";"13.5";"7.871605"
"Vinmonopolet";"8318901";"Ch. Potensac 2015";"Ch. Potensac";"2015";"575";"0.75";"766.67";"RÃ¸dvin";"Glass";"13.5";"5.6790123"
"Vinmonopolet";"8319001";"Ch. Talbot 2015";"Ch. Talbot";"2015";"1129";"0.75";"1505.33";"RÃ¸dvin";"Glass";"14";"10.752381"
"Vinmonopolet";"8319201";"Roberto Cavalli Vodka Orange";"Roberto Cavalli Vodka Orange";"0";"697.6";"1";"697.6";"Vodka";"Glass";"40";"1.744"
"Vinmonopolet";"8319301";"Clave de TÃ¡bula 2015";"Clave de TÃ¡bula";"2015";"679.5";"0.75";"906";"RÃ¸dvin";"Glass";"14.5";"6.2482758"
"Vinmonopolet";"8319401";"Javier Sanz V Malcorta";"Javier Sanz V Malcorta";"2016";"242.8";"0.75";"323.73";"White wine";"Glass";"13";"2.4902565"
"Vinmonopolet";"8319501";"Javier Sanz Verdejo";"Javier Sanz Verdejo";"2016";"168";"0.75";"224";"White wine";"Glass";"13";"1.7230769"
"Vinmonopolet";"8319601";"Damana Crianza";"Damana Crianza";"2015";"199.9";"0.75";"266.53";"RÃ¸dvin";"Glass";"14.5";"1.8381609"
"Vinmonopolet";"8319701";"TÃ¡bula 2014";"TÃ¡bula";"2014";"349.1";"0.75";"465.47";"RÃ¸dvin";"Glass";"14.5";"3.210115"
"Vinmonopolet";"8320401";"La Gravette de Certan 2014";"La Gravette de Certan";"2014";"668";"0.75";"890.67";"RÃ¸dvin";"Glass";"14";"6.3619046"
"Vinmonopolet";"8320601";"Ch. de Beaucastel Blanc 2014";"Ch. de Beaucastel Blanc";"2014";"755";"0.75";"1006.67";"White wine";"Glass";"13";"7.74359"
"Vinmonopolet";"8323601";"Dom. de Rapatel CuvÃ©e NadÃ¨ge";"Dom. de Rapatel CuvÃ©e NadÃ¨ge";"2010";"375";"0.75";"500";"White wine";"Glass";"14";"3.5714285"
"Vinmonopolet";"8323801";"Egon Schmitt SpÃ¤tburgunder RosÃ© Trocken 2018";"Egon Schmitt SpÃ¤tburgunder RosÃ© Trocken";"2018";"195";"0.75";"260";"RosÃ©vin";"Glass";"12";"2.1666667"
"Vinmonopolet";"8323805";"Egon Schmitt SpÃ¤tburgunder RosÃ© Trocken";"Egon Schmitt SpÃ¤tburgunder RosÃ© Trocken";"2018";"515";"1.5";"343.33";"RosÃ©vin";"Glass";"12";"2.8611112"
"Vinmonopolet";"8324001";"Sandrone Barbera d'Alba 2015";"Sandrone Barbera d'Alba";"2015";"309.9";"0.75";"413.2";"RÃ¸dvin";"Glass";"14";"2.9514284"
"Vinmonopolet";"8324102";"Egon Schmitt Weiserburgunder Auslese";"Egon Schmitt Weiserburgunder Auslese";"2015";"269.9";"0.5";"539.8";"White wine";"Glass";"9";"5.9977775"
"Vinmonopolet";"8324202";"Soil & soul handcrafted Riesling Gin";"Soil & soul handcrafted Riesling Gin";"0";"725";"0.5";"1450";"Gin";"Glass";"44";"3.2954545"
"Vinmonopolet";"8324802";"Brekeriet Wrapped In Red";"Brekeriet Wrapped In Red";"0";"68.9";"0.33";"208.79";"SurÃ¸l";"Glass";"5.6";"3.728355"
"Vinmonopolet";"8325201";"Normand MÃ¤con La Roche-Vineuse";"Normand MÃ¤con La Roche-Vineuse";"2016";"249.9";"0.75";"333.2";"White wine";"Glass";"13";"2.563077"
"Vinmonopolet";"8325301";"Normand Pouilly-FuissÃ©";"Normand Pouilly-FuissÃ©";"2016";"259.9";"0.75";"346.53";"White wine";"Glass";"13";"2.665641"
"Vinmonopolet";"8325401";"Le Petit Havt Lafitte 2015";"Le Petit Havt Lafitte";"2015";"559";"0.75";"745.33";"RÃ¸dvin";"Glass";"14";"5.3238096"
"Vinmonopolet";"8325701";"Gysler Blanc de Noir Brut 2014";"Gysler Blanc de Noir Brut";"2014";"300";"0.75";"400";"Sparkling wine";"Glass";"13";"3.0769231"
"Vinmonopolet";"8325801";"Momo Sauvignon Blanc";"Momo Sauvignon Blanc";"2019";"189.9";"0.75";"253.2";"White wine";"Glass";"12.5";"2.0256"
"Vinmonopolet";"8325901";"Husholdnings Vodka";"Husholdnings Vodka";"0";"334.9";"0.7";"478.43";"Vodka";"Glass";"37.5";"1.2758095"
"Vinmonopolet";"8326001";"Cant. Pennesi RÃ¸d naturlig lidenskap 2016";"Cant. Pennesi RÃ¸d naturlig lidenskap";"2016";"129.2";"0.75";"172.27";"RÃ¸dvin";"Glass";"13";"1.3251282"
"Vinmonopolet";"8326101";"Cant. Pennesi Viking 2016";"Cant. Pennesi Viking";"2016";"179";"0.75";"238.67";"RÃ¸dvin";"Glass";"14.7";"1.6235828"
"Vinmonopolet";"8326201";"Cant. Pennesi RÃ¸d i eikefat 2016";"Cant. Pennesi RÃ¸d i eikefat";"2016";"149.1";"0.75";"198.8";"RÃ¸dvin";"Glass";"13";"1.5292308"
"Vinmonopolet";"8326301";"Ch. Sissan Grande RÃ©serve";"Ch. Sissan Grande RÃ©serve";"2015";"184.9";"0.75";"246.53";"RÃ¸dvin";"Glass";"13.5";"1.8261728"
"Vinmonopolet";"8326401";"Faiveley Bourgogne Chardonnay 2017";"Faiveley Bourgogne Chardonnay";"2017";"229.9";"0.75";"306.53";"White wine";"Glass";"13";"2.3579485"
"Vinmonopolet";"8326501";"Ch. Malagar";"Ch. Malagar";"2006";"154.7";"0.75";"206.27";"RÃ¸dvin";"Glass";"13";"1.5866666"
"Vinmonopolet";"8326601";"Eulogio Pomares MaceraciÃ³n con Pieles 2016";"Eulogio Pomares MaceraciÃ³n con Pieles";"2016";"455";"0.75";"606.67";"White wine";"Glass";"13";"4.6666665"
"Vinmonopolet";"8326801";"Eulogio Pomares Carralcoba CaiÃ±o Tinto 2016";"Eulogio Pomares Carralcoba CaiÃ±o Tinto";"2016";"329.9";"0.75";"439.87";"RÃ¸dvin";"Glass";"11.5";"3.8249276"
"Vinmonopolet";"8326902";"La Chartreuse de Coutet 2014";"La Chartreuse de Coutet";"2014";"199.9";"0.38";"533.07";"White wine";"Glass";"13.5";"3.896686"
"Vinmonopolet";"8327001";"Ch. Coutet";"Ch. Coutet";"2004";"434.9";"0.75";"579.87";"White wine";"Glass";"14";"4.141905"
"Vinmonopolet";"8327101";"Eulogio Pomares Carralcoba AlbariÃ±o 2017";"Eulogio Pomares Carralcoba AlbariÃ±o";"2017";"329.9";"0.75";"439.87";"White wine";"Glass";"13";"3.3835897"
"Vinmonopolet";"8327201";"Zarate El Palomar 2017";"Zarate El Palomar";"2017";"299.8";"0.75";"399.73";"White wine";"Glass";"13";"3.0748718"
"Vinmonopolet";"8327902";"Haandbryggeriet Humlekanon";"Haandbryggeriet Humlekanon";"0";"57";"0.33";"172.73";"India pale ale";"Glass";"7.5";"2.3030303"
"Vinmonopolet";"8328001";"Engel Renaissance Pinot Noir 2015";"Engel Renaissance Pinot Noir";"2015";"398.4";"0.75";"531.2";"RÃ¸dvin";"Glass";"15";"3.5413332"
"Vinmonopolet";"8328102";"Label 5 Classic Black";"Label 5 Classic Black";"0";"249.9";"0.5";"499.8";"Whisky";"Plast";"40";"1.2494999"
"Vinmonopolet";"8328201";"Balfour Leslies Reserve Brut";"Balfour Leslies Reserve Brut";"0";"319";"0.75";"425.33";"Sparkling wine";"Glass";"12";"3.5444446"
"Vinmonopolet";"8328301";"Balfour Brut RosÃ© 2013";"Balfour Brut RosÃ©";"2013";"429";"0.75";"572";"Musserende vin, rosÃ©";"Glass";"12";"4.766667"
"Vinmonopolet";"8328402";"Jake's Kentish Cider";"Jake's Kentish Cider";"0";"44.7";"0.33";"135.45";"Cider";"Glass";"5.4";"2.5084174"
"Vinmonopolet";"8328501";"Nuit d'arbres RosÃ©";"Nuit d'arbres RosÃ©";"2018";"139.9";"0.75";"186.53";"RosÃ©vin";"Glass";"12.5";"1.4922667"
"Vinmonopolet";"8328601";"Ch. Hourbanon 2010";"Ch. Hourbanon";"2010";"300";"0.75";"400";"RÃ¸dvin";"Glass";"14";"2.857143"
"Vinmonopolet";"8328701";"Barouillet Splash!";"Barouillet Splash!";"2019";"219.9";"0.75";"293.2";"Sparkling white wine";"Glass";"9";"3.2577777"
"Vinmonopolet";"8328801";"Ch. Peybonhomme-les-Tours Energies 2016";"Ch. Peybonhomme-les-Tours Energies";"2016";"309.9";"0.75";"413.2";"RÃ¸dvin";"Glass";"13";"3.1784616"
"Vinmonopolet";"8329001";"Scions of Sinai Granitsteen Chenin Blanc";"Scions of Sinai Granitsteen Chenin Blanc";"2018";"379.9";"0.75";"506.53";"White wine";"Glass";"12";"4.221111"
"Vinmonopolet";"8329501";"Scions of Sinai Feniks Pinotage";"Scions of Sinai Feniks Pinotage";"2018";"379.9";"0.75";"506.53";"RÃ¸dvin";"Glass";"11.5";"4.404638"
"Vinmonopolet";"8329601";"Laphroaig 27 YO";"Laphroaig 27 YO";"0";"5509.9";"0.7";"7871.29";"Whisky";"Glass";"41.7";"18.875984"
"Vinmonopolet";"8329801";"Dom. Bott FrÃ¨res Cremant d'Alsace CuvÃ©e Nicole";"Dom. Bott FrÃ¨res Cremant d'Alsace CuvÃ©e Nicole";"0";"221.4";"0.75";"295.2";"Sparkling wine";"Glass";"11";"2.6836362"
"Vinmonopolet";"8329901";"Pisang Ambon";"Pisang Ambon";"0";"239.9";"0.7";"342.71";"LikÃ¸r";"Glass";"17";"2.0159664"
"Vinmonopolet";"8330001";"West Cork Irish Whiskey Bourbon Cask";"West Cork Irish Whiskey Bourbon Cask";"0";"399.9";"0.7";"571.29";"Whisky";"Glass";"40";"1.4282143"
"Vinmonopolet";"8330101";"Lanzerac Chenin Blanc 2016";"Lanzerac Chenin Blanc";"2016";"182";"0.75";"242.67";"White wine";"Glass";"13";"1.8666667"
"Vinmonopolet";"8332201";"Roux Puligny-Montrachet Les Enseigneres 2016";"Roux Puligny-Montrachet Les Enseigneres";"2016";"709.9";"0.75";"946.53";"White wine";"Glass";"13";"7.281026"
"Vinmonopolet";"8332301";"Bruno Clair Savigny-les-Beaune Premier Cru Les Jarrons 2015";"Bruno Clair Savigny-les-Beaune Premier Cru Les Jarrons";"2015";"614.9";"0.75";"819.87";"RÃ¸dvin";"Glass";"13";"6.306667"
"Vinmonopolet";"8332501";"Von Buhl KirchenstÃ¼ck Forst GG 2015";"Von Buhl KirchenstÃ¼ck Forst GG";"2015";"898.9";"0.75";"1198.53";"White wine";"Glass";"13.5";"8.878025"
"Vinmonopolet";"8332601";"Colin RosÃ© de SaignÃ©e Premier Cru Brut 2012";"Colin RosÃ© de SaignÃ©e Premier Cru Brut";"2012";"895";"0.75";"1193.33";"Champagne, rosÃ©";"Glass";"12";"9.944445"
"Vinmonopolet";"8332701";"Colin Blanche de Castille Premier Cru";"Colin Blanche de Castille Premier Cru";"0";"459";"0.75";"612";"Champagne, brut";"Glass";"12";"5.1"
"Vinmonopolet";"8332801";"Colin Les PrÃ´les & ChÃ©tivins Premier Cru Extra Brut 2005";"Colin Les PrÃ´les & ChÃ©tivins Premier Cru Extra Brut";"2005";"895";"0.75";"1193.33";"Champagne extra brut";"Glass";"12";"9.944445"
"Vinmonopolet";"8332901";"Colin Premier Cru Blanc de Blancs Extra Dry";"Colin Premier Cru Blanc de Blancs Extra Dry";"0";"479.8";"0.75";"639.73";"Champagne, other";"Glass";"12";"5.331111"
"Vinmonopolet";"8333001";"Colin EnjÃ´leuse Premier Cru Blanc de Blancs Brut 2007";"Colin EnjÃ´leuse Premier Cru Blanc de Blancs Brut";"2007";"925";"0.75";"1233.33";"Champagne, brut";"Glass";"12";"10.277778"
"Vinmonopolet";"8333101";"Colin Premier Cru RosÃ© Brut";"Colin Premier Cru RosÃ© Brut";"0";"499";"0.75";"665.33";"Champagne, rosÃ©";"Glass";"12";"5.5444446"
"Vinmonopolet";"8333201";"Roger Adnot Premier Cru Blanc de Blancs Extra Brut 1985";"Roger Adnot Premier Cru Blanc de Blancs Extra Brut";"1985";"2295";"0.75";"3060";"Champagne extra brut";"Glass";"12";"25.5"
"Vinmonopolet";"8333308";"Delorme CrÃ©mant de Bourgogne Brut (3x20cl)";"Delorme CrÃ©mant de Bourgogne Brut (3x20cl)";"0";"224.4";"0.6";"374";"Sparkling wine";"Ãvrig";"12";"3.1166666"
"Vinmonopolet";"8333508";"Electric Sky Red Blend (4x18,7cl)";"Electric Sky Red Blend (4x18,7cl)";"2014";"158.7";"0.75";"212.17";"RÃ¸dvin";"Ãvrig";"13";"1.6276922"
"Vinmonopolet";"8333708";"Electric Sky Moscato (4x18,7cl)";"Electric Sky Moscato (4x18,7cl)";"2015";"160.8";"0.75";"214.97";"White wine";"Ãvrig";"11";"1.949091"
"Vinmonopolet";"8333801";"Philipponnat Blanc de Noirs 2012";"Philipponnat Blanc de Noirs";"2012";"820";"0.75";"1093.33";"Champagne extra brut";"Glass";"12";"9.111111"
"Vinmonopolet";"8334101";"Pierre Boever Carte Blanche Grand Cru";"Pierre Boever Carte Blanche Grand Cru";"0";"299.9";"0.75";"399.87";"Champagne, brut";"Glass";"12";"3.3322222"
"Vinmonopolet";"8334201";"Pierre Boever Les Dames De France Grand Cru Brut";"Pierre Boever Les Dames De France Grand Cru Brut";"0";"334.9";"0.75";"446.53";"Champagne, brut";"Glass";"12";"3.721111"
"Vinmonopolet";"8334301";"La Muse Verte Absinthe";"La Muse Verte Absinthe";"0";"732";"0.7";"1045.71";"Other spirit";"Glass";"60";"1.7428572"
"Vinmonopolet";"8334501";"Fausto Zazzara Majgual Metodo Classico Brut 2018";"Fausto Zazzara Majgual Metodo Classico Brut";"2018";"299.9";"0.75";"399.87";"Sparkling wine";"Glass";"12.5";"3.1989334"
"Vinmonopolet";"8334607";"Berne Grand Recolte RosÃ© 2018";"Berne Grand Recolte RosÃ©";"2018";"1129.9";"3";"376.63";"RosÃ©vin";"Glass";"12.5";"3.0130668"
"Vinmonopolet";"8334701";"Le Ragnaie Troncone 2015";"Le Ragnaie Troncone";"2015";"249.9";"0.75";"333.2";"RÃ¸dvin";"Glass";"13.5";"2.468148"
"Vinmonopolet";"8334801";"Bacardi AÃ±ejo Cuatro 4 YO";"Bacardi AÃ±ejo Cuatro 4 YO";"0";"399.9";"0.7";"571.29";"Rum";"Glass";"40";"1.4282143"
"Vinmonopolet";"8334908";"Canei Pesca Gustosa (4x25cl)";"Canei Pesca Gustosa (4x25cl)";"0";"148.6";"1";"148.6";"Fruit wine";"Ãvrig";"7";"2.1228573"
"Vinmonopolet";"8335001";"Cascina Collina Freschezza Rosato 2019";"Cascina Collina Freschezza Rosato";"2019";"185";"0.75";"246.67";"RosÃ©vin";"Glass";"14";"1.7619047"
"Vinmonopolet";"8335101";"Elpenor RosÃ© 2014";"Elpenor RosÃ©";"2014";"199.9";"0.75";"266.53";"RosÃ©vin";"Glass";"13";"2.0502563"
"Vinmonopolet";"8335501";"Sipsmith V.J.O.P. London Dry Gin";"Sipsmith V.J.O.P. London Dry Gin";"0";"784.9";"0.7";"1121.29";"Gin";"Glass";"57.7";"1.9433029"
"Vinmonopolet";"8336601";"Ten. il Sogno Blame it on the boogie 2015";"Ten. il Sogno Blame it on the boogie";"2015";"209.5";"0.75";"279.33";"RÃ¸dvin";"Glass";"14.5";"1.9264368"
"Vinmonopolet";"8336701";"Ten. il Sogno Decibel 2016";"Ten. il Sogno Decibel";"2016";"164";"0.75";"218.67";"RÃ¸dvin";"Glass";"14.5";"1.508046"
"Vinmonopolet";"8336801";"Ten. il Sogno Hardly Davidson 2015";"Ten. il Sogno Hardly Davidson";"2015";"214";"0.75";"285.33";"RÃ¸dvin";"Glass";"15.5";"1.8408602"
"Vinmonopolet";"8336901";"Ten. il Sogno Fem Fatale 2015";"Ten. il Sogno Fem Fatale";"2015";"265";"0.75";"353.33";"RÃ¸dvin";"Glass";"14";"2.5238094"
"Vinmonopolet";"8337001";"Ten. il Sogno Venstreback 2015";"Ten. il Sogno Venstreback";"2015";"199";"0.75";"265.33";"RÃ¸dvin";"Glass";"14";"1.895238"
"Vinmonopolet";"8337101";"Nudant Puligny-Montrachet Les Charmes 2018";"Nudant Puligny-Montrachet Les Charmes";"2018";"489";"0.75";"652";"White wine";"Glass";"13";"5.0153847"
"Vinmonopolet";"8337201";"Nudant Corton-Bressandes Grand Cru 2012";"Nudant Corton-Bressandes Grand Cru";"2012";"724";"0.75";"965.33";"RÃ¸dvin";"Glass";"13";"7.425641"
"Vinmonopolet";"8337301";"Nudant Puligny-Montrachet 1er Cru Les FolatiÃ¨res 2017";"Nudant Puligny-Montrachet 1er Cru Les FolatiÃ¨res";"2017";"829";"0.75";"1105.33";"White wine";"Glass";"14";"7.895238"
"Vinmonopolet";"8338001";"En Belles Lies Bourgogne Blanc 2017";"En Belles Lies Bourgogne Blanc";"2017";"319.9";"0.75";"426.53";"White wine";"Glass";"11.5";"3.7089853"
"Vinmonopolet";"8338101";"Ch. Salettes Bandol RosÃ©";"Ch. Salettes Bandol RosÃ©";"2018";"269.9";"0.75";"359.87";"RosÃ©vin";"Glass";"13.5";"2.665679"
"Vinmonopolet";"8338201";"Ch. Salettes Bandol Blanc 2017";"Ch. Salettes Bandol Blanc";"2017";"209.9";"0.75";"279.87";"White wine";"Glass";"13";"2.1528203"
"Vinmonopolet";"8338301";"Emil Bauer Just Riesling for me, thanks 2017";"Emil Bauer Just Riesling for me, thanks";"2017";"199";"0.75";"265.33";"White wine";"Glass";"12.5";"2.1226666"
"Vinmonopolet";"8338401";"Emil Bauer DonÂ´t drink my Sauvignon Blanc 2017";"Emil Bauer DonÂ´t drink my Sauvignon Blanc";"2017";"199";"0.75";"265.33";"White wine";"Glass";"12.5";"2.1226666"
"Vinmonopolet";"8338501";"La SoufrandiÃ¨re Pouilly-FuissÃ© Au Vignerais 2017";"La SoufrandiÃ¨re Pouilly-FuissÃ© Au Vignerais";"2017";"460";"0.75";"613.33";"White wine";"Glass";"14";"4.3809524"
"Vinmonopolet";"8338701";"Lagrave-Martillac Rouge";"Lagrave-Martillac Rouge";"2016";"289.9";"0.75";"386.53";"RÃ¸dvin";"Glass";"14";"2.7609522"
"Vinmonopolet";"8338902";"Dom. de Barroubio";"Dom. de Barroubio";"2016";"159.9";"0.38";"426.4";"White wine";"Glass";"15";"2.805263"
"Vinmonopolet";"8339001";"PoÃ§as Vintage 2007";"PoÃ§as Vintage";"2007";"649.9";"0.75";"866.53";"Port wine";"Glass";"20";"4.332667"
"Vinmonopolet";"8339101";"PoÃ§as Vintage 2009";"PoÃ§as Vintage";"2009";"444.9";"0.75";"593.2";"Port wine";"Glass";"20";"2.9659998"
"Vinmonopolet";"8339301";"MarquÃ©s de Riscal ViÃ±as Viejas Rosado";"MarquÃ©s de Riscal ViÃ±as Viejas Rosado";"2017";"200";"0.75";"266.67";"RosÃ©vin";"Glass";"13";"2.0512822"
"Vinmonopolet";"8339401";"Plantation Pineapple Original Dark";"Plantation Pineapple Original Dark";"0";"539.9";"0.7";"771.29";"Other spirit";"Glass";"40";"1.9282144"
"Vinmonopolet";"8339501";"Gammel Dansk Halv bitter";"Gammel Dansk Halv bitter";"0";"399.9";"0.7";"571.29";"Bitter	";"Glass";"30";"1.9042857"
"Vinmonopolet";"8339701";"CÃ¡tulo Rosado Garnacha 2017";"CÃ¡tulo Rosado Garnacha";"2017";"109.9";"0.75";"146.53";"RosÃ©vin";"Glass";"12.5";"1.1722667"
"Vinmonopolet";"8340101";"Faro Palari di Salvatore Geraci";"Faro Palari di Salvatore Geraci";"2011";"519";"0.75";"692";"RÃ¸dvin";"Glass";"13.5";"5.125926"
"Vinmonopolet";"8340301";"Gusbourne RosÃ© 2015";"Gusbourne RosÃ©";"2015";"419.9";"0.75";"559.87";"Musserende vin, rosÃ©";"Glass";"12";"4.6655555"
"Vinmonopolet";"8340401";"Delorme CrÃ©mant de Bourgogne Ice RosÃ©";"Delorme CrÃ©mant de Bourgogne Ice RosÃ©";"0";"199.9";"0.75";"266.53";"Musserende vin, rosÃ©";"Glass";"12";"2.221111"
"Vinmonopolet";"8340501";"Fattoria Fibbiano Sofia Toscana Rosato";"Fattoria Fibbiano Sofia Toscana Rosato";"0";"179.6";"0.75";"239.47";"RosÃ©vin";"Glass";"13";"1.8420514"
"Vinmonopolet";"8340601";"Dom. Marie Rivesaltes 1941";"Dom. Marie Rivesaltes";"1941";"1749";"0.75";"2332";"Fortified wine";"Glass";"16";"14.575"
"Vinmonopolet";"8341301";"Sainte Croix Rivesaltes 1958";"Sainte Croix Rivesaltes";"1958";"1399";"0.75";"1865.33";"Fortified wine";"Glass";"15.5";"12.034409"
"Vinmonopolet";"8341601";"Palari Rosso del Soprano";"Palari Rosso del Soprano";"2013";"309";"0.75";"412";"RÃ¸dvin";"Glass";"13.5";"3.0518517"
"Vinmonopolet";"8342001";"Sono Montenidoli";"Sono Montenidoli";"2012";"539";"0.75";"718.67";"RÃ¸dvin";"Glass";"14";"5.133333"
"Vinmonopolet";"8342101";"Bouchard PÃ¨re & Fils Pommard";"Bouchard PÃ¨re & Fils Pommard";"2015";"497.9";"0.75";"663.87";"RÃ¸dvin";"Glass";"13";"5.1066666"
"Vinmonopolet";"8342201";"Ca'della Scala Intervallo Rosato di Raboso";"Ca'della Scala Intervallo Rosato di Raboso";"2017";"135";"0.75";"180";"RosÃ©vin";"Glass";"12.5";"1.44"
"Vinmonopolet";"8342706";"Jean Perrier Savoie Blanc";"Jean Perrier Savoie Blanc";"2017";"399.9";"3";"133.3";"White wine";"Bag-in-box";"11";"1.2118182"
"Vinmonopolet";"8343401";"Tenuta Monticello Prosecco Brut";"Tenuta Monticello Prosecco Brut";"0";"194.9";"0.75";"259.87";"Sparkling wine";"Glass";"11";"2.3624241"
"Vinmonopolet";"8344201";"Suenen Champagne Cramant Blanc de Blanc Grand Cru Extra Brut 2010";"Suenen Champagne Cramant Blanc de Blanc Grand Cru Extra Brut";"2010";"599.4";"0.75";"799.2";"Champagne extra brut";"Glass";"12";"6.6600003"
"Vinmonopolet";"8344301";"Suenen C+C Blanc de Blanc Grand Cru Extra Brut 2014";"Suenen C+C Blanc de Blanc Grand Cru Extra Brut";"2014";"499.8";"0.75";"666.4";"Champagne extra brut";"Glass";"12";"5.5533333"
"Vinmonopolet";"8344401";"Briday CrÃ©mant de Bourgogne";"Briday CrÃ©mant de Bourgogne";"0";"239";"0.75";"318.67";"Sparkling wine";"Glass";"12";"2.6555555"
"Vinmonopolet";"8345302";"Edge Brewing Bourbon Milky Way";"Edge Brewing Bourbon Milky Way";"0";"91.3";"0.33";"276.67";"Porter and stout";"Glass";"11.5";"2.405797"
"Vinmonopolet";"8345501";"Karl Erbes WÃ¼rziger WÃ¼rzgarten Riesling Auslese 2015";"Karl Erbes WÃ¼rziger WÃ¼rzgarten Riesling Auslese";"2015";"253";"0.75";"337.33";"White wine";"Glass";"7.5";"4.497778"
"Vinmonopolet";"8345801";"Michele Satta Costa di Giulia Bolgheri 2014";"Michele Satta Costa di Giulia Bolgheri";"2014";"298.9";"0.75";"398.53";"White wine";"Glass";"12.5";"3.1882665"
"Vinmonopolet";"8345901";"Adega de Penalva DÃ£o Branco";"Adega de Penalva DÃ£o Branco";"2018";"135.5";"0.75";"180.67";"White wine";"Glass";"12.5";"1.4453334"
"Vinmonopolet";"8346001";"Adega de Penalva DÃ£o Tinto 2015";"Adega de Penalva DÃ£o Tinto";"2015";"136.5";"0.75";"182";"RÃ¸dvin";"Glass";"12.5";"1.456"
"Vinmonopolet";"8346101";"Michele Satta Bolgheri Rosso 2014";"Michele Satta Bolgheri Rosso";"2014";"249";"0.75";"332";"RÃ¸dvin";"Glass";"12.5";"2.656"
"Vinmonopolet";"8346201";"Passopisciaro Guardiola 2014";"Passopisciaro Guardiola";"2014";"348.6";"0.75";"464.8";"White wine";"Glass";"13.5";"3.4429631"
"Vinmonopolet";"8346301";"Chill Out Frizzante Strawberry & Rhubarb";"Chill Out Frizzante Strawberry & Rhubarb";"0";"94.9";"0.75";"126.53";"Flavoured wine	";"Glass";"7";"1.8076191"
"Vinmonopolet";"8346401";"Mosse Le Gros";"Mosse Le Gros";"2018";"259.9";"0.75";"346.53";"RÃ¸dvin";"Glass";"12";"2.8877778"
"Vinmonopolet";"8346501";"Eleni & Edouard Vocoret Chablis Le Bas de Chapelot 2018";"Eleni & Edouard Vocoret Chablis Le Bas de Chapelot";"2018";"329.9";"0.75";"439.87";"White wine";"Glass";"12.5";"3.5189333"
"Vinmonopolet";"8346601";"Eleni & Edouard Vocoret Chablis Premier Cru Butteaux 2018";"Eleni & Edouard Vocoret Chablis Premier Cru Butteaux";"2018";"500";"0.75";"666.67";"White wine";"Glass";"12.5";"5.3333335"
"Vinmonopolet";"8346701";"Suenen Oiry Blanc de Blanc Grand Cru Extra Brut 2014";"Suenen Oiry Blanc de Blanc Grand Cru Extra Brut";"2014";"449.9";"0.75";"599.87";"Champagne extra brut";"Glass";"12";"4.998889"
"Vinmonopolet";"8346801";"Casal Garcia White Sangria";"Casal Garcia White Sangria";"0";"99.9";"0.75";"133.2";"Flavoured wine	";"Glass";"8";"1.6650001"
"Vinmonopolet";"8347001";"Ardbeg Grooves";"Ardbeg Grooves";"0";"1314.9";"0.7";"1878.43";"Whisky";"Glass";"46";"4.0835404"
"Vinmonopolet";"8347201";"Allram St. Laurent Ried Gaisberg Reserve";"Allram St. Laurent Ried Gaisberg Reserve";"2015";"259.9";"0.75";"346.53";"RÃ¸dvin";"Glass";"12.5";"2.7722666"
"Vinmonopolet";"8347601";"Clover Hill Tasmanian CuvÃ¨e";"Clover Hill Tasmanian CuvÃ¨e";"0";"287";"0.75";"382.67";"Sparkling wine";"Glass";"12.5";"3.0613334"
"Vinmonopolet";"8347707";"La Mano Verde Terra Rossa Barbera d'Asti";"La Mano Verde Terra Rossa Barbera d'Asti";"2015";"1071.3";"3";"357.1";"RÃ¸dvin";"Glass";"14";"2.5507145"
"Vinmonopolet";"8347901";"Italo Cescon Madre";"Italo Cescon Madre";"2015";"325";"0.75";"433.33";"White wine";"Glass";"13.5";"3.2098765"
"Vinmonopolet";"8348001";"Italo Cescon Pinot Grigio";"Italo Cescon Pinot Grigio";"2016";"285";"0.75";"380";"White wine";"Glass";"12.5";"3.04"
"Vinmonopolet";"8348101";"Cecilia Brut NV";"Cecilia Brut NV";"0";"129.9";"0.75";"173.2";"Sparkling wine";"Glass";"12.5";"1.3856"
"Vinmonopolet";"8348301";"Berton Vineyards Fiano 2018";"Berton Vineyards Fiano";"2018";"139.9";"0.75";"186.53";"White wine";"Glass";"12.5";"1.4922667"
"Vinmonopolet";"8348701";"Enio Ottaviani Strati";"Enio Ottaviani Strati";"2017";"189.9";"0.75";"253.2";"White wine";"Glass";"12.5";"2.0256"
"Vinmonopolet";"8348801";"La Ganghija Langhe Chardonnay 2018";"La Ganghija Langhe Chardonnay";"2018";"229";"0.75";"305.33";"White wine";"Glass";"12.5";"2.4426668"
"Vinmonopolet";"8348901";"JosÃ© Maria da Fonseca Hexagon Branco";"JosÃ© Maria da Fonseca Hexagon Branco";"2014";"344.9";"0.75";"459.87";"White wine";"Glass";"12.5";"3.6789334"
"Vinmonopolet";"8349006";"Ricossa Rosato";"Ricossa Rosato";"0";"250";"1.5";"166.67";"RosÃ©vin";"Pouch";"12";"1.3888888"
"Vinmonopolet";"8349201";"Sandhi Mt. Carmel Chardonnay 2016";"Sandhi Mt. Carmel Chardonnay";"2016";"569.9";"0.75";"759.87";"White wine";"Glass";"13.5";"5.628642"
"Vinmonopolet";"8349401";"Riecine Palminia RosÃ© 2018";"Riecine Palminia RosÃ©";"2018";"235";"0.75";"313.33";"RosÃ©vin";"Glass";"12";"2.6111112"
"Vinmonopolet";"8349601";"Tacchino Buongiorno Rosso";"Tacchino Buongiorno Rosso";"2016";"164.9";"0.75";"219.87";"RÃ¸dvin";"Glass";"12.5";"1.7589333"
"Vinmonopolet";"8349701";"Folk Machine Vecino Vineyard Pinot Noir Gas, Food & Lodging 2017";"Folk Machine Vecino Vineyard Pinot Noir Gas, Food & Lodging";"2017";"349.9";"0.75";"466.53";"RÃ¸dvin";"Glass";"12.2";"3.8240438"
"Vinmonopolet";"8349801";"Folk Machine Parts & Labor 2017";"Folk Machine Parts & Labor";"2017";"219.9";"0.75";"293.2";"RÃ¸dvin";"Glass";"12.7";"2.3086615"
"Vinmonopolet";"8349901";"Folk Machine Central Coast Pinot Noir 2018";"Folk Machine Central Coast Pinot Noir";"2018";"279.9";"0.75";"373.2";"RÃ¸dvin";"Glass";"12.5";"2.9856"
"Vinmonopolet";"8350001";"Folk Machine ValdiguiÃ© 2017";"Folk Machine ValdiguiÃ©";"2017";"279.9";"0.75";"373.2";"RÃ¸dvin";"Glass";"12";"3.11"
"Vinmonopolet";"8350101";"Camp Zinfandel 2017";"Camp Zinfandel";"2017";"249.9";"0.75";"333.2";"RÃ¸dvin";"Glass";"13.4";"2.4865673"
"Vinmonopolet";"8350201";"Folk Machine Rose 2018";"Folk Machine Rose";"2018";"239.9";"0.75";"319.87";"RosÃ©vin";"Glass";"10.4";"3.0756412"
"Vinmonopolet";"8350301";"Camp Chardonnay 2018";"Camp Chardonnay";"2018";"239.9";"0.75";"319.87";"White wine";"Glass";"12.5";"2.5589333"
"Vinmonopolet";"8353301";"Javier Sanz V1863 2014";"Javier Sanz V";"2014";"419";"0.75";"558.67";"White wine";"Glass";"13";"4.2974358"
"Vinmonopolet";"8353901";"Ch. du Seuil RosÃ©";"Ch. du Seuil RosÃ©";"2018";"235";"0.75";"313.33";"RosÃ©vin";"Glass";"13.5";"2.3209877"
"Vinmonopolet";"8353905";"Ch. du Seuil RosÃ©";"Ch. du Seuil RosÃ©";"2018";"555";"1.5";"370";"RosÃ©vin";"Glass";"13.5";"2.7407408"
"Vinmonopolet";"8354001";"Maly Vinar Frankovka 2012";"Maly Vinar Frankovka";"2012";"478.7";"0.75";"638.27";"RÃ¸dvin";"Glass";"13.5";"4.7279015"
"Vinmonopolet";"8354101";"Maly Vinar Zweigeltrebe 2012";"Maly Vinar Zweigeltrebe";"2012";"478.9";"0.75";"638.53";"RÃ¸dvin";"Glass";"13";"4.9117947"
"Vinmonopolet";"8354201";"Maly Vinar Muller Thurgau 2015";"Maly Vinar Muller Thurgau";"2015";"354.2";"0.75";"472.27";"White wine";"Glass";"12";"3.9355557"
"Vinmonopolet";"8354301";"Maly Vinar PÃ¡lava 2012";"Maly Vinar PÃ¡lava";"2012";"400.5";"0.75";"534";"White wine";"Glass";"13";"4.1076922"
"Vinmonopolet";"8354401";"Maly Vinar RulandskÃ© sedÃ© 2015";"Maly Vinar RulandskÃ© sedÃ©";"2015";"450.1";"0.75";"600.13";"White wine";"Glass";"13.5";"4.445432"
"Vinmonopolet";"8354601";"Colin Clos de la Fosse le Loup 2016";"Colin Clos de la Fosse le Loup";"2016";"575";"0.75";"766.67";"White wine";"Glass";"13";"5.8974357"
"Vinmonopolet";"8354701";"Leitz RÃ¼desheimer Riesling Magic Mountain 2018";"Leitz RÃ¼desheimer Riesling Magic Mountain";"2018";"259.9";"0.75";"346.53";"White wine";"Glass";"13";"2.665641"
"Vinmonopolet";"8354901";"Samuel Billaud Chablis Premier Cru Les Vaillons VV 2016";"Samuel Billaud Chablis Premier Cru Les Vaillons VV";"2016";"399.9";"0.75";"533.2";"White wine";"Glass";"12.5";"4.2655997"
"Vinmonopolet";"8355001";"Raddeck CuvÃ©e MC Trocken 2015";"Raddeck CuvÃ©e MC Trocken";"2015";"219.2";"0.75";"292.27";"RÃ¸dvin";"Glass";"13.5";"2.1649382"
"Vinmonopolet";"8355101";"Samuel Billaud Chablis Premier Cru Butteaux 2017";"Samuel Billaud Chablis Premier Cru Butteaux";"2017";"399.9";"0.75";"533.2";"White wine";"Glass";"13";"4.101538"
"Vinmonopolet";"8355301";"Cask Islay";"Cask Islay";"0";"799";"0.7";"1141.43";"Whisky";"Glass";"46";"2.4813664"
"Vinmonopolet";"8355401";"Hyde 8 YO Single Grain Cask Strength Irish Whiskey";"Hyde 8 YO Single Grain Cask Strength Irish Whiskey";"0";"995";"0.7";"1421.43";"Whisky";"Glass";"59";"2.409201"
"Vinmonopolet";"8355501";"AD Rattray Cask Collection Balblair 2011 6 YO";"AD Rattray Cask Collection Balblair  6 YO";"2011";"999";"0.7";"1427.14";"Whisky";"Glass";"59.7";"2.3905241"
"Vinmonopolet";"8355601";"Hyde No.6 President's Reserve";"Hyde No.6 President's Reserve";"0";"795.1";"0.7";"1135.86";"Whisky";"Glass";"46";"2.4692547"
"Vinmonopolet";"8355701";"Stronachie 10 YO";"Stronachie 10 YO";"0";"725";"0.7";"1035.71";"Whisky";"Glass";"43";"2.408638"
"Vinmonopolet";"8355801";"AD Rattray Cask Collection Balmenach 2010 7 YO";"AD Rattray Cask Collection Balmenach  7 YO";"2010";"999";"0.7";"1427.14";"Whisky";"Glass";"57.5";"2.4819877"
"Vinmonopolet";"8356101";"Samuel Billaud Bourgogne d'Or Chardonnay";"Samuel Billaud Bourgogne d'Or Chardonnay";"2016";"264.9";"0.75";"353.2";"White wine";"Glass";"12.5";"2.8256"
"Vinmonopolet";"8356201";"Tinpot Hut Sauvignon Blanc";"Tinpot Hut Sauvignon Blanc";"2017";"149.9";"0.75";"199.87";"White wine";"Glass";"13";"1.5374359"
"Vinmonopolet";"8356701";"Lisa Bunn Grauer Burgunder vom LÃ¶ss 2016";"Lisa Bunn Grauer Burgunder vom LÃ¶ss";"2016";"238.4";"0.75";"317.87";"White wine";"Glass";"13";"2.4451282"
"Vinmonopolet";"8356801";"Lisa Bunn Wintersheim SpÃ¤tburgunder 2015";"Lisa Bunn Wintersheim SpÃ¤tburgunder";"2015";"325.3";"0.75";"433.73";"RÃ¸dvin";"Glass";"13.5";"3.2128394"
"Vinmonopolet";"8356901";"Lisa Bunn Grauer Burgunder Reserve 2016";"Lisa Bunn Grauer Burgunder Reserve";"2016";"282.1";"0.75";"376.13";"White wine";"Glass";"13.5";"2.7861729"
"Vinmonopolet";"8357001";"Finca Valpiedra Reserva 2001";"Finca Valpiedra Reserva";"2001";"408";"0.75";"544";"RÃ¸dvin";"Glass";"13.5";"4.0296297"
"Vinmonopolet";"8357101";"Highland Queen 1561 30 YO";"Highland Queen  30 YO";"0";"999.9";"0.7";"1428.43";"Whisky";"Glass";"40";"3.5710716"
"Vinmonopolet";"8357201";"Highland Queen 1561 Blended Scotch Whisky";"Highland Queen  Blended Scotch Whisky";"0";"715";"0.7";"1021.43";"Whisky";"Glass";"40";"2.5535715"
"Vinmonopolet";"8357302";"Cape Fynbos Gin";"Cape Fynbos Gin";"0";"499.9";"0.5";"999.8";"Gin";"Glass";"45";"2.2217777"
"Vinmonopolet";"8357601";"Brand Pet-Nat blanc";"Brand Pet-Nat blanc";"2018";"269.9";"0.75";"359.87";"Sparkling white wine";"Glass";"10";"3.5986667"
"Vinmonopolet";"8357701";"Microbio";"Microbio";"2017";"289.9";"0.75";"386.53";"White wine";"Glass";"13.5";"2.8632097"
"Vinmonopolet";"8357801";"Brand Monastery Riesling";"Brand Monastery Riesling";"2018";"329.9";"0.75";"439.87";"White wine";"Glass";"11.5";"3.8249276"
"Vinmonopolet";"8357901";"Melovivo Frappato";"Melovivo Frappato";"2016";"169.7";"0.75";"226.27";"RÃ¸dvin";"Glass";"13";"1.7405128"
"Vinmonopolet";"8358001";"Melovivo Nero d'Avola";"Melovivo Nero d'Avola";"2016";"204.8";"0.75";"273.07";"RÃ¸dvin";"Glass";"13.5";"2.022716"
"Vinmonopolet";"8358101";"Melovivo Cerasuolo di Vittoria";"Melovivo Cerasuolo di Vittoria";"2013";"219.8";"0.75";"293.07";"RÃ¸dvin";"Glass";"13.5";"2.1708643"
"Vinmonopolet";"8358201";"Melovivo Grillo";"Melovivo Grillo";"2016";"179.2";"0.75";"238.93";"White wine";"Glass";"13";"1.8379487"
"Vinmonopolet";"8358301";"FerragÃ¹ Valpolicella Superiore";"FerragÃ¹ Valpolicella Superiore";"2014";"358.8";"0.75";"478.4";"RÃ¸dvin";"Glass";"15";"3.1893332"
"Vinmonopolet";"8358401";"FerragÃ¹ Amarone della Valpolicella";"FerragÃ¹ Amarone della Valpolicella";"2011";"897.9";"0.75";"1197.2";"RÃ¸dvin";"Glass";"17";"7.042353"
"Vinmonopolet";"8358501";"I Campi Campo Ciotoli Valpolicella Superiore Ripasso";"I Campi Campo Ciotoli Valpolicella Superiore Ripasso";"2015";"258.9";"0.75";"345.2";"RÃ¸dvin";"Glass";"14.5";"2.3806896"
"Vinmonopolet";"8358601";"I Campi Campo Base Soave";"I Campi Campo Base Soave";"2016";"200.6";"0.75";"267.47";"White wine";"Glass";"12.5";"2.1397333"
"Vinmonopolet";"8358701";"I Campi Campo Vulcano Soave Classico";"I Campi Campo Vulcano Soave Classico";"2016";"219";"0.75";"292";"White wine";"Glass";"12.5";"2.336"
"Vinmonopolet";"8358801";"Le Guaite di Noemi Tano Rosso Veronese";"Le Guaite di Noemi Tano Rosso Veronese";"2011";"225.1";"0.75";"300.13";"RÃ¸dvin";"Glass";"13.5";"2.2232099"
"Vinmonopolet";"8358901";"Le Guaite di Noemi Valpolicella Superiore Ripasso";"Le Guaite di Noemi Valpolicella Superiore Ripasso";"2009";"398.9";"0.75";"531.87";"RÃ¸dvin";"Glass";"15.5";"3.431398"
"Vinmonopolet";"8359001";"Le Guaite di Noemi Amarone della Valpolicella";"Le Guaite di Noemi Amarone della Valpolicella";"2009";"596.6";"0.75";"795.47";"RÃ¸dvin";"Glass";"17";"4.6792154"
"Vinmonopolet";"8359101";"Le Guaite di Noemi Valpolicella Superiore";"Le Guaite di Noemi Valpolicella Superiore";"2009";"319.1";"0.75";"425.47";"RÃ¸dvin";"Glass";"14.5";"2.934253"
"Vinmonopolet";"8359301";"La Barbatella La Vigna dell'Angelo Nizza";"La Barbatella La Vigna dell'Angelo Nizza";"2014";"389.8";"0.75";"519.73";"RÃ¸dvin";"Glass";"14.5";"3.5843678"
"Vinmonopolet";"8359401";"La Barbatella Ruanera Monferrato Rosso";"La Barbatella Ruanera Monferrato Rosso";"2016";"209.9";"0.75";"279.87";"RÃ¸dvin";"Glass";"13.5";"2.0730863"
"Vinmonopolet";"8359501";"La Barbatella Barbera d'Asti";"La Barbatella Barbera d'Asti";"2017";"230.7";"0.75";"307.6";"RÃ¸dvin";"Glass";"14";"2.1971428"
"Vinmonopolet";"8359601";"La Barbatella Sonvico Monferrato Rosso";"La Barbatella Sonvico Monferrato Rosso";"2014";"408.8";"0.75";"545.07";"RÃ¸dvin";"Glass";"14.5";"3.7590804"
"Vinmonopolet";"8359701";"La Barbatella Noe Monferrato Bianco";"La Barbatella Noe Monferrato Bianco";"2016";"241.9";"0.75";"322.53";"White wine";"Glass";"13";"2.4810257"
"Vinmonopolet";"8359801";"Le Salette I Progni Valpolicella Classico Superiore Ripasso 2015";"Le Salette I Progni Valpolicella Classico Superiore Ripasso";"2015";"248.9";"0.75";"331.87";"RÃ¸dvin";"Glass";"14";"2.3704762"
"Vinmonopolet";"8359901";"Le Salette Valpolicella Classico";"Le Salette Valpolicella Classico";"2018";"197.9";"0.75";"263.87";"RÃ¸dvin";"Glass";"12.5";"2.1109333"
"Vinmonopolet";"8360001";"Le Salette Pergole Vece Amarone della Valpolicella Classico 2013";"Le Salette Pergole Vece Amarone della Valpolicella Classico";"2013";"723.3";"0.75";"964.4";"RÃ¸dvin";"Glass";"16.5";"5.844848"
"Vinmonopolet";"8360101";"Le Salette Amarone della Valpolicella Classico 2013";"Le Salette Amarone della Valpolicella Classico";"2013";"403.9";"0.75";"538.53";"RÃ¸dvin";"Glass";"15";"3.5902221"
"Vinmonopolet";"8360201";"Le Salette La Marega Amarone della Valpolicella Classico";"Le Salette La Marega Amarone della Valpolicella Classico";"2013";"478.8";"0.75";"638.4";"RÃ¸dvin";"Glass";"15";"4.256"
"Vinmonopolet";"8360302";"Le Salette Casare Veneto Passito Bianco 2013";"Le Salette Casare Veneto Passito Bianco";"2013";"335.3";"0.5";"670.6";"White wine";"Glass";"12";"5.588333"
"Vinmonopolet";"8360402";"Le Salette Le Pergole Vece Recioto della Valpolicella Classico";"Le Salette Le Pergole Vece Recioto della Valpolicella Classico";"2014";"429.3";"0.5";"858.6";"RÃ¸dvin";"Glass";"13";"6.604615"
"Vinmonopolet";"8360501";"Leitz Berg Roseneck RÃ¼desheim Riesling Tr. GG 2016";"Leitz Berg Roseneck RÃ¼desheim Riesling Tr. GG";"2016";"406";"0.75";"541.33";"White wine";"Glass";"12.5";"4.3306665"
"Vinmonopolet";"8360601";"Leitz RÃ¼desheimer Berg Schlossberg Riesling Tr. GG 2016";"Leitz RÃ¼desheimer Berg Schlossberg Riesling Tr. GG";"2016";"446.9";"0.75";"595.87";"White wine";"Glass";"12.5";"4.7669334"
"Vinmonopolet";"8360701";"Leitz RÃ¼desheimer Rosengarten Riesling Tr. GG 2016";"Leitz RÃ¼desheimer Rosengarten Riesling Tr. GG";"2016";"412";"0.75";"549.33";"White wine";"Glass";"12.5";"4.3946667"
"Vinmonopolet";"8360901";"BÃ¸gedal Hvede";"BÃ¸gedal Hvede";"0";"199.9";"0.75";"266.53";"HveteÃ¸l";"Glass";"6.2";"4.298925"
"Vinmonopolet";"8361002";"Quilmes";"Quilmes";"0";"42.7";"0.34";"125.59";"Light lager";"Glass";"4.9";"2.5630252"
"Vinmonopolet";"8361101";"Tribaut Schloesser Premier Cru";"Tribaut Schloesser Premier Cru";"0";"348.5";"0.75";"464.67";"Champagne, brut";"Glass";"12.5";"3.7173333"
"Vinmonopolet";"8361202";"Cubanero Fuerte";"Cubanero Fuerte";"0";"57.2";"0.35";"163.43";"Light lager";"Glass";"5.4";"3.0264552"
"Vinmonopolet";"8361301";"Tribaut Schloesser Blanc de Blanc";"Tribaut Schloesser Blanc de Blanc";"0";"349.6";"0.75";"466.13";"Champagne, brut";"Glass";"12.5";"3.7290668"
"Vinmonopolet";"8361601";"BÃ¸gedal Trap`en";"BÃ¸gedal Trap`en";"0";"199.9";"0.75";"266.53";"Trappist";"Glass";"6.9";"3.8628018"
"Vinmonopolet";"8361902";"Mikkeller Hair in the Mailbox IPA";"Mikkeller Hair in the Mailbox IPA";"0";"49";"0.33";"148.49";"India pale ale";"Glass";"6.3";"2.3569021"
"Vinmonopolet";"8362001";"Barone Pizzini Franciacorta Animante Extra Brut";"Barone Pizzini Franciacorta Animante Extra Brut";"0";"349.9";"0.75";"466.53";"Sparkling wine";"Glass";"12";"3.8877778"
"Vinmonopolet";"8362101";"A & A Sider fra Sandefjord RÃ¸d Aroma";"A & A Sider fra Sandefjord RÃ¸d Aroma";"2017";"163.3";"0.75";"217.73";"Cider";"Glass";"8";"2.7216668"
"Vinmonopolet";"8362201";"Robinot LumiÃ¨re des Sens";"Robinot LumiÃ¨re des Sens";"2015";"399.9";"0.75";"533.2";"RÃ¸dvin";"Glass";"12.5";"4.2655997"
"Vinmonopolet";"8362301";"Robinot Les AnnÃ©es Folles";"Robinot Les AnnÃ©es Folles";"2017";"299.9";"0.75";"399.87";"Perlende vin, rosÃ©";"Glass";"12";"3.3322222"
"Vinmonopolet";"8362401";"Robinot Camille";"Robinot Camille";"2013";"899.9";"0.75";"1199.87";"RÃ¸dvin";"Glass";"12.5";"9.598933"
"Vinmonopolet";"8362501";"Robinot Nocturne";"Robinot Nocturne";"2015";"489.9";"0.75";"653.2";"RÃ¸dvin";"Glass";"12.5";"5.2256"
"Vinmonopolet";"8362901";"Atour de l'Anne Les Etats d'Anne";"Atour de l'Anne Les Etats d'Anne";"2017";"259.9";"0.75";"346.53";"RÃ¸dvin";"Glass";"14";"2.475238"
"Vinmonopolet";"8363201";"A & A Sider fra Sandefjord Summerred";"A & A Sider fra Sandefjord Summerred";"2017";"163.3";"0.75";"217.73";"Cider";"Glass";"8";"2.7216668"
"Vinmonopolet";"8363301";"A & A Sider fra Sandefjord Aroma";"A & A Sider fra Sandefjord Aroma";"2017";"163.2";"0.75";"217.6";"Cider";"Glass";"7.5";"2.9013333"
"Vinmonopolet";"8363401";"Santero DilÃ© Amore";"Santero DilÃ© Amore";"0";"159";"0.75";"212";"Flavoured wine	";"Glass";"5";"4.24"
"Vinmonopolet";"8363501";"Santero DilÃ© Blu";"Santero DilÃ© Blu";"0";"115";"0.75";"153.33";"Flavoured wine	";"Glass";"5";"3.0666666"
"Vinmonopolet";"8363701";"A & A Sider fra Sandefjord Gravenstein";"A & A Sider fra Sandefjord Gravenstein";"2017";"163.3";"0.75";"217.73";"Cider";"Glass";"8";"2.7216668"
"Vinmonopolet";"8364001";"Le Sang des Cailloux Oumage";"Le Sang des Cailloux Oumage";"2014";"499";"0.75";"665.33";"RÃ¸dvin";"Glass";"14";"4.752381"
"Vinmonopolet";"8364301";"AmByth Priscus California 2016";"AmByth Priscus California";"2016";"399";"0.75";"532";"White wine";"Glass";"12.8";"4.15625"
"Vinmonopolet";"8364401";"Le Sang des Cailloux Vacqueyras Azalais 2015";"Le Sang des Cailloux Vacqueyras Azalais";"2015";"289";"0.75";"385.33";"RÃ¸dvin";"Glass";"14";"2.7523808"
"Vinmonopolet";"8364501";"Rhys Family Farm Pinot Noir 2015";"Rhys Family Farm Pinot Noir";"2015";"549";"0.75";"732";"RÃ¸dvin";"Glass";"13.8";"5.3043475"
"Vinmonopolet";"8364702";"Berentsens Catcher in the Rye";"Berentsens Catcher in the Rye";"0";"59.8";"0.33";"181.21";"Trappist";"Glass";"9.4";"1.9277885"
"Vinmonopolet";"8365001";"A.D. Coutelas CuvÃ©e Rebel 2.0 Blanc de Noirs Extra Brut 2010";"A.D. Coutelas CuvÃ©e Rebel 2.0 Blanc de Noirs Extra Brut";"2010";"989";"0.75";"1318.67";"Champagne extra brut";"Glass";"12";"10.988889"
"Vinmonopolet";"8365101";"Podere il Saliceto Falistra 2018";"Podere il Saliceto Falistra";"2018";"260";"0.75";"346.67";"Perlende vin, rÃ¸d";"Glass";"12.5";"2.7733333"
"Vinmonopolet";"8365401";"Podere il Saliceto BiFri 2018";"Podere il Saliceto BiFri";"2018";"238.1";"0.75";"317.47";"Sparkling white wine";"Glass";"12.5";"2.5397334"
"Vinmonopolet";"8365501";"Michel Mailliard Mont Vergon Brut 2008";"Michel Mailliard Mont Vergon Brut";"2008";"501";"0.75";"668";"Champagne, brut";"Glass";"12";"5.5666666"
"Vinmonopolet";"8365601";"Le Prickly French 2017";"Le Prickly French";"2017";"124.9";"0.75";"166.53";"White wine";"Glass";"9.5";"1.7529825"
"Vinmonopolet";"8365701";"Azul MediterrÃ¡neo Brut Nature";"Azul MediterrÃ¡neo Brut Nature";"2016";"235.3";"0.75";"313.73";"Flavoured wine	";"Glass";"12";"2.6144445"
"Vinmonopolet";"8365801";"By Braastad CrÃ©me Liqueur au Cognac";"By Braastad CrÃ©me Liqueur au Cognac";"0";"284.9";"0.7";"407";"LikÃ¸r";"Glass";"17";"2.3941176"
"Vinmonopolet";"8365901";"Leitz RÃ¼desheim Berg Kaisersteinfels Riesling Terrassen GG 2016";"Leitz RÃ¼desheim Berg Kaisersteinfels Riesling Terrassen GG";"2016";"416";"0.75";"554.67";"White wine";"Glass";"12";"4.6222224"
"Vinmonopolet";"8366001";"Leitz RÃ¼desheim Berg Rottland Hinterhaus Riesling Trocken GG 2016";"Leitz RÃ¼desheim Berg Rottland Hinterhaus Riesling Trocken GG";"2016";"416.9";"0.75";"555.87";"White wine";"Glass";"12.5";"4.4469333"
"Vinmonopolet";"8366101";"Leitz RÃ¼desheim Berg Kaisersteinfels Riesling Kabinett 2016";"Leitz RÃ¼desheim Berg Kaisersteinfels Riesling Kabinett";"2016";"259.9";"0.75";"346.53";"White wine";"Glass";"9.5";"3.6477191"
"Vinmonopolet";"8366201";"Johannes Zillinger Reflexion Lissen Sauvignon Blanc 2018";"Johannes Zillinger Reflexion Lissen Sauvignon Blanc";"2018";"230";"0.75";"306.67";"White wine";"Glass";"12.5";"2.4533334"
"Vinmonopolet";"8366301";"Ch. Routas RosÃ© 2018";"Ch. Routas RosÃ©";"2018";"186.9";"0.75";"249.2";"RosÃ©vin";"Glass";"13";"1.916923"
"Vinmonopolet";"8366602";"Belhaven Scottish Ale";"Belhaven Scottish Ale";"0";"34.2";"0.33";"103.64";"Light ale";"Glass";"5.2";"1.9930071"
"Vinmonopolet";"8366701";"Weingut Knewitz Riesling Trocken 2018";"Weingut Knewitz Riesling Trocken";"2018";"169.9";"0.75";"226.53";"White wine";"Glass";"12.5";"1.8122666"
"Vinmonopolet";"8366802";"Belhaven Speyside Oak Aged Blond Ale";"Belhaven Speyside Oak Aged Blond Ale";"0";"37";"0.33";"112.12";"Light ale";"Glass";"6.5";"1.7249416"
"Vinmonopolet";"8366901";"La Bella Barbera";"La Bella Barbera";"0";"124.9";"0.75";"166.53";"RÃ¸dvin";"Glass";"13";"1.2810256"
"Vinmonopolet";"8367201";"Rheingau Kiedricher Sandgrub Riesling Trocken";"Rheingau Kiedricher Sandgrub Riesling Trocken";"2016";"139.9";"0.75";"186.53";"White wine";"Glass";"12.5";"1.4922667"
"Vinmonopolet";"8367502";"BrewDog Native Son";"BrewDog Native Son";"0";"46.9";"0.33";"136.06";"India pale ale";"Emballasje med pant";"8.5";"1.6720142"
"Vinmonopolet";"9000702";"Schneider-Weisse Unser Aventinus";"Schneider-Weisse Unser Aventinus";"0";"65.9";"0.5";"131.8";"HveteÃ¸l";"Glass";"8.2";"1.6073171"
"Vinmonopolet";"9016801";"Bacardi Mojito";"Bacardi Mojito";"0";"199.9";"0.7";"285.57";"Other spirit";"Glass";"14.9";"1.9165868"
"Vinmonopolet";"9017101";"Prunotto Moscato d'Asti 2018";"Prunotto Moscato d'Asti";"2018";"159";"0.75";"212";"Sparkling wine";"Glass";"5";"4.24"
"Vinmonopolet";"9017701";"Porcupine Ridge Sauvignon Blanc 2019";"Porcupine Ridge Sauvignon Blanc";"2019";"159.9";"0.75";"213.2";"White wine";"Glass";"12.5";"1.7055999"
"Vinmonopolet";"9017901";"Boekenhoutskloof Cabernet Sauvignon 2015";"Boekenhoutskloof Cabernet Sauvignon";"2015";"559.9";"0.75";"746.53";"RÃ¸dvin";"Glass";"14.5";"5.148506"
"Vinmonopolet";"9018001";"Boekenhoutskloof Syrah 2015";"Boekenhoutskloof Syrah";"2015";"559.9";"0.75";"746.53";"RÃ¸dvin";"Glass";"14";"5.3323812"
"Vinmonopolet";"9018501";"Chocolate Block 2018";"Chocolate Block";"2018";"329.9";"0.75";"439.87";"RÃ¸dvin";"Glass";"14.5";"3.0335631"
"Vinmonopolet";"9018505";"Chocolate Block 2017";"Chocolate Block";"2017";"769.9";"1.5";"513.27";"RÃ¸dvin";"Glass";"14.5";"3.5397701"
"Vinmonopolet";"9020506";"Vigna Rosso (6x25cl)";"Vigna Rosso (6x25cl)";"0";"263.9";"1.5";"175.93";"RÃ¸dvin";"Ãvrig";"12";"1.4661111"
"Vinmonopolet";"9021302";"Midtfyns Jule Stout";"Midtfyns Jule Stout";"0";"89.9";"0.5";"179.8";"Porter and stout";"Glass";"7.6";"2.3657897"
"Vinmonopolet";"9025201";"Scavino Langhe Nebbiolo 2018";"Scavino Langhe Nebbiolo";"2018";"319.9";"0.75";"426.53";"RÃ¸dvin";"Glass";"14";"3.0466666"
"Vinmonopolet";"9028901";"Periquita Superyor 2015";"Periquita Superyor";"2015";"449.9";"0.75";"599.87";"RÃ¸dvin";"Glass";"14";"4.284762"
"Vinmonopolet";"9029201";"Bersano Brachetto d'Acqui Spumante";"Bersano Brachetto d'Acqui Spumante";"0";"175";"0.75";"233.33";"Musserende vin, rosÃ©";"Glass";"7";"3.3333333"
"Vinmonopolet";"9030301";"Chryseia 2016";"Chryseia";"2016";"629.9";"0.75";"839.87";"RÃ¸dvin";"Glass";"14";"5.9990478"
"Vinmonopolet";"9030701";"Albino Armani Prosecco";"Albino Armani Prosecco";"0";"149.9";"0.75";"199.87";"Sparkling wine";"Glass";"11";"1.8169696"
"Vinmonopolet";"9030702";"Albino Armani Prosecco";"Albino Armani Prosecco";"0";"89.9";"0.38";"239.73";"Sparkling wine";"Glass";"11";"2.1507177"
"Vinmonopolet";"9030801";"Tandem Ars in Vitro 2014";"Tandem Ars in Vitro";"2014";"119.5";"0.75";"159.33";"RÃ¸dvin";"Glass";"14.5";"1.0988506"
"Vinmonopolet";"9031301";"Baigorri Crianza 2016";"Baigorri Crianza";"2016";"216";"0.75";"288";"RÃ¸dvin";"Glass";"14.5";"1.9862069"
"Vinmonopolet";"9031401";"Baigorri Old Vine Garnacha 2013";"Baigorri Old Vine Garnacha";"2013";"336.6";"0.75";"448.8";"RÃ¸dvin";"Glass";"15";"2.992"
"Vinmonopolet";"9031701";"Joseph Mellot Pouilly FumÃ© le Chant des Vignes 2018";"Joseph Mellot Pouilly FumÃ© le Chant des Vignes";"2018";"234.9";"0.75";"313.2";"White wine";"Glass";"12.5";"2.5056"
"Vinmonopolet";"9035002";"Founders Centennial IPA 2017";"Founders Centennial IPA";"2017";"42.9";"0.35";"120.85";"India pale ale";"Glass";"7.2";"1.7023811"
"Vinmonopolet";"9035102";"Founders Dirty Bastard Scotch Style Ale 2018";"Founders Dirty Bastard Scotch Style Ale";"2018";"45.9";"0.35";"129.3";"Scotch ale";"Glass";"8.5";"1.5428572"
"Vinmonopolet";"9036301";"Ch. Montifaud HÃ©ritage Louis Vallet L50";"Ch. Montifaud HÃ©ritage Louis Vallet L50";"0";"1899.9";"0.7";"2714.14";"Grape spirit";"Glass";"40";"6.7853575"
"Vinmonopolet";"9039101";"Michelot Meursault Les Grand Charrons 2018";"Michelot Meursault Les Grand Charrons";"2018";"499.9";"0.75";"666.53";"White wine";"Glass";"13";"5.1271796"
"Vinmonopolet";"9039506";"Allegrini Valpolicella 2019";"Allegrini Valpolicella";"2019";"525";"3";"175";"RÃ¸dvin";"Bag-in-box";"13";"1.3461539"
"Vinmonopolet";"9040301";"Castelforte Valpolicella Ripasso 2017";"Castelforte Valpolicella Ripasso";"2017";"154.9";"0.75";"206.53";"RÃ¸dvin";"Glass";"14";"1.4752381"
"Vinmonopolet";"9040305";"Castelforte Valpolicella Ripasso 2015";"Castelforte Valpolicella Ripasso";"2015";"345.9";"1.5";"230.6";"RÃ¸dvin";"Glass";"13.5";"1.7081481"
"Vinmonopolet";"9042501";"Giaconda Estate Chardonnay 2017";"Giaconda Estate Chardonnay";"2017";"1179";"0.75";"1572";"White wine";"Glass";"13.5";"11.644444"
"Vinmonopolet";"9042701";"Ch. Ste Michelle Dry Riesling 2016";"Ch. Ste Michelle Dry Riesling";"2016";"219.9";"0.75";"293.2";"White wine";"Glass";"12.5";"2.3456"
"Vinmonopolet";"9043001";"Baigorri Maceracion Carbonica 2017";"Baigorri Maceracion Carbonica";"2017";"162.8";"0.75";"217.07";"RÃ¸dvin";"Glass";"14.5";"1.4970115"
"Vinmonopolet";"9052601";"Negro Angelo Roero Arneis Serra Lupini 2017";"Negro Angelo Roero Arneis Serra Lupini";"2017";"209.9";"0.75";"279.87";"White wine";"Glass";"13.5";"2.0730863"
"Vinmonopolet";"9052801";"Balthasar Ress Von Unserm Riesling Trocken 2016";"Balthasar Ress Von Unserm Riesling Trocken";"2016";"209.9";"0.75";"279.87";"White wine";"Glass";"12";"2.3322222"
"Vinmonopolet";"9053301";"The Ileach Islay Single Malt Cask Strength Scotch Whisky";"The Ileach Islay Single Malt Cask Strength Scotch Whisky";"0";"819.9";"0.7";"1171.29";"Whisky";"Glass";"58";"2.0194583"
"Vinmonopolet";"9053601";"The Ileach Islay Single Malt Scotch Whisky";"The Ileach Islay Single Malt Scotch Whisky";"0";"582";"0.7";"831.43";"Whisky";"Glass";"40";"2.0785716"
"Vinmonopolet";"9059702";"Highland Queen";"Highland Queen";"0";"172.9";"0.35";"494";"Whisky";"Glass";"40";"1.235"
"Vinmonopolet";"9063401";"Ch. Saint-Pierre 2008";"Ch. Saint-Pierre";"2008";"559.9";"0.75";"746.53";"RÃ¸dvin";"Glass";"13";"5.742564"
"Vinmonopolet";"9063801";"Osvaldo Barberis Muntaja Nebbiolo d'Alba 2011";"Osvaldo Barberis Muntaja Nebbiolo d'Alba";"2011";"208.4";"0.75";"277.87";"RÃ¸dvin";"Glass";"14.5";"1.9163218"
"Vinmonopolet";"9064301";"Felton Road Block 2 Chardonnay 2018";"Felton Road Block 2 Chardonnay";"2018";"435";"0.75";"580";"White wine";"Glass";"13.5";"4.296296"
"Vinmonopolet";"9067301";"Lisini San Biagio Rosso 2014";"Lisini San Biagio Rosso";"2014";"279.9";"0.75";"373.2";"RÃ¸dvin";"Glass";"13.5";"2.7644444"
"Vinmonopolet";"9067401";"Lisini Brunello di Montalcino 2013";"Lisini Brunello di Montalcino";"2013";"839.9";"0.75";"1119.87";"RÃ¸dvin";"Glass";"14";"7.9990478"
"Vinmonopolet";"9067501";"Lisini Rosso di Montalcino 2014";"Lisini Rosso di Montalcino";"2014";"369.9";"0.75";"493.2";"RÃ¸dvin";"Glass";"13.5";"3.6533332"
"Vinmonopolet";"9068101";"Marchesi di Gresy Camp Gros Martinenga Barbaresco 2012";"Marchesi di Gresy Camp Gros Martinenga Barbaresco";"2012";"949.9";"0.75";"1266.53";"RÃ¸dvin";"Glass";"14";"9.046667"
"Vinmonopolet";"9072601";"Planeta Plumbago Nero d Avola 2018";"Planeta Plumbago Nero d Avola";"2018";"199.9";"0.75";"266.53";"RÃ¸dvin";"Glass";"13.5";"1.9743209"
"Vinmonopolet";"9072701";"Planeta Carricante 2016";"Planeta Carricante";"2016";"299.9";"0.75";"399.87";"White wine";"Glass";"13";"3.0758975"
"Vinmonopolet";"9072801";"Ca' Rugate Studio 2016";"Ca' Rugate Studio";"2016";"269.9";"0.75";"359.87";"White wine";"Glass";"13";"2.7682052"
"Vinmonopolet";"9073901";"Ch. Ste Michelle Syrah 2015";"Ch. Ste Michelle Syrah";"2015";"229.9";"0.75";"306.53";"RÃ¸dvin";"Glass";"13.5";"2.2706172"
"Vinmonopolet";"9075601";"Ricossa Barbera d'Asti Superiore 2016";"Ricossa Barbera d'Asti Superiore";"2016";"214.9";"0.75";"286.53";"RÃ¸dvin";"Glass";"14";"2.0466666"
"Vinmonopolet";"9076501";"Maria Casanovas Brut de Brut Reserva 2017";"Maria Casanovas Brut de Brut Reserva";"2017";"169.7";"0.75";"226.27";"Sparkling wine";"Glass";"11.5";"1.9675362"
"Vinmonopolet";"9076901";"Ogier Gentilhomme CÃ´tes du RhÃ´ne";"Ogier Gentilhomme CÃ´tes du RhÃ´ne";"2018";"154.9";"0.75";"206.53";"RÃ¸dvin";"Glass";"14";"1.4752381"
"Vinmonopolet";"9077001";"Ogier Saint Joseph Baligant 2018";"Ogier Saint Joseph Baligant";"2018";"209.9";"0.75";"279.87";"RÃ¸dvin";"Glass";"13.5";"2.0730863"
"Vinmonopolet";"9077101";"Ogier Crozes Hermitage Les Paillanches";"Ogier Crozes Hermitage Les Paillanches";"2018";"239.9";"0.75";"319.87";"RÃ¸dvin";"Glass";"14";"2.284762"
"Vinmonopolet";"9077401";"Graci Etna Rosso 2017";"Graci Etna Rosso";"2017";"309.9";"0.75";"413.2";"RÃ¸dvin";"Glass";"14";"2.9514284"
"Vinmonopolet";"9077802";"Ch. de Montifaud V.S.O.P.";"Ch. de Montifaud V.S.O.P.";"0";"299.9";"0.35";"856.86";"Grape spirit";"Glass";"40";"2.1421428"
"Vinmonopolet";"9079101";"L'Arco Rosso del Veronese 2010";"L'Arco Rosso del Veronese";"2010";"189.9";"0.75";"253.2";"RÃ¸dvin";"Glass";"13.5";"1.8755555"
"Vinmonopolet";"9079301";"L'Arco Pario 2005";"L'Arco Pario";"2005";"350";"0.75";"466.67";"RÃ¸dvin";"Glass";"15";"3.1111112"
"Vinmonopolet";"9085301";"Caparzo Rosso di Montalcino La Caduta 2015";"Caparzo Rosso di Montalcino La Caduta";"2015";"279.9";"0.75";"373.2";"RÃ¸dvin";"Glass";"13.5";"2.7644444"
"Vinmonopolet";"9085602";"Sierra Nevada Pale Ale";"Sierra Nevada Pale Ale";"0";"49.9";"0.35";"142.57";"Pale ale";"Glass";"5.6";"2.5459185"
"Vinmonopolet";"9086301";"Adriano Dolcetto d'Alba 2012";"Adriano Dolcetto d'Alba";"2012";"158.4";"0.75";"211.2";"RÃ¸dvin";"Glass";"13";"1.6246153"
"Vinmonopolet";"9095101";"Fournier Fins Bois 1995";"Fournier Fins Bois";"1995";"649.9";"0.7";"928.43";"Grape spirit";"Glass";"40";"2.3210716"
"Vinmonopolet";"9096701";"Ridge Monte Bello 2009";"Ridge Monte Bello";"2009";"2399";"0.75";"3198.67";"RÃ¸dvin";"Glass";"13.5";"23.693827"
"Vinmonopolet";"9096901";"Ridge Geyserville 2011";"Ridge Geyserville";"2011";"649";"0.75";"865.33";"RÃ¸dvin";"Glass";"14";"6.1809525"
"Vinmonopolet";"9097205";"Ridge Lytton Springs 2017";"Ridge Lytton Springs";"2017";"879";"1.5";"586";"RÃ¸dvin";"Glass";"14.8";"3.9594593"
"Vinmonopolet";"9099801";"Delorme Cremant de Bourgogne Blanc de Noirs Brut 2018";"Delorme Cremant de Bourgogne Blanc de Noirs Brut";"2018";"179.9";"0.75";"239.87";"Sparkling wine";"Glass";"12";"1.9988889"
"Vinmonopolet";"9099901";"Ch. de La GreffiÃ¨re MÃ¢con la Roche Vineuse 2018";"Ch. de La GreffiÃ¨re MÃ¢con la Roche Vineuse";"2018";"179.9";"0.75";"239.87";"White wine";"Glass";"13";"1.8451282"
"Vinmonopolet";"9103701";"Armand de Brignac Brut RosÃ©";"Armand de Brignac Brut RosÃ©";"0";"3744.9";"0.75";"4993.2";"Champagne, rosÃ©";"Glass";"12.5";"39.9456"
"Vinmonopolet";"9106401";"Brun CrÃ©mant de Bourgogne Charme Blanc de Blancs Extra Brut 2016";"Brun CrÃ©mant de Bourgogne Charme Blanc de Blancs Extra Brut";"2016";"264.9";"0.75";"353.2";"Sparkling wine";"Glass";"12.5";"2.8256"
"Vinmonopolet";"9107401";"Deux Roches Plants du Carre MÃ¢con-Villages 2018";"Deux Roches Plants du Carre MÃ¢con-Villages";"2018";"185";"0.75";"246.67";"White wine";"Glass";"13";"1.8974359"
"Vinmonopolet";"9108001";"Bouvier Marsannay la Morisotte 2014";"Bouvier Marsannay la Morisotte";"2014";"349.9";"0.75";"466.53";"RÃ¸dvin";"Glass";"13";"3.588718"
"Vinmonopolet";"9108201";"Juillot Mercurey Blanc 2018";"Juillot Mercurey Blanc";"2018";"329.9";"0.75";"439.87";"White wine";"Glass";"13";"3.3835897"
"Vinmonopolet";"9111501";"Girardin Bourgogne Terroir Noble Pinot Noir 2017";"Girardin Bourgogne Terroir Noble Pinot Noir";"2017";"232";"0.75";"309.33";"RÃ¸dvin";"Glass";"13";"2.3794873"
"Vinmonopolet";"9112201";"1-Enkelt";"1-Enkelt";"0";"354.9";"0.7";"507";"Bitter	";"Glass";"35";"1.4485714"
"Vinmonopolet";"9112506";"Torre Beratxa Garnacha Rosado 2018";"Torre Beratxa Garnacha Rosado";"2018";"419.9";"3";"139.97";"RosÃ©vin";"Bag-in-box";"12.5";"1.1197333"
"Vinmonopolet";"9112602";"Dworek 20";"Dworek 20";"0";"132.9";"0.5";"265.8";"Brennevin, nÃ¸ytralt < 37,5 %";"Plast";"20";"1.329"
"Vinmonopolet";"9112806";"Grand Sud Chardonnay 2018";"Grand Sud Chardonnay";"2018";"379.9";"3";"126.63";"White wine";"Bag-in-box";"12";"1.0552777"
"Vinmonopolet";"9113101";"Vikingfjord Ice Shot Cactus Blossom & Lime";"Vikingfjord Ice Shot Cactus Blossom & Lime";"0";"219.9";"0.7";"314.14";"Other spirit";"Glass";"20";"1.5707142"
"Vinmonopolet";"9113102";"Vikingfjord Ice Shot Cactus Blossom & Lime 2013";"Vikingfjord Ice Shot Cactus Blossom & Lime";"2013";"184.9";"0.5";"369.8";"Other spirit";"Plast";"20";"1.849"
"Vinmonopolet";"9118001";"Anna Spinato Prosecco Brut";"Anna Spinato Prosecco Brut";"2019";"139.9";"0.75";"186.53";"Sparkling wine";"Glass";"11.5";"1.622029"
"Vinmonopolet";"9118401";"Niepoort Vertente 2016";"Niepoort Vertente";"2016";"239.9";"0.75";"319.87";"RÃ¸dvin";"Glass";"12.5";"2.5589333"
"Vinmonopolet";"9120201";"Leitz Rheingau Pinot Noir Rose 2019";"Leitz Rheingau Pinot Noir Rose";"2019";"150";"0.75";"200";"RosÃ©vin";"Glass";"12";"1.6666666"
"Vinmonopolet";"9122101";"Duplessis Chablis Grand Cru Les Clos 2017";"Duplessis Chablis Grand Cru Les Clos";"2017";"749.9";"0.75";"999.87";"White wine";"Glass";"13";"7.6912823"
"Vinmonopolet";"9122401";"Ch. Cambon La Pelouse 2016";"Ch. Cambon La Pelouse";"2016";"389.9";"0.75";"519.87";"RÃ¸dvin";"Glass";"14";"3.7133334"
"Vinmonopolet";"9123401";"Paulinshof Riesling Kabinett Trocken Von der Ley 2014";"Paulinshof Riesling Kabinett Trocken Von der Ley";"2014";"138.2";"0.75";"184.27";"White wine";"Glass";"11";"1.6751515"
"Vinmonopolet";"9125206";"Villalta Bipasso";"Villalta Bipasso";"0";"484.9";"3";"161.63";"RÃ¸dvin";"Bag-in-box";"13";"1.2433333"
"Vinmonopolet";"9125701";"Ch. La Nerthe ChÃ¢teauneuf-du-Pape Blanc 2018";"Ch. La Nerthe ChÃ¢teauneuf-du-Pape Blanc";"2018";"294.9";"0.75";"393.2";"White wine";"Glass";"13.5";"2.9125926"
"Vinmonopolet";"9126201";"Wieninger Gemischter Satz 2018";"Wieninger Gemischter Satz";"2018";"197.9";"0.75";"263.87";"White wine";"Glass";"12.5";"2.1109333"
"Vinmonopolet";"9126301";"Wieninger GrÃ¼ner Veltliner Nussberg 2018";"Wieninger GrÃ¼ner Veltliner Nussberg";"2018";"219.9";"0.75";"293.2";"White wine";"Glass";"13.5";"2.1718519"
"Vinmonopolet";"9126401";"Wieninger Nussberg Gemischter Satz";"Wieninger Nussberg Gemischter Satz";"2016";"299";"0.75";"398.67";"White wine";"Glass";"14.5";"2.7494252"
"Vinmonopolet";"9127101";"Faustino I Gran Reserva 1994";"Faustino I Gran Reserva";"1994";"999.9";"0.75";"1333.2";"RÃ¸dvin";"Glass";"13.5";"9.875556"
"Vinmonopolet";"9128702";"Tokaj HÃ©tszÅlÅ 5 Puttonyos AszÃº 2008";"Tokaj HÃ©tszÅlÅ 5 Puttonyos AszÃº";"2008";"369.9";"0.5";"739.8";"White wine";"Glass";"11";"6.7254543"
"Vinmonopolet";"9129202";"Sartarelli Grappa Balciana";"Sartarelli Grappa Balciana";"0";"550";"0.5";"1100";"Grape spirit";"Glass";"40";"2.75"
"Vinmonopolet";"9129901";"Moraza Tempranillo 2018";"Moraza Tempranillo";"2018";"239.9";"0.75";"319.87";"RÃ¸dvin";"Glass";"13";"2.4605129"
"Vinmonopolet";"9132201";"Jaume Serra Cava Brut Rose";"Jaume Serra Cava Brut Rose";"0";"129.9";"0.75";"173.2";"Musserende vin, rosÃ©";"Glass";"11.5";"1.5060868"
"Vinmonopolet";"9133406";"Vikingfjord Vodka Cocktails Raspberry Mojito";"Vikingfjord Vodka Cocktails Raspberry Mojito";"0";"299.9";"1.5";"199.93";"Other spirit";"Bag-in-box";"12.5";"1.5994667"
"Vinmonopolet";"9133501";"Fireball Cinnamon Whisky";"Fireball Cinnamon Whisky";"0";"383.9";"0.7";"548.43";"LikÃ¸r";"Glass";"33";"1.6619048"
"Vinmonopolet";"9133502";"Fireball Cinnamon Whisky";"Fireball Cinnamon Whisky";"0";"276.9";"0.5";"553.8";"LikÃ¸r";"Glass";"33";"1.6781818"
"Vinmonopolet";"9133601";"Bardinet XO";"Bardinet XO";"0";"352.9";"0.7";"504.14";"Grape spirit";"Glass";"40";"1.2603571"
"Vinmonopolet";"9133802";"Aass og Egge Single Malt";"Aass og Egge Single Malt";"2011";"406.9";"0.5";"813.8";"Other spirit";"Glass";"40";"2.0345"
"Vinmonopolet";"9134201";"Balthasar Ress Hattenheimer NÃ¼ssbrunnen Riesling SpÃ¤tlese 2011";"Balthasar Ress Hattenheimer NÃ¼ssbrunnen Riesling SpÃ¤tlese";"2011";"339.9";"0.75";"453.2";"White wine";"Glass";"7.5";"6.0426664"
"Vinmonopolet";"9134301";"Maison les Alexandrins Saint Joseph 2017";"Maison les Alexandrins Saint Joseph";"2017";"269";"0.75";"358.67";"RÃ¸dvin";"Glass";"13.5";"2.65679"
"Vinmonopolet";"9134401";"Maison les Alexandrins Crozes Hermitage 2017";"Maison les Alexandrins Crozes Hermitage";"2017";"245";"0.75";"326.67";"RÃ¸dvin";"Glass";"13";"2.5128205"
"Vinmonopolet";"9135802";"Monkey 47";"Monkey 47";"0";"459.9";"0.5";"919.8";"Gin";"Glass";"47";"1.9570212"
"Vinmonopolet";"9137701";"Jaeger-Defaix Rully 1er Cru Les Cloux 2018";"Jaeger-Defaix Rully 1er Cru Les Cloux";"2018";"299";"0.75";"398.67";"White wine";"Glass";"13.5";"2.9530864"
"Vinmonopolet";"9137801";"Ridge Lytton Springs 2011";"Ridge Lytton Springs";"2011";"649";"0.75";"865.33";"RÃ¸dvin";"Glass";"14.4";"6.009259"
"Vinmonopolet";"9138401";"Laporte Sancerre Le Rochoy 2017";"Laporte Sancerre Le Rochoy";"2017";"219.9";"0.75";"293.2";"White wine";"Glass";"13.5";"2.1718519"
"Vinmonopolet";"9138801";"Ch. Gourran Grande RÃ©serve 2010";"Ch. Gourran Grande RÃ©serve";"2010";"299";"0.75";"398.67";"RÃ¸dvin";"Glass";"13.5";"2.9530864"
"Vinmonopolet";"9139202";"Fisherstorm Razbry";"Fisherstorm Razbry";"0";"250.2";"0.5";"500.4";"Other spirit";"Glass";"21.5";"2.327442"
"Vinmonopolet";"9139501";"Spy Valley Single Estate Gewurztraminer 2018";"Spy Valley Single Estate Gewurztraminer";"2018";"189.9";"0.75";"253.2";"White wine";"Glass";"14.5";"1.7462069"
"Vinmonopolet";"9140001";"Stolichnaya Citros";"Stolichnaya Citros";"0";"389.9";"0.7";"557";"Vodka";"Glass";"37.5";"1.4853333"
"Vinmonopolet";"9140601";"Ossian 2016";"Ossian";"2016";"329.9";"0.75";"439.87";"White wine";"Glass";"14";"3.1419046"
"Vinmonopolet";"9140701";"Aalto 2017";"Aalto";"2017";"500";"0.75";"666.67";"RÃ¸dvin";"Glass";"14.5";"4.597701"
"Vinmonopolet";"9141201";"Costa di Bussia Barolo Luigi Arnulfo 2012";"Costa di Bussia Barolo Luigi Arnulfo";"2012";"429.9";"0.75";"573.2";"RÃ¸dvin";"Glass";"14.5";"3.9531033"
"Vinmonopolet";"9141207";"Costa di Bussia Barolo Luigi Arnulfo 2013";"Costa di Bussia Barolo Luigi Arnulfo";"2013";"1900";"3";"633.33";"RÃ¸dvin";"Glass";"14.5";"4.367816"
"Vinmonopolet";"9150001";"Cune Rosado 2018";"Cune Rosado";"2018";"159.9";"0.75";"213.2";"RosÃ©vin";"Glass";"12.5";"1.7055999"
"Vinmonopolet";"9150101";"Cune Monopole Blanco 2015";"Cune Monopole Blanco";"2015";"189.9";"0.75";"253.2";"White wine";"Glass";"13";"1.9476923"
"Vinmonopolet";"9150301";"Zacapa Centenario 23";"Zacapa Centenario 23";"0";"629.9";"0.7";"899.86";"Rum";"Glass";"40";"2.249643"
"Vinmonopolet";"9150401";"Ketel one Vodka";"Ketel one Vodka";"0";"499.9";"0.7";"714.14";"Vodka";"Glass";"40";"1.7853571"
"Vinmonopolet";"9150501";"Brun Fleurie Grille Midi 2017";"Brun Fleurie Grille Midi";"2017";"349.9";"0.75";"466.53";"RÃ¸dvin";"Glass";"12.5";"3.7322667"
"Vinmonopolet";"9150601";"Brun Beaujolais L'Ancien Le Buissy 2017";"Brun Beaujolais L'Ancien Le Buissy";"2017";"269.9";"0.75";"359.87";"RÃ¸dvin";"Glass";"12.5";"2.8789332"
"Vinmonopolet";"9150801";"Brun Beaujolais Chardonnay Classic 2018";"Brun Beaujolais Chardonnay Classic";"2018";"229.9";"0.75";"306.53";"White wine";"Glass";"12.5";"2.4522667"
"Vinmonopolet";"9151601";"Tommasi Graticcio Appassionato 2018";"Tommasi Graticcio Appassionato";"2018";"149.9";"0.75";"199.87";"RÃ¸dvin";"Glass";"12.5";"1.5989332"
"Vinmonopolet";"9151701";"Tommasi Le Fornaci Lugana 2018";"Tommasi Le Fornaci Lugana";"2018";"185";"0.75";"246.67";"White wine";"Glass";"12.5";"1.9733334"
"Vinmonopolet";"9152101";"Dom. de Pellehaut Les Marcottes 2015";"Dom. de Pellehaut Les Marcottes";"2015";"209.9";"0.75";"279.87";"RÃ¸dvin";"Glass";"13";"2.1528203"
"Vinmonopolet";"9152201";"Bunnahabhain Single Islay Malt 12 YO";"Bunnahabhain Single Islay Malt 12 YO";"0";"669.9";"0.7";"957";"Whisky";"Glass";"46.3";"2.0669549"
"Vinmonopolet";"9153501";"Georg Breuer RÃ¼desheim Estate Riesling 2017";"Georg Breuer RÃ¼desheim Estate Riesling";"2017";"227.9";"0.75";"303.87";"White wine";"Glass";"12";"2.5322223"
"Vinmonopolet";"9153601";"Georg Breuer Rauenthal Estate Riesling 2017";"Georg Breuer Rauenthal Estate Riesling";"2017";"227.9";"0.75";"303.87";"White wine";"Glass";"12";"2.5322223"
"Vinmonopolet";"9154005";"Bouchard Bourgogne Rouge la VignÃ©e 2015";"Bouchard Bourgogne Rouge la VignÃ©e";"2015";"540.9";"1.5";"360.6";"RÃ¸dvin";"Glass";"12.5";"2.8848002"
"Vinmonopolet";"9155301";"M. Chapoutier ChÃ¢teauneuf-du-Pape La Bernardine 2015";"M. Chapoutier ChÃ¢teauneuf-du-Pape La Bernardine";"2015";"369.9";"0.75";"493.2";"RÃ¸dvin";"Glass";"14.5";"3.4013793"
"Vinmonopolet";"9172901";"Giacosa Fratelli Barbaresco Basarin 2016";"Giacosa Fratelli Barbaresco Basarin";"2016";"329.9";"0.75";"439.87";"RÃ¸dvin";"Glass";"14.5";"3.0335631"
"Vinmonopolet";"9176301";"RÃ©serve des Vignerons Saumur Champigny 2013";"RÃ©serve des Vignerons Saumur Champigny";"2013";"272.2";"0.75";"362.93";"RÃ¸dvin";"Glass";"12.5";"2.9034667"
"Vinmonopolet";"9178906";"Gosa Monastrell 2016";"Gosa Monastrell";"2016";"449.9";"3";"149.97";"RÃ¸dvin";"Bag-in-box";"14.5";"1.0342529"
"Vinmonopolet";"9180107";"Ch. du Seuil 2016";"Ch. du Seuil";"2016";"2450";"5";"490";"RÃ¸dvin";"Glass";"13.5";"3.6296296"
"Vinmonopolet";"9180207";"Ch. du Seuil 2015";"Ch. du Seuil";"2015";"1700";"3";"566.67";"RÃ¸dvin";"Glass";"13.5";"4.1975307"
"Vinmonopolet";"9180301";"Ch. du Seuil 2015";"Ch. du Seuil";"2015";"285";"0.75";"380";"RÃ¸dvin";"Glass";"13.5";"2.8148148"
"Vinmonopolet";"9180701";"Gustave Lorentz Burg Riesling 2015";"Gustave Lorentz Burg Riesling";"2015";"245";"0.75";"326.67";"White wine";"Glass";"13";"2.5128205"
"Vinmonopolet";"9180801";"Gustave Lorentz Altenberg de Bergheim Riesling Grand Cru 2015";"Gustave Lorentz Altenberg de Bergheim Riesling Grand Cru";"2015";"359.9";"0.75";"479.87";"White wine";"Glass";"13.5";"3.5545678"
"Vinmonopolet";"9181906";"Foucher Chardonnay 2016";"Foucher Chardonnay";"2016";"424.9";"3";"141.63";"White wine";"Bag-in-box";"11.5";"1.2315942"
"Vinmonopolet";"9182602";"Royal Tokaji Mezes Maly 6 Puttonyos 2009";"Royal Tokaji Mezes Maly 6 Puttonyos";"2009";"902.8";"0.5";"1805.6";"White wine";"Glass";"9.5";"19.006315"
"Vinmonopolet";"9182701";"Winter Dittelsheimer Steinwein Riesling Trocken 2018";"Winter Dittelsheimer Steinwein Riesling Trocken";"2018";"229.9";"0.75";"306.53";"White wine";"Glass";"13";"2.3579485"
"Vinmonopolet";"9182806";"Rocky Riesling 2018";"Rocky Riesling";"2018";"329.9";"2";"164.95";"White wine";"Bag-in-box";"12";"1.3745834"
"Vinmonopolet";"9182901";"Winter Riesling Trocken 2019";"Winter Riesling Trocken";"2019";"149.9";"0.75";"199.87";"White wine";"Glass";"11.5";"1.737971"
"Vinmonopolet";"9184301";"Dreissigacker Bechtheimer Stein Riesling Trocken 2015";"Dreissigacker Bechtheimer Stein Riesling Trocken";"2015";"299.9";"0.75";"399.87";"White wine";"Glass";"13";"3.0758975"
"Vinmonopolet";"9184401";"Dreissigacker Bechtheimer Geyersberg Riesling Trocken 2011";"Dreissigacker Bechtheimer Geyersberg Riesling Trocken";"2011";"549.9";"0.75";"733.2";"White wine";"Glass";"13";"5.6400003"
"Vinmonopolet";"9185401";"Groebe Westhofener Riesling Trocken";"Groebe Westhofener Riesling Trocken";"2016";"264.9";"0.75";"353.2";"White wine";"Glass";"13";"2.716923"
"Vinmonopolet";"9185501";"Jons Utvalgte Tradisjonell Dupont Calvados Pays d `Auge";"Jons Utvalgte Tradisjonell Dupont Calvados Pays d `Auge";"0";"479.9";"0.7";"685.57";"Fruit spirit";"Glass";"40";"1.7139286"
"Vinmonopolet";"9186801";"Rabl Zweigelt RosÃ© 2018";"Rabl Zweigelt RosÃ©";"2018";"149.9";"0.75";"199.87";"RosÃ©vin";"Glass";"12";"1.6655555"
"Vinmonopolet";"9187401";"Joseph Mellot Sancerre Le Rabault RosÃ© 2018";"Joseph Mellot Sancerre Le Rabault RosÃ©";"2018";"199.9";"0.75";"266.53";"RosÃ©vin";"Glass";"13";"2.0502563"
"Vinmonopolet";"9187601";"Terre di Val bona Verdicchio di Matelica 2018";"Terre di Val bona Verdicchio di Matelica";"2018";"142.9";"0.75";"190.53";"White wine";"Glass";"12.5";"1.5242666"
"Vinmonopolet";"9188501";"Wagner-Stempel Siefersheim Silvaner Trocken 2017";"Wagner-Stempel Siefersheim Silvaner Trocken";"2017";"259.9";"0.75";"346.53";"White wine";"Glass";"13";"2.665641"
"Vinmonopolet";"9188802";"Alexandre Bonnet Grande RÃ©serve Brut";"Alexandre Bonnet Grande RÃ©serve Brut";"0";"179.9";"0.38";"479.73";"Champagne, brut";"Glass";"12.5";"3.7873683"
"Vinmonopolet";"9190001";"Zonin Ventiterre Valpolicella 2018";"Zonin Ventiterre Valpolicella";"2018";"139.9";"0.75";"186.53";"RÃ¸dvin";"Glass";"12";"1.5544444"
"Vinmonopolet";"9190101";"Zonin Ventiterre Chianti 2017";"Zonin Ventiterre Chianti";"2017";"144.9";"0.75";"193.2";"RÃ¸dvin";"Glass";"12.5";"1.5455999"
"Vinmonopolet";"9192801";"De Angelis Oro Piceno Superiore 2011";"De Angelis Oro Piceno Superiore";"2011";"349.9";"0.75";"466.53";"RÃ¸dvin";"Glass";"14";"3.332381"
"Vinmonopolet";"9192901";"Ankerdram Aquavit";"Ankerdram Aquavit";"0";"439.9";"0.7";"628.43";"Aquavit";"Glass";"40";"1.5710714"
"Vinmonopolet";"9193601";"Lavignone Piemonte Rosato 2018";"Lavignone Piemonte Rosato";"2018";"179.9";"0.75";"239.87";"RosÃ©vin";"Glass";"13.5";"1.77679"
"Vinmonopolet";"9195901";"Deux Roches Pouilly Fuisse Vieilles Vignes 2018";"Deux Roches Pouilly Fuisse Vieilles Vignes";"2018";"309.9";"0.75";"413.2";"White wine";"Glass";"13.5";"3.0607407"
"Vinmonopolet";"9196001";"Deux Roches Saint Veran Vieilles Vignes 2017";"Deux Roches Saint Veran Vieilles Vignes";"2017";"259.9";"0.75";"346.53";"White wine";"Glass";"13.5";"2.5669136"
"Vinmonopolet";"9197801";"Rabl Riesling 2018";"Rabl Riesling";"2018";"164.9";"0.75";"219.87";"White wine";"Glass";"12";"1.8322221"
"Vinmonopolet";"9199601";"Castello dei Rampolla Sammarco 2014";"Castello dei Rampolla Sammarco";"2014";"625";"0.75";"833.33";"RÃ¸dvin";"Glass";"14";"5.952381"
"Vinmonopolet";"9199701";"Bibi Graetz Casamatta Rosato 2018";"Bibi Graetz Casamatta Rosato";"2018";"148";"0.75";"197.33";"RosÃ©vin";"Glass";"12";"1.6444445"
"Vinmonopolet";"9199901";"Burlotto Elatis Rosato 2019";"Burlotto Elatis Rosato";"2019";"265";"0.75";"353.33";"RosÃ©vin";"Glass";"14";"2.5238094"
"Vinmonopolet";"9200001";"Olivier Leflaive Meursault 2016";"Olivier Leflaive Meursault";"2016";"729.9";"0.75";"973.2";"White wine";"Glass";"13.5";"7.208889"
"Vinmonopolet";"9200201";"Olivier Leflaive Puligny-Montrachet 2017";"Olivier Leflaive Puligny-Montrachet";"2017";"729.9";"0.75";"973.2";"White wine";"Glass";"13";"7.486154"
"Vinmonopolet";"9201301";"Kloster Eberbach Steinberger Riesling Cabinetkeller 2009";"Kloster Eberbach Steinberger Riesling Cabinetkeller";"2009";"499.9";"0.75";"666.53";"White wine";"Glass";"12.5";"5.332267"
"Vinmonopolet";"9201501";"SchÃ¤tzel Niersteiner Riesling Kabinett 2017";"SchÃ¤tzel Niersteiner Riesling Kabinett";"2017";"296.2";"0.75";"394.93";"White wine";"Glass";"7.5";"5.265778"
"Vinmonopolet";"9203301";"Leitz RÃ¼desheimer Klosterlay Riesling Kabinett 2014";"Leitz RÃ¼desheimer Klosterlay Riesling Kabinett";"2014";"189.9";"0.75";"253.2";"White wine";"Glass";"9";"2.8133333"
"Vinmonopolet";"9203501";"Bereche Brut Reserve";"Bereche Brut Reserve";"2017";"495";"0.75";"660";"Champagne, brut";"Glass";"12";"5.5"
"Vinmonopolet";"9204201";"Samuel Billaud Chablis 2017";"Samuel Billaud Chablis";"2017";"294.9";"0.75";"393.2";"White wine";"Glass";"12.5";"3.1455998"
"Vinmonopolet";"9204301";"Samuel Billaud Chablis Premier Cru Les Forneaux 2016";"Samuel Billaud Chablis Premier Cru Les Forneaux";"2016";"399.9";"0.75";"533.2";"White wine";"Glass";"13";"4.101538"
"Vinmonopolet";"9204901";"Tissot Vin Jaune En Spois 2012";"Tissot Vin Jaune En Spois";"2012";"689.8";"0.62";"1112.58";"White wine";"Glass";"15.5";"7.1779394"
"Vinmonopolet";"9205001";"Tissot Vin Jaune Les BruyÃ¨res 2012";"Tissot Vin Jaune Les BruyÃ¨res";"2012";"799.2";"0.62";"1289.03";"White wine";"Glass";"15.5";"8.316338"
"Vinmonopolet";"9206601";"Kinn BÃ¸velen Trippel";"Kinn BÃ¸velen Trippel";"0";"115";"0.75";"153.33";"Trappist";"Glass";"9";"1.7037038"
"Vinmonopolet";"9206701";"Kinn Vestkyst IndiaÃ¸l";"Kinn Vestkyst IndiaÃ¸l";"0";"105";"0.75";"140";"India pale ale";"Glass";"7";"2"
"Vinmonopolet";"9206801";"Kinn SlÃ¥tteÃ¸l";"Kinn SlÃ¥tteÃ¸l";"0";"98";"0.75";"130.67";"Saison farmhouse ale";"Glass";"6";"2.1777778"
"Vinmonopolet";"9210205";"Ch. de Selle Ott RosÃ© Coeur de Grain 2018";"Ch. de Selle Ott RosÃ© Coeur de Grain";"2018";"659.9";"1.5";"439.93";"RosÃ©vin";"Glass";"13.5";"3.2587655"
"Vinmonopolet";"9210301";"Bunnahabhain Single Malt 18 YO";"Bunnahabhain Single Malt 18 YO";"0";"1399.9";"0.7";"1999.86";"Whisky";"Glass";"46.3";"4.319346"
"Vinmonopolet";"9210401";"Verrocchio Valpolicella Ripasso Superiore 2017";"Verrocchio Valpolicella Ripasso Superiore";"2017";"164.9";"0.75";"219.87";"RÃ¸dvin";"Glass";"13.5";"1.628642"
"Vinmonopolet";"9210501";"Valdesil Pezas da Portela 2018";"Valdesil Pezas da Portela";"2018";"240.6";"0.75";"320.8";"White wine";"Glass";"14";"2.2914286"
"Vinmonopolet";"9210901";"Dom. Vacheron Sancerre Les Romains 2017";"Dom. Vacheron Sancerre Les Romains";"2017";"469.9";"0.75";"626.53";"White wine";"Glass";"13";"4.819487"
"Vinmonopolet";"9211001";"Dom. Vacheron Sancerre 2018";"Dom. Vacheron Sancerre";"2018";"329.9";"0.75";"439.87";"White wine";"Glass";"14";"3.1419046"
"Vinmonopolet";"9212701";"Monte del FrÃ¡ CÃ  del Magro Custoza Superiore 2018";"Monte del FrÃ¡ CÃ  del Magro Custoza Superiore";"2018";"159.9";"0.75";"213.2";"White wine";"Glass";"13";"1.64"
"Vinmonopolet";"9213001";"PrÃ  Monte Grande Soave Classico 2016";"PrÃ  Monte Grande Soave Classico";"2016";"289.9";"0.75";"386.53";"White wine";"Glass";"13.5";"2.8632097"
"Vinmonopolet";"9213201";"Il Poggione Lo Sbrancato 2018";"Il Poggione Lo Sbrancato";"2018";"169.9";"0.75";"226.53";"RosÃ©vin";"Glass";"12.5";"1.8122666"
"Vinmonopolet";"9213401";"Barone Pizzini Franciacorta Brut";"Barone Pizzini Franciacorta Brut";"0";"284.9";"0.75";"379.87";"Sparkling wine";"Glass";"12";"3.1655555"
"Vinmonopolet";"9213501";"Barone Pizzini Franciacorta Brut Nature";"Barone Pizzini Franciacorta Brut Nature";"2015";"379.9";"0.75";"506.53";"Sparkling wine";"Glass";"12";"4.221111"
"Vinmonopolet";"9213801";"Ch. Palmer 2015";"Ch. Palmer";"2015";"3929.9";"0.75";"5239.87";"RÃ¸dvin";"Glass";"12.5";"41.918934"
"Vinmonopolet";"9214101";"Ch. Palmer 2016";"Ch. Palmer";"2016";"3649.9";"0.75";"4866.53";"RÃ¸dvin";"Glass";"13.5";"36.048393"
"Vinmonopolet";"9214701";"Ch. Canon 2014";"Ch. Canon";"2014";"1599.9";"0.75";"2133.2";"RÃ¸dvin";"Glass";"14";"15.2371435"
"Vinmonopolet";"9215001";"Ch. Lanessan 2016";"Ch. Lanessan";"2016";"349.9";"0.75";"466.53";"RÃ¸dvin";"Glass";"13.5";"3.4558024"
"Vinmonopolet";"9215501";"Ch. Lagrange 2015";"Ch. Lagrange";"2015";"799.9";"0.75";"1066.53";"RÃ¸dvin";"Glass";"13.5";"7.900247"
"Vinmonopolet";"9215701";"Sarget de Gruaud Larose 2016";"Sarget de Gruaud Larose";"2016";"519.9";"0.75";"693.2";"RÃ¸dvin";"Glass";"13";"5.332308"
"Vinmonopolet";"9216001";"Ch. d`Armailhac 2016";"Ch. d`Armailhac";"2016";"849.9";"0.75";"1133.2";"RÃ¸dvin";"Glass";"13.5";"8.394074"
"Vinmonopolet";"9216201";"Ch. du Tertre 2016";"Ch. du Tertre";"2016";"599.9";"0.75";"799.87";"RÃ¸dvin";"Glass";"13";"6.1528206"
"Vinmonopolet";"9216301";"Ch. Lynch Moussas 2014";"Ch. Lynch Moussas";"2014";"609.9";"0.75";"813.2";"RÃ¸dvin";"Glass";"13";"6.255385"
"Vinmonopolet";"9216601";"Flor de Vetus 2014";"Flor de Vetus";"2014";"209.9";"0.75";"279.87";"RÃ¸dvin";"Glass";"14";"1.9990475"
"Vinmonopolet";"9216701";"Arne Brimi Selection Speciale 2015";"Arne Brimi Selection Speciale";"2015";"279.9";"0.75";"373.2";"White wine";"Glass";"12.5";"2.9856"
"Vinmonopolet";"9217501";"Hammeken Radio Boka 2017";"Hammeken Radio Boka";"2017";"109.9";"0.75";"146.53";"RÃ¸dvin";"Glass";"12.5";"1.1722667"
"Vinmonopolet";"9217506";"Radio Boka 2017";"Radio Boka";"2017";"389.9";"3";"129.97";"RÃ¸dvin";"Bag-in-box";"12.5";"1.0397333"
"Vinmonopolet";"9219501";"Fiorenzo Nada Dolcetto d'Alba 2017";"Fiorenzo Nada Dolcetto d'Alba";"2017";"235";"0.75";"313.33";"RÃ¸dvin";"Glass";"13.5";"2.3209877"
"Vinmonopolet";"9219601";"Scarzello Langhe Nebbiolo 2017";"Scarzello Langhe Nebbiolo";"2017";"300";"0.75";"400";"RÃ¸dvin";"Glass";"14";"2.857143"
"Vinmonopolet";"9219701";"Scarzello Barolo Vigna Merenda 2013";"Scarzello Barolo Vigna Merenda";"2013";"625";"0.75";"833.33";"RÃ¸dvin";"Glass";"14";"5.952381"
"Vinmonopolet";"9220101";"Cascina Corte Dogliani Vigna Pirochetta 2015";"Cascina Corte Dogliani Vigna Pirochetta";"2015";"319.9";"0.75";"426.53";"RÃ¸dvin";"Glass";"13.5";"3.159506"
"Vinmonopolet";"9220201";"Cascina Corte Dogliani 2018";"Cascina Corte Dogliani";"2018";"249.9";"0.75";"333.2";"RÃ¸dvin";"Glass";"12.5";"2.6655998"
"Vinmonopolet";"9220601";"AgustÃ­ TorellÃ³ Kripta Brut Nature 2010";"AgustÃ­ TorellÃ³ Kripta Brut Nature";"2010";"779.9";"0.75";"1039.87";"Sparkling wine";"Glass";"11.5";"9.042319"
"Vinmonopolet";"9220701";"AgustÃ­ TorellÃ³ Mata Reserva 2016";"AgustÃ­ TorellÃ³ Mata Reserva";"2016";"239.9";"0.75";"319.87";"Sparkling wine";"Glass";"11.5";"2.7814493"
"Vinmonopolet";"9221601";"Laxas AlbariÃ±o 2018";"Laxas AlbariÃ±o";"2018";"178.3";"0.75";"237.73";"White wine";"Glass";"12.5";"1.9018667"
"Vinmonopolet";"9221701";"Laxas BÃ¡goa do MiÃ±o LÃ¡grima 2017";"Laxas BÃ¡goa do MiÃ±o LÃ¡grima";"2017";"223.4";"0.75";"297.87";"White wine";"Glass";"12.5";"2.3829334"
"Vinmonopolet";"9222101";"Felton Road Bannockburn Chardonnay 2018";"Felton Road Bannockburn Chardonnay";"2018";"375";"0.75";"500";"White wine";"Glass";"13.5";"3.7037036"
"Vinmonopolet";"9222701";"Stag's Leap Wine Cellars Cabernet Sauvignon Fay 2013";"Stag's Leap Wine Cellars Cabernet Sauvignon Fay";"2013";"1399.9";"0.75";"1866.53";"RÃ¸dvin";"Glass";"14.5";"12.872643"
"Vinmonopolet";"9223901";"Yellowglen Pink";"Yellowglen Pink";"0";"100.9";"0.75";"134.53";"Musserende vin, rosÃ©";"Glass";"11";"1.2230303"
"Vinmonopolet";"9224101";"Bardinet Negrita Dark";"Bardinet Negrita Dark";"0";"339.9";"0.7";"485.57";"Rum";"Glass";"37.5";"1.2948571"
"Vinmonopolet";"9224201";"Vikingfjord Ice Shot Pure";"Vikingfjord Ice Shot Pure";"0";"214.9";"0.7";"307";"Other spirit";"Glass";"20";"1.535"
"Vinmonopolet";"9224202";"Vikingfjord Ice Shot Pure";"Vikingfjord Ice Shot Pure";"0";"179.9";"0.5";"359.8";"Other spirit";"Plast";"20";"1.7989999"
"Vinmonopolet";"9224301";"Vikingfjord Ice Shot Raspberry";"Vikingfjord Ice Shot Raspberry";"0";"219.9";"0.7";"314.14";"Other spirit";"Glass";"20";"1.5707142"
"Vinmonopolet";"9224401";"Buffalo Trace";"Buffalo Trace";"0";"475.9";"0.7";"679.86";"Whisky";"Glass";"40";"1.6996429"
"Vinmonopolet";"9224501";"McAfee`s Benchmark Kentucky Straight Bourbon";"McAfee`s Benchmark Kentucky Straight Bourbon";"0";"374.9";"0.7";"535.57";"Whisky";"Glass";"40";"1.3389286"
"Vinmonopolet";"9228101";"The seven deadly zins 2016";"The seven deadly zins";"2016";"229.9";"0.75";"306.53";"RÃ¸dvin";"Glass";"15";"2.0435555"
"Vinmonopolet";"9228201";"M & D Petite Petit 2017";"M & D Petite Petit";"2017";"229.9";"0.75";"306.53";"RÃ¸dvin";"Glass";"14.5";"2.114023"
"Vinmonopolet";"9228801";"Radio-Coteau La Neblina Pinot Noir 2017";"Radio-Coteau La Neblina Pinot Noir";"2017";"499";"0.75";"665.33";"RÃ¸dvin";"Glass";"13.4";"4.965174"
"Vinmonopolet";"9228901";"County Line Sonoma Coast Pinot Noir 2015";"County Line Sonoma Coast Pinot Noir";"2015";"349";"0.75";"465.33";"RÃ¸dvin";"Glass";"13.4";"3.472637"
"Vinmonopolet";"9231701";"Pont de Gassac 2017";"Pont de Gassac";"2017";"199.9";"0.75";"266.53";"RÃ¸dvin";"Glass";"13";"2.0502563"
"Vinmonopolet";"9232501";"La Jara Treviso Prosecco Dry 2018";"La Jara Treviso Prosecco Dry";"2018";"149.9";"0.75";"199.87";"Sparkling wine";"Glass";"11.5";"1.737971"
"Vinmonopolet";"9234302";"Berentsens Skipsdram";"Berentsens Skipsdram";"0";"305.3";"0.5";"610.6";"Other spirit";"Glass";"32";"1.9081249"
"Vinmonopolet";"9235401";"Enologica Cassara HimmelblÃ¥ Nero D'Avola-Shiraz 2015";"Enologica Cassara HimmelblÃ¥ Nero D'Avola-Shiraz";"2015";"139.9";"0.75";"186.53";"RÃ¸dvin";"Glass";"13";"1.4348717"
"Vinmonopolet";"9235802";"Tripel Karmeliet";"Tripel Karmeliet";"0";"53.3";"0.33";"161.52";"Trappist";"Glass";"8.4";"1.9227993"
"Vinmonopolet";"9238301";"Alois Lageder Chardonnay 2018";"Alois Lageder Chardonnay";"2018";"204.9";"0.75";"273.2";"White wine";"Glass";"12.5";"2.1856"
"Vinmonopolet";"9238801";"De Faveri Treviso Prosecco Brut";"De Faveri Treviso Prosecco Brut";"0";"178";"0.75";"237.33";"Sparkling wine";"Glass";"11";"2.1575758"
"Vinmonopolet";"9239601";"Alois Lageder Riff Pinot Grigio 2018";"Alois Lageder Riff Pinot Grigio";"2018";"159.9";"0.75";"213.2";"White wine";"Glass";"12.5";"1.7055999"
"Vinmonopolet";"9239701";"Barba Colle Morino Montepulciano d'Abruzzo 2016";"Barba Colle Morino Montepulciano d'Abruzzo";"2016";"123.4";"0.75";"164.53";"RÃ¸dvin";"Glass";"12.5";"1.3162667"
"Vinmonopolet";"9240101";"COS Pithos Bianco 2018";"COS Pithos Bianco";"2018";"299.9";"0.75";"399.87";"White wine";"Glass";"10.5";"3.808254"
"Vinmonopolet";"9240301";"Valli Unite San Vito Timorasso 2015";"Valli Unite San Vito Timorasso";"2015";"329.9";"0.75";"439.87";"White wine";"Glass";"15";"2.9324443"
"Vinmonopolet";"9240901";"Ch. La Mascaronne 2018";"Ch. La Mascaronne";"2018";"200";"0.75";"266.67";"RosÃ©vin";"Glass";"13";"2.0512822"
"Vinmonopolet";"9241002";"Captain Morgan Spiced Gold";"Captain Morgan Spiced Gold";"0";"269.9";"0.5";"539.8";"Other spirit";"Glass";"35";"1.5422857"
"Vinmonopolet";"9249201";"Berentzen Fruit Selection Apple";"Berentzen Fruit Selection Apple";"0";"209.9";"0.7";"299.86";"LikÃ¸r";"Glass";"18";"1.665873"
"Vinmonopolet";"9258201";"Ch. Pontac Lynch 2014";"Ch. Pontac Lynch";"2014";"399.9";"0.75";"533.2";"RÃ¸dvin";"Glass";"12.5";"4.2655997"
"Vinmonopolet";"9261601";"Olav II XO";"Olav II XO";"0";"736.1";"0.7";"1051.57";"Grape spirit";"Glass";"40";"2.6289284"
"Vinmonopolet";"9262001";"Louis Roederer Cristal RosÃ© 2012";"Louis Roederer Cristal RosÃ©";"2012";"3790";"0.75";"5053.33";"Champagne, rosÃ©";"Glass";"12";"42.11111"
"Vinmonopolet";"9262505";"J. Lassaigne Les Vignes de Montgueux Blanc de Blanc Extra Brut";"J. Lassaigne Les Vignes de Montgueux Blanc de Blanc Extra Brut";"0";"939.9";"1.5";"626.6";"Champagne extra brut";"Glass";"12";"5.221667"
"Vinmonopolet";"9264201";"J.M. da Fonseca Domingos Soares Franco ColecÃ§Ã¢o Privada Moscatel de Setubal 1998";"J.M. da Fonseca Domingos Soares Franco ColecÃ§Ã¢o Privada Moscatel de Setubal";"1998";"349.9";"0.75";"466.53";"Fortified wine";"Glass";"17.5";"2.6659048"
"Vinmonopolet";"9268801";"Dr. BÃ¼rklin-Wolf Hohenmorgen Riesling GC 2016";"Dr. BÃ¼rklin-Wolf Hohenmorgen Riesling GC";"2016";"534.9";"0.75";"713.2";"White wine";"Glass";"12.5";"5.7056003"
"Vinmonopolet";"9273502";"Oremus Tokaji AszÃº 3 Puttonyos 2014";"Oremus Tokaji AszÃº 3 Puttonyos";"2014";"384.9";"0.5";"769.8";"White wine";"Glass";"11";"6.998182"
"Vinmonopolet";"9273602";"Oremus Tokaji AszÃº 5 Puttonyos 2010";"Oremus Tokaji AszÃº 5 Puttonyos";"2010";"649.9";"0.5";"1299.8";"White wine";"Glass";"11.5";"11.302609"
"Vinmonopolet";"9273701";"Oremus MandolÃ¡s Tokaji Dry 2016";"Oremus MandolÃ¡s Tokaji Dry";"2016";"279.9";"0.75";"373.2";"White wine";"Glass";"13";"2.8707693"
"Vinmonopolet";"9273901";"Zenato Veneto Rosso Parziale Appassimento 2016";"Zenato Veneto Rosso Parziale Appassimento";"2016";"169.9";"0.75";"226.53";"RÃ¸dvin";"Glass";"13.5";"1.6780246"
"Vinmonopolet";"9274801";"Cantine Romagnoli Cicotto Barbera 2018";"Cantine Romagnoli Cicotto Barbera";"2018";"129.9";"0.75";"173.2";"RÃ¸dvin";"Glass";"12";"1.4433333"
"Vinmonopolet";"9275401";"Cepa 21 Hito 2016";"Cepa 21 Hito";"2016";"159.9";"0.75";"213.2";"RÃ¸dvin";"Glass";"13.5";"1.5792592"
"Vinmonopolet";"9279001";"Kirsberry";"Kirsberry";"0";"143.9";"0.7";"205.57";"Fruit wine";"Glass";"14.8";"1.3889961"
"Vinmonopolet";"9280801";"Le Contesse Treviso Prosecco Brut";"Le Contesse Treviso Prosecco Brut";"0";"149.9";"0.75";"199.87";"Sparkling wine";"Glass";"11";"1.8169696"
"Vinmonopolet";"9281801";"Negro Dina Barbera d'Alba 2018";"Negro Dina Barbera d'Alba";"2018";"199.9";"0.75";"266.53";"RÃ¸dvin";"Glass";"14";"1.9038094"
"Vinmonopolet";"9282301";"Antolini Amarone della Valpolicella Classico CÃ  Coato 2011";"Antolini Amarone della Valpolicella Classico CÃ  Coato";"2011";"440.2";"0.75";"586.93";"RÃ¸dvin";"Glass";"17";"3.4525492"
"Vinmonopolet";"9282401";"Antolini Valpolicella Classico 2017";"Antolini Valpolicella Classico";"2017";"159.1";"0.75";"212.13";"RÃ¸dvin";"Glass";"12.5";"1.6970668"
"Vinmonopolet";"9282801";"Cambrago Soave I CÃ©rceni Spumante Brut";"Cambrago Soave I CÃ©rceni Spumante Brut";"0";"149";"0.75";"198.67";"Sparkling wine";"Glass";"12";"1.6555556"
"Vinmonopolet";"9283001";"Antolini Amarone della Valpolicella Classico Moropio 2014";"Antolini Amarone della Valpolicella Classico Moropio";"2014";"370";"0.75";"493.33";"RÃ¸dvin";"Glass";"16";"3.0833333"
"Vinmonopolet";"9283202";"Antolini Recioto della Valpolicella Classico 2015";"Antolini Recioto della Valpolicella Classico";"2015";"269.9";"0.5";"539.8";"RÃ¸dvin";"Glass";"13.5";"3.9985185"
"Vinmonopolet";"9284101";"Fattoria di Montagliari Chianti Classico Riserva 2010";"Fattoria di Montagliari Chianti Classico Riserva";"2010";"340.2";"0.75";"453.6";"RÃ¸dvin";"Glass";"13";"3.4892309"
"Vinmonopolet";"9288402";"Galliano Ristretto";"Galliano Ristretto";"0";"265.9";"0.5";"531.8";"LikÃ¸r";"Glass";"30";"1.7726666"
"Vinmonopolet";"9289501";"Patriarche HÃ©ritage";"Patriarche HÃ©ritage";"0";"104.9";"0.75";"139.87";"White wine";"Glass";"11";"1.2715151"
"Vinmonopolet";"9289805";"Brillet X.O. Grande Champagne 1er Cru de Cognac";"Brillet X.O. Grande Champagne 1er Cru de Cognac";"0";"2200";"1.5";"1466.67";"Grape spirit";"Glass";"40";"3.6666667"
"Vinmonopolet";"9292102";"Palm Amber Beer";"Palm Amber Beer";"0";"39.9";"0.33";"120.91";"Red/amber";"Glass";"5.2";"2.3251748"
"Vinmonopolet";"9292202";"Boon Oude Geuze";"Boon Oude Geuze";"2016";"60.9";"0.38";"162.4";"SurÃ¸l";"Glass";"7";"2.2894738"
"Vinmonopolet";"9292302";"Boon Framboise";"Boon Framboise";"2018";"64.9";"0.38";"173.07";"SurÃ¸l";"Glass";"5";"3.4157896"
"Vinmonopolet";"9292402";"Carlow OÂ´Haras Irish Pale Ale";"Carlow OÂ´Haras Irish Pale Ale";"0";"56.9";"0.5";"113.8";"Pale ale";"Glass";"5.2";"2.1884618"
"Vinmonopolet";"9292501";"Dom. de Pellehaut Harmonie de Gascogne 2017";"Dom. de Pellehaut Harmonie de Gascogne";"2017";"159.9";"0.75";"213.2";"RÃ¸dvin";"Glass";"12.5";"1.7055999"
"Vinmonopolet";"9292601";"Te Mata Elston Chardonnay 2012";"Te Mata Elston Chardonnay";"2012";"349";"0.75";"465.33";"White wine";"Glass";"13.5";"3.4469135"
"Vinmonopolet";"9292801";"Te Mata Woodthorpe Gamay Noir 2016";"Te Mata Woodthorpe Gamay Noir";"2016";"218.9";"0.75";"291.87";"RÃ¸dvin";"Glass";"12.5";"2.3349333"
"Vinmonopolet";"9292901";"Te Mata Estate Syrah 2015";"Te Mata Estate Syrah";"2015";"218.9";"0.75";"291.87";"RÃ¸dvin";"Glass";"13";"2.2451282"
"Vinmonopolet";"9293001";"Te Mata Sauvignon Blanc 2016";"Te Mata Sauvignon Blanc";"2016";"194.8";"0.75";"259.73";"White wine";"Glass";"13";"1.9979488"
"Vinmonopolet";"9293601";"De Wetshof Limestone Hill Chardonnay 2017";"De Wetshof Limestone Hill Chardonnay";"2017";"249";"0.75";"332";"White wine";"Glass";"13.5";"2.4592593"
"Vinmonopolet";"9293701";"De Wetshof Nature in Concert 2017";"De Wetshof Nature in Concert";"2017";"399";"0.75";"532";"RÃ¸dvin";"Glass";"13.5";"3.9407408"
"Vinmonopolet";"9302701";"Bonterra The Butler 2013";"Bonterra The Butler";"2013";"350";"0.75";"466.67";"RÃ¸dvin";"Glass";"15.5";"3.0107527"
"Vinmonopolet";"9302801";"Bonterra The McNab 2013";"Bonterra The McNab";"2013";"350";"0.75";"466.67";"RÃ¸dvin";"Glass";"15";"3.1111112"
"Vinmonopolet";"9303201";"Dom. Fouassier Sancerre Les Romains 2017";"Dom. Fouassier Sancerre Les Romains";"2017";"329.9";"0.75";"439.87";"White wine";"Glass";"13";"3.3835897"
"Vinmonopolet";"9303401";"Texier CÃ´tes du RhÃ´ne Chat Fou Non FiltrÃ© 2018";"Texier CÃ´tes du RhÃ´ne Chat Fou Non FiltrÃ©";"2018";"229.9";"0.75";"306.53";"RÃ¸dvin";"Glass";"13";"2.3579485"
"Vinmonopolet";"9303501";"Texier BrÃ©zÃ¨me CÃ´tes du RhÃ´ne 2017";"Texier BrÃ©zÃ¨me CÃ´tes du RhÃ´ne";"2017";"299.9";"0.75";"399.87";"RÃ¸dvin";"Glass";"12.5";"3.1989334"
"Vinmonopolet";"9304401";"Tenuta Ulisse Terre di Chieti Pecorino 2018";"Tenuta Ulisse Terre di Chieti Pecorino";"2018";"169.9";"0.75";"226.53";"White wine";"Glass";"13";"1.7425641"
"Vinmonopolet";"9305101";"DIVICI Prosecco Extra Dry";"DIVICI Prosecco Extra Dry";"0";"149.9";"0.75";"199.87";"Sparkling wine";"Glass";"11";"1.8169696"
"Vinmonopolet";"9307801";"Zonin Ripasso Valpolicella Superiore 2017";"Zonin Ripasso Valpolicella Superiore";"2017";"194.9";"0.75";"259.87";"RÃ¸dvin";"Glass";"14";"1.8561904"
"Vinmonopolet";"9307901";"Zonin Amarone della Valpolicella 2016";"Zonin Amarone della Valpolicella";"2016";"369.9";"0.75";"493.2";"RÃ¸dvin";"Glass";"15";"3.2879999"
"Vinmonopolet";"9308001";"Zonin Ventiterre Soave 2017";"Zonin Ventiterre Soave";"2017";"134.9";"0.75";"179.87";"White wine";"Glass";"12";"1.4988889"
"Vinmonopolet";"9308102";"Zonin Il Giangio Recioto di Gambellara 2011";"Zonin Il Giangio Recioto di Gambellara";"2011";"269.9";"0.5";"539.8";"White wine";"Glass";"13";"4.1523075"
"Vinmonopolet";"9308302";"Torghatten aquavit";"Torghatten aquavit";"0";"365";"0.5";"730";"Aquavit";"Glass";"38";"1.9210526"
"Vinmonopolet";"9308502";"Utsira Akevitt";"Utsira Akevitt";"0";"365";"0.5";"730";"Aquavit";"Glass";"38";"1.9210526"
"Vinmonopolet";"9308603";"Fjellvitt Akevitten";"Fjellvitt Akevitten";"0";"57.9";"0.04";"1447.5";"Aquavit";"Glass";"40";"3.61875"
"Vinmonopolet";"9308702";"Hot n'Sweet Soft Licorice";"Hot n'Sweet Soft Licorice";"0";"184.9";"0.5";"369.8";"LikÃ¸r";"Plast";"16";"2.31125"
"Vinmonopolet";"9308802";"Rabl Riesling Trockenbeerenauslese 2016";"Rabl Riesling Trockenbeerenauslese";"2016";"329.9";"0.38";"879.73";"White wine";"Glass";"8.5";"10.213622"
"Vinmonopolet";"9309201";"Valdo Marca Oro Valdobbiadene Prosecco Superiore Extra Dry";"Valdo Marca Oro Valdobbiadene Prosecco Superiore Extra Dry";"0";"139.9";"0.75";"186.53";"Sparkling wine";"Glass";"11";"1.6957575"
"Vinmonopolet";"9310201";"Corte Giara Bardolino Chiaretto 2018";"Corte Giara Bardolino Chiaretto";"2018";"159.9";"0.75";"213.2";"RosÃ©vin";"Glass";"12.5";"1.7055999"
"Vinmonopolet";"9314902";"Aspall Suffolk Cyder";"Aspall Suffolk Cyder";"0";"70";"0.5";"140";"Cider";"Glass";"7";"2"
"Vinmonopolet";"9318505";"Pol Roger Brut Reserve";"Pol Roger Brut Reserve";"0";"995";"1.5";"663.33";"Champagne, brut";"Glass";"12.5";"5.306667"
"Vinmonopolet";"9319001";"Achel Extra";"Achel Extra";"0";"199.9";"0.75";"266.53";"Trappist";"Glass";"9.5";"2.805614"
"Vinmonopolet";"9321502";"Ename Dubbel";"Ename Dubbel";"0";"56";"0.33";"169.7";"Trappist";"Glass";"6.6";"2.571166"
"Vinmonopolet";"9321602";"Ename Tripel";"Ename Tripel";"0";"62.4";"0.33";"189.09";"Trappist";"Glass";"8.5";"2.224599"
"Vinmonopolet";"9321702";"Ename Blond";"Ename Blond";"0";"53.1";"0.33";"160.91";"Trappist";"Glass";"6.6";"2.4380164"
"Vinmonopolet";"9323801";"Roda Reserva 2015";"Roda Reserva";"2015";"375";"0.75";"500";"RÃ¸dvin";"Glass";"14.5";"3.4482758"
"Vinmonopolet";"9323805";"Roda Reserva 2013";"Roda Reserva";"2013";"750";"1.5";"500";"RÃ¸dvin";"Glass";"14.5";"3.4482758"
"Vinmonopolet";"9332101";"Castello d'Albola Chianti Classico 2016";"Castello d'Albola Chianti Classico";"2016";"199.9";"0.75";"266.53";"RÃ¸dvin";"Glass";"13";"2.0502563"
"Vinmonopolet";"9332201";"Castello d'Albola Chianti Classico Riserva 2016";"Castello d'Albola Chianti Classico Riserva";"2016";"269.9";"0.75";"359.87";"RÃ¸dvin";"Glass";"13.5";"2.665679"
"Vinmonopolet";"9332301";"Bouchard PÃ¨re & Fils Pouilly-FuissÃ© 2018";"Bouchard PÃ¨re & Fils Pouilly-FuissÃ©";"2018";"323.9";"0.75";"431.87";"White wine";"Glass";"13";"3.3220513"
"Vinmonopolet";"9332305";"Bouchard PÃ¨re & Fils Pouilly-FuissÃ© 2015";"Bouchard PÃ¨re & Fils Pouilly-FuissÃ©";"2015";"648.9";"1.5";"432.6";"White wine";"Glass";"13.5";"3.2044446"
"Vinmonopolet";"9332307";"Bouchard PÃ¨re et Fils Pouilly FuissÃ© 2014";"Bouchard PÃ¨re et Fils Pouilly FuissÃ©";"2014";"1780.9";"3";"593.63";"White wine";"Glass";"13";"4.5664105"
"Vinmonopolet";"9332806";"Zanni Valpolicella 2018";"Zanni Valpolicella";"2018";"469.9";"3";"156.63";"RÃ¸dvin";"Bag-in-box";"12";"1.3052777"
"Vinmonopolet";"9335201";"Black Tower Pink Bubbly 2018";"Black Tower Pink Bubbly";"2018";"99.9";"0.75";"133.2";"Perlende vin, rosÃ©";"Glass";"8.5";"1.5670588"
"Vinmonopolet";"9342101";"Carlos Serres Gran Reserva 2010";"Carlos Serres Gran Reserva";"2010";"236.1";"0.75";"314.8";"RÃ¸dvin";"Glass";"13.5";"2.331852"
"Vinmonopolet";"9344801";"Landgraf Riesling Kabinett 2018";"Landgraf Riesling Kabinett";"2018";"149.9";"0.75";"199.87";"White wine";"Glass";"10";"1.9986666"
"Vinmonopolet";"9344901";"Landgraf Saulheimer Schlossberg Riesling Trocken 2018";"Landgraf Saulheimer Schlossberg Riesling Trocken";"2018";"199.8";"0.75";"266.4";"White wine";"Glass";"13.5";"1.9733334"
"Vinmonopolet";"9345001";"Landgraf Riesling Trocken 2018";"Landgraf Riesling Trocken";"2018";"149.9";"0.75";"199.87";"White wine";"Glass";"12.5";"1.5989332"
"Vinmonopolet";"9346201";"Leyrat Fins Bois V.S. Single Estate";"Leyrat Fins Bois V.S. Single Estate";"0";"449.9";"0.7";"642.71";"Grape spirit";"Glass";"40";"1.6067858"
"Vinmonopolet";"9346301";"Massa Anarchia 2019";"Massa Anarchia";"2019";"233.2";"0.75";"310.93";"Sparkling white wine";"Glass";"5";"6.2186666"
"Vinmonopolet";"9346401";"La Ganghija Barbera d'Alba Superiore 2017";"La Ganghija Barbera d'Alba Superiore";"2017";"257.7";"0.75";"343.6";"RÃ¸dvin";"Glass";"14.5";"2.3696554"
"Vinmonopolet";"9347601";"Casillero del Diablo Pinot Noir 2018";"Casillero del Diablo Pinot Noir";"2018";"114.9";"0.75";"153.2";"RÃ¸dvin";"Glass";"13.5";"1.1348149"
"Vinmonopolet";"9348606";"Vanesa Old Vines Monastrell 2014";"Vanesa Old Vines Monastrell";"2014";"449.9";"3";"149.97";"RÃ¸dvin";"Bag-in-box";"14";"1.0711905"
"Vinmonopolet";"9348706";"Chapoutier CÃ´tes du RhÃ´ne Belleruche 2019";"Chapoutier CÃ´tes du RhÃ´ne Belleruche";"2019";"509.9";"3";"169.97";"RÃ¸dvin";"Bag-in-box";"14";"1.2140476"
"Vinmonopolet";"9348801";"Scala Dei Prior 2016";"Scala Dei Prior";"2016";"329.9";"0.75";"439.87";"RÃ¸dvin";"Glass";"14.5";"3.0335631"
"Vinmonopolet";"9350101";"Prinz Von Hessen Dachsfilet Riesling 2014";"Prinz Von Hessen Dachsfilet Riesling";"2014";"325";"0.75";"433.33";"White wine";"Glass";"12.5";"3.4666667"
"Vinmonopolet";"9352101";"Huber-Verdereau Bourgogne Pinot Noir 2018";"Huber-Verdereau Bourgogne Pinot Noir";"2018";"275";"0.75";"366.67";"RÃ¸dvin";"Glass";"12.5";"2.9333334"
"Vinmonopolet";"9352401";"Wieninger Chardonnay Classic 2018";"Wieninger Chardonnay Classic";"2018";"199.9";"0.75";"266.53";"White wine";"Glass";"12.5";"2.1322665"
"Vinmonopolet";"9352501";"Wieninger Nussberg Riesling 2016";"Wieninger Nussberg Riesling";"2016";"269";"0.75";"358.67";"White wine";"Glass";"13.5";"2.65679"
"Vinmonopolet";"9352601";"Sattlerhof Gamlitz Muskateller 2018";"Sattlerhof Gamlitz Muskateller";"2018";"225";"0.75";"300";"White wine";"Glass";"11.5";"2.6086957"
"Vinmonopolet";"9353001";"Roc des Anges Reliefs 2016";"Roc des Anges Reliefs";"2016";"299";"0.75";"398.67";"RÃ¸dvin";"Glass";"13.5";"2.9530864"
"Vinmonopolet";"9353901";"Melsheimer SchÃ¤f Reiler Mullay-Hofberg Riesling SpÃ¤tlese";"Melsheimer SchÃ¤f Reiler Mullay-Hofberg Riesling SpÃ¤tlese";"2017";"269";"0.75";"358.67";"White wine";"Glass";"7.5";"4.7822223"
"Vinmonopolet";"9354101";"Les Vignes de l`Aire Effet Papillon 2017";"Les Vignes de l`Aire Effet Papillon";"2017";"179.9";"0.75";"239.87";"RÃ¸dvin";"Glass";"14";"1.7133332"
"Vinmonopolet";"9355801";"Borgogno Dolcetto d'Alba 2018";"Borgogno Dolcetto d'Alba";"2018";"225";"0.75";"300";"RÃ¸dvin";"Glass";"14";"2.142857"
"Vinmonopolet";"9357401";"Leitz RÃ¼desheimer Berg Kaisersteinfels Riesling Terrassen 2011";"Leitz RÃ¼desheimer Berg Kaisersteinfels Riesling Terrassen";"2011";"299.8";"0.75";"399.73";"White wine";"Glass";"12";"3.331111"
"Vinmonopolet";"9357501";"Leitz RÃ¼desheimer Berg Rottland Riesling Trocken Hinterhaus 2011";"Leitz RÃ¼desheimer Berg Rottland Riesling Trocken Hinterhaus";"2011";"299.8";"0.75";"399.73";"White wine";"Glass";"13.5";"2.9609876"
"Vinmonopolet";"9357601";"Leitz RÃ¼desheimer Berg Schlossberg Ehrenfels";"Leitz RÃ¼desheimer Berg Schlossberg Ehrenfels";"2011";"299.8";"0.75";"399.73";"White wine";"Glass";"13.5";"2.9609876"
"Vinmonopolet";"9357701";"Leitz Berg Roseneck Riesling SpÃ¤tlese 2011";"Leitz Berg Roseneck Riesling SpÃ¤tlese";"2011";"299.8";"0.75";"399.73";"White wine";"Glass";"7.5";"5.3297777"
"Vinmonopolet";"9358701";"Cogno Montegrilli Langhe 2009";"Cogno Montegrilli Langhe";"2009";"699.9";"0.75";"933.2";"RÃ¸dvin";"Glass";"13.5";"6.912593"
"Vinmonopolet";"9359201";"Schug Carneros Chardonnay 2018";"Schug Carneros Chardonnay";"2018";"359.9";"0.75";"479.87";"White wine";"Glass";"14.5";"3.309425"
"Vinmonopolet";"9359301";"Schug Carneros Estate Pinot Noir 2016";"Schug Carneros Estate Pinot Noir";"2016";"439.9";"0.75";"586.53";"RÃ¸dvin";"Glass";"14";"4.1895237"
"Vinmonopolet";"9359401";"Schug Carneros Heritage Reserve Chardonnay 2014";"Schug Carneros Heritage Reserve Chardonnay";"2014";"429.9";"0.75";"573.2";"White wine";"Glass";"14.1";"4.065248"
"Vinmonopolet";"9359501";"Schug Carneros Pinot Noir 2017";"Schug Carneros Pinot Noir";"2017";"349.9";"0.75";"466.53";"RÃ¸dvin";"Glass";"13.5";"3.4558024"
"Vinmonopolet";"9360901";"Piccini Brunello di Montalcino Riserva Villa Al Cortile 2013";"Piccini Brunello di Montalcino Riserva Villa Al Cortile";"2013";"599.9";"0.75";"799.87";"RÃ¸dvin";"Glass";"14.5";"5.516322"
"Vinmonopolet";"9361001";"Piccini Memoro";"Piccini Memoro";"2018";"124.9";"0.75";"166.53";"RÃ¸dvin";"Glass";"13.5";"1.2335802"
"Vinmonopolet";"9361201";"Jean Leon 3055 Merlot Petit Verdot 2018";"Jean Leon  Merlot Petit Verdot";"2018";"179.9";"0.75";"239.87";"RÃ¸dvin";"Glass";"14.5";"1.6542528"
"Vinmonopolet";"9361301";"Jean Leon Chardonnay 2018";"Jean Leon Chardonnay";"2018";"179.9";"0.75";"239.87";"White wine";"Glass";"13";"1.8451282"
"Vinmonopolet";"9361401";"Jean Leon Vinya La Scala Cabernet Sauvignon Gran Reserva 2013";"Jean Leon Vinya La Scala Cabernet Sauvignon Gran Reserva";"2013";"424.9";"0.75";"566.53";"RÃ¸dvin";"Glass";"14";"4.0466666"
"Vinmonopolet";"9361701";"Trapet Riquewihr Riesling 2016";"Trapet Riquewihr Riesling";"2016";"255";"0.75";"340";"White wine";"Glass";"12.5";"2.72"
"Vinmonopolet";"9362001";"Launois RosÃ©";"Launois RosÃ©";"0";"365";"0.75";"486.67";"Champagne, rosÃ©";"Glass";"12";"4.0555553"
"Vinmonopolet";"9362102";"Gini Col Foscarin Recioto di Soave 2011";"Gini Col Foscarin Recioto di Soave";"2011";"248.9";"0.38";"663.73";"White wine";"Glass";"13";"5.0384617"
"Vinmonopolet";"9367405";"William Fevre Chablis Domaine 2017";"William Fevre Chablis Domaine";"2017";"459.9";"1.5";"306.6";"White wine";"Glass";"12.5";"2.4528"
"Vinmonopolet";"9370006";"Gnarly Head Old Vine Zin 2018";"Gnarly Head Old Vine Zin";"2018";"479.9";"3";"159.97";"RÃ¸dvin";"Bag-in-box";"14.5";"1.1032184"
"Vinmonopolet";"9373101";"Villa di Capezzana Carmignano 2016";"Villa di Capezzana Carmignano";"2016";"273.9";"0.75";"365.2";"RÃ¸dvin";"Glass";"14";"2.6085713"
"Vinmonopolet";"9374101";"Scarzello Barbera d'Alba Superiore 2017";"Scarzello Barbera d'Alba Superiore";"2017";"332";"0.75";"442.67";"RÃ¸dvin";"Glass";"15";"2.951111"
"Vinmonopolet";"9374501";"Gouden Carolus Tripel";"Gouden Carolus Tripel";"0";"159.9";"0.75";"213.2";"Trappist";"Glass";"9";"2.3688889"
"Vinmonopolet";"9374702";"Gouden Carolus Classic";"Gouden Carolus Classic";"0";"54.9";"0.33";"166.36";"Trappist";"Glass";"8.5";"1.9572192"
"Vinmonopolet";"9375801";"Sipsmith London Dry Gin";"Sipsmith London Dry Gin";"0";"609.9";"0.7";"871.29";"Gin";"Glass";"41.6";"2.0944371"
"Vinmonopolet";"9378201";"Moestue Volnay 2009";"Moestue Volnay";"2009";"363.1";"0.75";"484.13";"RÃ¸dvin";"Glass";"13";"3.7241027"
"Vinmonopolet";"9380401";"Dinavolo 2018";"Dinavolo";"2018";"349.8";"0.75";"466.4";"White wine";"Glass";"12.5";"3.7312"
"Vinmonopolet";"9380501";"Dinavolino 2018";"Dinavolino";"2018";"274.9";"0.75";"366.53";"White wine";"Glass";"10.5";"3.4907935"
"Vinmonopolet";"9380605";"Juve y Camps Gran Reserva de la Familia Brut Nature 2015";"Juve y Camps Gran Reserva de la Familia Brut Nature";"2015";"429.9";"1.5";"286.6";"Sparkling wine";"Glass";"12";"2.3883333"
"Vinmonopolet";"9381401";"Norsk FÃ¥rikÃ¥l Akevitt";"Norsk FÃ¥rikÃ¥l Akevitt";"0";"459.4";"0.7";"656.29";"Aquavit";"Glass";"43";"1.5262458"
"Vinmonopolet";"9382001";"Castell'in Villa Mitt Toscana 2006";"Castell'in Villa Mitt Toscana";"2006";"255";"0.75";"340";"RÃ¸dvin";"Glass";"14.5";"2.3448277"
"Vinmonopolet";"9382501";"Camillo Donati Lambrusco dell'Emilia 2018";"Camillo Donati Lambrusco dell'Emilia";"2018";"239.9";"0.75";"319.87";"Perlende vin, rÃ¸d";"Glass";"11.5";"2.7814493"
"Vinmonopolet";"9382706";"Valli Unite 2018";"Valli Unite";"2018";"560";"3";"186.67";"RÃ¸dvin";"Bag-in-box";"13.5";"1.3827161"
"Vinmonopolet";"9382901";"Cornelissen Munjebel Bianco 2017";"Cornelissen Munjebel Bianco";"2017";"449.9";"0.75";"599.87";"White wine";"Glass";"13";"4.614359"
"Vinmonopolet";"9383901";"Tenuta Sette Ponti Oreno 2016";"Tenuta Sette Ponti Oreno";"2016";"719";"0.75";"958.67";"RÃ¸dvin";"Glass";"15";"6.391111"
"Vinmonopolet";"9384401";"Orma 2015";"Orma";"2015";"729";"0.75";"972";"RÃ¸dvin";"Glass";"15";"6.48"
"Vinmonopolet";"9384901";"Alain Brumont Ch. Montus 2015";"Alain Brumont Ch. Montus";"2015";"335";"0.75";"446.67";"RÃ¸dvin";"Glass";"13.5";"3.308642"
"Vinmonopolet";"9386401";"Brugal 1888";"Brugal";"0";"629.9";"0.7";"899.86";"Rum";"Glass";"40";"2.249643"
"Vinmonopolet";"9389301";"De Luze X.O. Fine Champagne";"De Luze X.O. Fine Champagne";"0";"1249.9";"0.7";"1785.57";"Grape spirit";"Glass";"40";"4.4639287"
"Vinmonopolet";"9389406";"Montecillo Deseos Tempranillo 2015";"Montecillo Deseos Tempranillo";"2015";"474.9";"3";"158.3";"RÃ¸dvin";"Bag-in-box";"13";"1.2176923"
"Vinmonopolet";"9389501";"Choco Vine";"Choco Vine";"0";"219.9";"0.75";"293.2";"Flavoured wine	";"Glass";"14";"2.0942857"
"Vinmonopolet";"9389901";"J.L. Vergnon Conversation Blanc de Blancs Grand Cru Brut";"J.L. Vergnon Conversation Blanc de Blancs Grand Cru Brut";"2017";"395";"0.75";"526.67";"Champagne, brut";"Glass";"12";"4.388889"
"Vinmonopolet";"9390101";"Marc Hebrart SÃ©lection Brut 1er Cru";"Marc Hebrart SÃ©lection Brut 1er Cru";"0";"360";"0.75";"480";"Champagne, brut";"Glass";"12";"4"
"Vinmonopolet";"9390205";"Marc Hebrart SÃ©lection Brut 1er Cru";"Marc Hebrart SÃ©lection Brut 1er Cru";"0";"739.9";"1.5";"493.27";"Champagne, brut";"Glass";"12";"4.1105556"
"Vinmonopolet";"9390301";"Marc Hebrart Brut 1er Cru 2015";"Marc Hebrart Brut 1er Cru";"2015";"545";"0.75";"726.67";"Champagne, brut";"Glass";"12";"6.0555553"
"Vinmonopolet";"9390701";"Ch. Brun 2013";"Ch. Brun";"2013";"265";"0.75";"353.33";"RÃ¸dvin";"Glass";"12.5";"2.8266666"
"Vinmonopolet";"9391302";"Cascina Castlet Avie' Moscato Passito 2009";"Cascina Castlet Avie' Moscato Passito";"2009";"229.9";"0.38";"613.07";"White wine";"Glass";"14";"4.3214283"
"Vinmonopolet";"9391701";"Sentido 2014";"Sentido";"2014";"229.9";"0.75";"306.53";"RÃ¸dvin";"Glass";"14";"2.1895237"
"Vinmonopolet";"9396901";"Ponte Treviso Prosecco Frizzante";"Ponte Treviso Prosecco Frizzante";"0";"134.9";"0.75";"179.87";"Sparkling white wine";"Glass";"10.5";"1.7130158"
"Vinmonopolet";"9397401";"Villabella Ripasso Valpolicella Classico Superiore 2016";"Villabella Ripasso Valpolicella Classico Superiore";"2016";"199.9";"0.75";"266.53";"RÃ¸dvin";"Glass";"14";"1.9038094"
"Vinmonopolet";"9397405";"Villabella Ripasso Valpolicella Classico Superiore 2015";"Villabella Ripasso Valpolicella Classico Superiore";"2015";"478.9";"1.5";"319.27";"RÃ¸dvin";"Glass";"14";"2.280476"
"Vinmonopolet";"9397605";"Orma 2015";"Orma";"2015";"1545";"1.5";"1030";"RÃ¸dvin";"Glass";"15";"6.866667"
"Vinmonopolet";"9398201";"Cirelli Montepulciano d'Abruzzo 2017";"Cirelli Montepulciano d'Abruzzo";"2017";"199";"0.75";"265.33";"RÃ¸dvin";"Glass";"13";"2.0410256"
"Vinmonopolet";"9398601";"ArvesÃ¸lvet Aquavit";"ArvesÃ¸lvet Aquavit";"0";"409.9";"0.7";"585.57";"Aquavit";"Glass";"40";"1.4639286"
"Vinmonopolet";"9399201";"Amrut Fusion Single Malt Whisky";"Amrut Fusion Single Malt Whisky";"0";"770";"0.7";"1100";"Whisky";"Glass";"50";"2.2"
"Vinmonopolet";"9399301";"Amrut Indian Single Malt Whisky";"Amrut Indian Single Malt Whisky";"0";"759";"0.7";"1084.29";"Whisky";"Glass";"46";"2.357143"
"Vinmonopolet";"9399601";"Norsk Polar Aquavit Single Cask";"Norsk Polar Aquavit Single Cask";"0";"475";"0.7";"678.57";"Aquavit";"Glass";"40";"1.6964287"
"Vinmonopolet";"9399901";"Penfolds Bin 51 Eden Valley Riesling 2018";"Penfolds Bin 51 Eden Valley Riesling";"2018";"199.9";"0.75";"266.53";"White wine";"Glass";"12";"2.221111"
"Vinmonopolet";"9401501";"Lezaun 0,0 Sulfitos 2018";"Lezaun 0,0 Sulfitos";"2018";"164.9";"0.75";"219.87";"RÃ¸dvin";"Glass";"13.5";"1.628642"
"Vinmonopolet";"9405501";"Contador 2008";"Contador";"2008";"2637.5";"0.75";"3516.67";"RÃ¸dvin";"Glass";"14";"25.119047"
"Vinmonopolet";"9405601";"La Cueva del Contador 2015";"La Cueva del Contador";"2015";"689.3";"0.75";"919.07";"RÃ¸dvin";"Glass";"14.5";"6.338391"
"Vinmonopolet";"9405701";"Predicador 2017";"Predicador";"2017";"319.4";"0.75";"425.87";"RÃ¸dvin";"Glass";"15";"2.839111"
"Vinmonopolet";"9405801";"Basso Monte Paschoal Moscatel";"Basso Monte Paschoal Moscatel";"0";"142";"0.75";"189.33";"Sparkling wine";"Glass";"7.5";"2.5244443"
"Vinmonopolet";"9405901";"Basso Monte Paschoal Frisante";"Basso Monte Paschoal Frisante";"0";"129.9";"0.75";"173.2";"White wine";"Glass";"7";"2.4742856"
"Vinmonopolet";"9406401";"Pizzato Concentus 2005";"Pizzato Concentus";"2005";"435";"0.75";"580";"RÃ¸dvin";"Glass";"13.5";"4.296296"
"Vinmonopolet";"9406501";"Casa Valduga Brut 2009";"Casa Valduga Brut";"2009";"179";"0.75";"238.67";"Sparkling wine";"Glass";"13";"1.8358974"
"Vinmonopolet";"9406601";"Casa Valduga Moscatel 2011";"Casa Valduga Moscatel";"2011";"140";"0.75";"186.67";"Sparkling wine";"Glass";"7.5";"2.488889"
"Vinmonopolet";"9406701";"Casa Valduga Premium Cabernet Franc 2014";"Casa Valduga Premium Cabernet Franc";"2014";"256";"0.75";"341.33";"RÃ¸dvin";"Glass";"13";"2.625641"
"Vinmonopolet";"9406801";"Casa Valduga Villa Lobos Cabernet Sauvignon 2015";"Casa Valduga Villa Lobos Cabernet Sauvignon";"2015";"379.9";"0.75";"506.53";"RÃ¸dvin";"Glass";"14";"3.6180952"
"Vinmonopolet";"9407404";"Bitter Truth Orange Bitters";"Bitter Truth Orange Bitters";"0";"234.9";"0.2";"1174.5";"Bitter	";"Glass";"39";"3.0115383"
"Vinmonopolet";"9407601";"Finca Constancia Entre Lunas Tempranillo 2013";"Finca Constancia Entre Lunas Tempranillo";"2013";"149.9";"0.75";"199.87";"RÃ¸dvin";"Glass";"14";"1.427619"
"Vinmonopolet";"9408001";"Marco de Bartoli Grappoli del Grillo 2017";"Marco de Bartoli Grappoli del Grillo";"2017";"315";"0.75";"420";"White wine";"Glass";"12";"3.5"
"Vinmonopolet";"9409001";"Calle Fegth Ãstricher Lenchen Riesling Auslese 2011";"Calle Fegth Ãstricher Lenchen Riesling Auslese";"2011";"279.9";"0.75";"373.2";"White wine";"Glass";"7.5";"4.976"
"Vinmonopolet";"9409206";"Arne Brimi Hytte, Grill & Turvin 2010";"Arne Brimi Hytte, Grill & Turvin";"2010";"389.9";"2";"194.95";"RÃ¸dvin";"Bag-in-box";"14";"1.3924999"
"Vinmonopolet";"9409301";"La Chablisienne Ch. Grenouilles Chablis Grand Cru 2013";"La Chablisienne Ch. Grenouilles Chablis Grand Cru";"2013";"619";"0.75";"825.33";"White wine";"Glass";"13";"6.348718"
"Vinmonopolet";"9409401";"Saracco Pinot Nero 2017";"Saracco Pinot Nero";"2017";"329.9";"0.75";"439.87";"RÃ¸dvin";"Glass";"14";"3.1419046"
"Vinmonopolet";"9410702";"Jean Fillioux Grande Champagne Vintage 1953";"Jean Fillioux Grande Champagne Vintage";"1953";"3250";"0.35";"9285.71";"Grape spirit";"Glass";"42";"22.108845"
"Vinmonopolet";"9413602";"Schneider Weisse Tap 5 Meine Hopfenweisse";"Schneider Weisse Tap 5 Meine Hopfenweisse";"0";"65.9";"0.5";"131.8";"HveteÃ¸l";"Glass";"8.2";"1.6073171"
"Vinmonopolet";"9419601";"Casa Gran del Siurana GR-174 2018";"Casa Gran del Siurana GR-174";"2018";"239.9";"0.75";"319.87";"RÃ¸dvin";"Glass";"14.5";"2.205977"
"Vinmonopolet";"9419701";"Cune Gran Reserva 2012";"Cune Gran Reserva";"2012";"239.9";"0.75";"319.87";"RÃ¸dvin";"Glass";"13.5";"2.3693826"
"Vinmonopolet";"9419705";"Cune Gran Reserva 2009";"Cune Gran Reserva";"2009";"519.9";"1.5";"346.6";"RÃ¸dvin";"Glass";"13.5";"2.5674076"
"Vinmonopolet";"9419801";"Finca Montepedroso 2017";"Finca Montepedroso";"2017";"199.9";"0.75";"266.53";"White wine";"Glass";"12.5";"2.1322665"
"Vinmonopolet";"9420501";"Peter Lehmann Margaret Barossa Semillon 2010";"Peter Lehmann Margaret Barossa Semillon";"2010";"219.9";"0.75";"293.2";"White wine";"Glass";"10.5";"2.7923808"
"Vinmonopolet";"9421301";"Hennessy Paradis Imperial";"Hennessy Paradis Imperial";"0";"23000";"0.7";"32857.14";"Grape spirit";"Glass";"40";"82.14286"
"Vinmonopolet";"9422101";"Charles Smith Kung Fu Girl Riesling 2018";"Charles Smith Kung Fu Girl Riesling";"2018";"174.9";"0.75";"233.2";"White wine";"Glass";"12";"1.9433333"
"Vinmonopolet";"9422201";"Charles Smith Eve Chardonnay 2017";"Charles Smith Eve Chardonnay";"2017";"174.9";"0.75";"233.2";"White wine";"Glass";"13.5";"1.7274073"
"Vinmonopolet";"9422301";"Charles Smith Boom Boom Syrah 2017";"Charles Smith Boom Boom Syrah";"2017";"209.9";"0.75";"279.87";"RÃ¸dvin";"Glass";"14.5";"1.9301149"
"Vinmonopolet";"9422401";"Charles Smith Chateau Smith Cabernet Sauvignon 2016";"Charles Smith Chateau Smith Cabernet Sauvignon";"2016";"234.9";"0.75";"313.2";"RÃ¸dvin";"Glass";"14.5";"2.1599998"
"Vinmonopolet";"9422501";"Charles Smith Velvet Devil Merlot 2016";"Charles Smith Velvet Devil Merlot";"2016";"174.9";"0.75";"233.2";"RÃ¸dvin";"Glass";"13.5";"1.7274073"
"Vinmonopolet";"9424201";"Casal Garcia Tinto";"Casal Garcia Tinto";"2018";"124.9";"0.75";"166.53";"RÃ¸dvin";"Glass";"12.5";"1.3322667"
"Vinmonopolet";"9424701";"Eric Texier CÃ´te-RÃ´tie Vielles Vignes 2016";"Eric Texier CÃ´te-RÃ´tie Vielles Vignes";"2016";"699.9";"0.75";"933.2";"RÃ¸dvin";"Glass";"12.5";"7.4656005"
"Vinmonopolet";"9424901";"Occhipinti Grotte Alte 2014";"Occhipinti Grotte Alte";"2014";"569.9";"0.75";"759.87";"RÃ¸dvin";"Glass";"13";"5.8451285"
"Vinmonopolet";"9425701";"Dom. Marcoux Chateauneuf-du-Pape 2013";"Dom. Marcoux Chateauneuf-du-Pape";"2013";"499.8";"0.75";"666.4";"RÃ¸dvin";"Glass";"14";"4.7599998"
"Vinmonopolet";"9428105";"Bolla Amarone della Valpolicella 2012";"Bolla Amarone della Valpolicella";"2012";"999.9";"1.5";"666.6";"RÃ¸dvin";"Glass";"16";"4.16625"
"Vinmonopolet";"9428601";"Andrea Felici Cantico della Figuria 2016";"Andrea Felici Cantico della Figuria";"2016";"449";"0.75";"598.67";"White wine";"Glass";"13.5";"4.434568"
"Vinmonopolet";"9428701";"Felici Verdiccio dei Castello di Jesi 2016";"Felici Verdiccio dei Castello di Jesi";"2016";"249";"0.75";"332";"White wine";"Glass";"13";"2.5538461"
"Vinmonopolet";"9428801";"Freixenet Elyssia Gran CuvÃ©e Brut";"Freixenet Elyssia Gran CuvÃ©e Brut";"0";"219.9";"0.75";"293.2";"Sparkling wine";"Glass";"12";"2.4433331"
"Vinmonopolet";"9432802";"Spirit of Hven Organic Aquavit";"Spirit of Hven Organic Aquavit";"0";"584";"0.5";"1168";"Aquavit";"Glass";"40";"2.92"
"Vinmonopolet";"9432902";"SnÃ¤llerÃ¶ds BrÃ¤nnmÃ¤starens Akvavit";"SnÃ¤llerÃ¶ds BrÃ¤nnmÃ¤starens Akvavit";"0";"239.9";"0.5";"479.8";"Aquavit";"Glass";"40";"1.1995"
"Vinmonopolet";"9433201";"Bod. Aalto PS 2016";"Bod. Aalto PS";"2016";"899.9";"0.75";"1199.87";"RÃ¸dvin";"Glass";"15";"7.999111"
"Vinmonopolet";"9434201";"Pieropan Ruberpan Valpolicella Classico Superiore 2016";"Pieropan Ruberpan Valpolicella Classico Superiore";"2016";"279.9";"0.75";"373.2";"RÃ¸dvin";"Glass";"13.5";"2.7644444"
"Vinmonopolet";"9439001";"Natale Verga Barolo 2013";"Natale Verga Barolo";"2013";"289";"0.75";"385.33";"RÃ¸dvin";"Glass";"14.5";"2.6574712"
"Vinmonopolet";"9439005";"Natale Verga Barolo 2013";"Natale Verga Barolo";"2013";"569";"1.5";"379.33";"RÃ¸dvin";"Glass";"14.5";"2.616092"
"Vinmonopolet";"9440501";"Albino Armani Ripasso 2013";"Albino Armani Ripasso";"2013";"199.9";"0.75";"266.53";"RÃ¸dvin";"Glass";"13.5";"1.9743209"
"Vinmonopolet";"9440601";"Farfalla Bianco Frizzante";"Farfalla Bianco Frizzante";"0";"114.9";"0.75";"153.2";"Sparkling white wine";"Glass";"9.5";"1.6126316"
"Vinmonopolet";"9440602";"Farfalla Bianco Frizzante";"Farfalla Bianco Frizzante";"0";"64.9";"0.38";"173.07";"Sparkling white wine";"Glass";"9.5";"1.797784"
"Vinmonopolet";"9440701";"Farfalla Rosato Frizzante";"Farfalla Rosato Frizzante";"0";"114.9";"0.75";"153.2";"Perlende vin, rosÃ©";"Glass";"9.5";"1.6126316"
"Vinmonopolet";"9440702";"Farfalla Rosato Frizzante";"Farfalla Rosato Frizzante";"0";"64.9";"0.38";"173.07";"Perlende vin, rosÃ©";"Glass";"9.5";"1.797784"
"Vinmonopolet";"9444707";"Gammel Dansk";"Gammel Dansk";"0";"1639.9";"3";"546.63";"Bitter	";"Glass";"38";"1.4385087"
"Vinmonopolet";"9445501";"Ouzo Sans Rival";"Ouzo Sans Rival";"0";"384.9";"0.7";"549.86";"Other spirit";"Glass";"40";"1.3746428"
"Vinmonopolet";"9445601";"Dom. Bergon Les Petits Grains 2013";"Dom. Bergon Les Petits Grains";"2013";"159.9";"0.75";"213.2";"RÃ¸dvin";"Glass";"12.5";"1.7055999"
"Vinmonopolet";"9445901";"Dom. Chaume-Arnaud CÃ´tes du RhÃ´ne 2017";"Dom. Chaume-Arnaud CÃ´tes du RhÃ´ne";"2017";"199.9";"0.75";"266.53";"RÃ¸dvin";"Glass";"14";"1.9038094"
"Vinmonopolet";"9447501";"Casal Garcia Sparkling";"Casal Garcia Sparkling";"0";"105.9";"0.75";"141.2";"Sparkling wine";"Glass";"11.5";"1.2278261"
"Vinmonopolet";"9447701";"Ruffino Modus 2016";"Ruffino Modus";"2016";"359.9";"0.75";"479.87";"RÃ¸dvin";"Glass";"14.5";"3.309425"
"Vinmonopolet";"9447901";"Bacardi Spiced";"Bacardi Spiced";"0";"319.9";"0.7";"457";"Other spirit";"Glass";"35";"1.3057142"
"Vinmonopolet";"9448701";"Zinck Pinot Blanc 2016";"Zinck Pinot Blanc";"2016";"174.9";"0.75";"233.2";"White wine";"Glass";"12.5";"1.8656"
"Vinmonopolet";"9448801";"Zinck Riesling 2016";"Zinck Riesling";"2016";"184.9";"0.75";"246.53";"White wine";"Glass";"12.5";"1.9722666"
"Vinmonopolet";"9448901";"Zinck Riesling Grand Cru Goldert 2015";"Zinck Riesling Grand Cru Goldert";"2015";"324.9";"0.75";"433.2";"White wine";"Glass";"13.5";"3.2088888"
"Vinmonopolet";"9449001";"Zinck CrÃ©mant d'Alsace Brut";"Zinck CrÃ©mant d'Alsace Brut";"0";"199.9";"0.75";"266.53";"Sparkling wine";"Glass";"12";"2.221111"
"Vinmonopolet";"9449101";"Zinck CrÃ©mant d'Alsace Brut RosÃ©";"Zinck CrÃ©mant d'Alsace Brut RosÃ©";"0";"199.9";"0.75";"266.53";"Musserende vin, rosÃ©";"Glass";"12.5";"2.1322665"
"Vinmonopolet";"9453901";"Sette Ponti Vigna di Pallino Chianti 2016";"Sette Ponti Vigna di Pallino Chianti";"2016";"209";"0.75";"278.67";"RÃ¸dvin";"Glass";"14";"1.9904761"
"Vinmonopolet";"9456001";"Negrita Spiced Gold";"Negrita Spiced Gold";"0";"299.9";"0.7";"428.43";"Other spirit";"Glass";"35";"1.2240816"
"Vinmonopolet";"9456501";"Plantation 20th Anniversary X.O.";"Plantation 20th Anniversary X.O.";"0";"639.9";"0.7";"914.14";"Rum";"Glass";"40";"2.2853572"
"Vinmonopolet";"9457401";"Cecilia Beretta Valdobbiadene Prosecco Superiore Brut 2018";"Cecilia Beretta Valdobbiadene Prosecco Superiore Brut";"2018";"159.9";"0.75";"213.2";"Sparkling wine";"Glass";"11";"1.9381818"
"Vinmonopolet";"9457701";"Simonnet-Febvre CrÃ©mant de Bourgogne Brut";"Simonnet-Febvre CrÃ©mant de Bourgogne Brut";"0";"189.9";"0.75";"253.2";"Sparkling wine";"Glass";"12";"2.11"
"Vinmonopolet";"9458901";"Bruno Giacosa Spumante Extra Brut 2015";"Bruno Giacosa Spumante Extra Brut";"2015";"395";"0.75";"526.67";"Sparkling wine";"Glass";"13.5";"3.9012346"
"Vinmonopolet";"9458905";"Bruno Giacosa Spumante Extra Brut 2011";"Bruno Giacosa Spumante Extra Brut";"2011";"825";"1.5";"550";"Sparkling wine";"Glass";"13.5";"4.0740743"
"Vinmonopolet";"9459801";"Roche De Bellene Bourgogne Pinot Noir Vieilles Vignes 2018";"Roche De Bellene Bourgogne Pinot Noir Vieilles Vignes";"2018";"199.9";"0.75";"266.53";"RÃ¸dvin";"Glass";"12.5";"2.1322665"
"Vinmonopolet";"9459901";"Roche De Bellene Bourgogne Chard. 2018";"Roche De Bellene Bourgogne Chard.";"2018";"199.9";"0.75";"266.53";"White wine";"Glass";"12.5";"2.1322665"
"Vinmonopolet";"9460401";"Schloss Lieser Niederberg Helden Riesling Auslese Erste Lage 2016";"Schloss Lieser Niederberg Helden Riesling Auslese Erste Lage";"2016";"314.9";"0.75";"419.87";"White wine";"Glass";"7";"5.998095"
"Vinmonopolet";"9461001";"Tissot BBF";"Tissot BBF";"2019";"379.9";"0.75";"506.53";"Sparkling wine";"Glass";"12.5";"4.0522666"
"Vinmonopolet";"9462701";"Bisol Crede Valdobbiadene Prosecco Superiore Brut";"Bisol Crede Valdobbiadene Prosecco Superiore Brut";"2017";"229.9";"0.75";"306.53";"Sparkling wine";"Glass";"11.5";"2.665507"
"Vinmonopolet";"9464901";"Niepoort Batuta 2016";"Niepoort Batuta";"2016";"649.9";"0.75";"866.53";"RÃ¸dvin";"Glass";"12";"7.2211113"
"Vinmonopolet";"9465502";"Oremus Tokaji Aszu 6 Puttonyos 2006";"Oremus Tokaji Aszu 6 Puttonyos";"2006";"799.9";"0.5";"1599.8";"White wine";"Glass";"10";"15.998"
"Vinmonopolet";"9468302";"Ch. de Montifaud V.S.O.P.";"Ch. de Montifaud V.S.O.P.";"0";"379";"0.5";"758";"Grape spirit";"Glass";"40";"1.895"
"Vinmonopolet";"9468406";"Lupi Reali Montepulciano d'Abruzzo 2018";"Lupi Reali Montepulciano d'Abruzzo";"2018";"429.9";"3";"143.3";"RÃ¸dvin";"Bag-in-box";"12";"1.1941667"
"Vinmonopolet";"9468701";"MarquÃ©s de ChivÃ© Brut 2010";"MarquÃ©s de ChivÃ© Brut";"2010";"149.7";"0.75";"199.6";"Sparkling wine";"Glass";"11.5";"1.7356521"
"Vinmonopolet";"9469001";"Duplessis Chablis Premier Cru Vaillon 2017";"Duplessis Chablis Premier Cru Vaillon";"2017";"409.9";"0.75";"546.53";"White wine";"Glass";"13";"4.2041025"
"Vinmonopolet";"9469101";"GÃ©rard Duplessis Chablis Premier Cru MontÃ©e de Tonnerre 2017";"GÃ©rard Duplessis Chablis Premier Cru MontÃ©e de Tonnerre";"2017";"419.9";"0.75";"559.87";"White wine";"Glass";"13";"4.3066664"
"Vinmonopolet";"9469205";"Leitz RÃ¼desheimer Berg Kaisersteinfels Riesling Terrassen 2012";"Leitz RÃ¼desheimer Berg Kaisersteinfels Riesling Terrassen";"2012";"750";"1.5";"500";"White wine";"Glass";"12";"4.1666665"
"Vinmonopolet";"9469305";"Leitz RÃ¼desheimer Berg Rottland Riesling Trocken 2012";"Leitz RÃ¼desheimer Berg Rottland Riesling Trocken";"2012";"750";"1.5";"500";"White wine";"Glass";"12.5";"4"
"Vinmonopolet";"9469405";"Leitz RÃ¼desheimer Berg Schlossberg Ehrenfels Riesling Trocken 2012";"Leitz RÃ¼desheimer Berg Schlossberg Ehrenfels Riesling Trocken";"2012";"750";"1.5";"500";"White wine";"Glass";"12.5";"4"
"Vinmonopolet";"9470801";"Dom. du Pavillon Beaune Premier Cru Clos des Mouches 2016";"Dom. du Pavillon Beaune Premier Cru Clos des Mouches";"2016";"999.9";"0.75";"1333.2";"White wine";"Glass";"13";"10.255384"
"Vinmonopolet";"9474802";"Royal Tokaji Gold Label Aszu 6 Puttonyos 2016";"Royal Tokaji Gold Label Aszu 6 Puttonyos";"2016";"599.9";"0.5";"1199.8";"White wine";"Glass";"10.5";"11.426667"
"Vinmonopolet";"9476402";"Karl Erbes Ãrziger WÃ¼rzgarten Riesling Eiswein 2016";"Karl Erbes Ãrziger WÃ¼rzgarten Riesling Eiswein";"2016";"525.2";"0.38";"1400.53";"White wine";"Glass";"5.5";"25.129187"
"Vinmonopolet";"9476701";"Ch. des Joualles 2015";"Ch. des Joualles";"2015";"185";"0.75";"246.67";"RÃ¸dvin";"Glass";"14.5";"1.7011495"
"Vinmonopolet";"9476802";"Delorme CrÃ©mant de Bourgogne Brut";"Delorme CrÃ©mant de Bourgogne Brut";"2018";"125";"0.38";"333.33";"Sparkling wine";"Glass";"12";"2.741228"
"Vinmonopolet";"9476805";"Delorme CrÃ©mant de Bourgogne Brut 2018";"Delorme CrÃ©mant de Bourgogne Brut";"2018";"399.9";"1.5";"266.6";"Sparkling wine";"Glass";"12";"2.2216666"
"Vinmonopolet";"9476905";"Delorme CrÃ©mant de Bourgogne RosÃ©";"Delorme CrÃ©mant de Bourgogne RosÃ©";"0";"359.8";"1.5";"239.87";"Musserende vin, rosÃ©";"Glass";"12";"1.9988889"
"Vinmonopolet";"9477001";"Pocas LBV 2009";"Pocas LBV";"2009";"189.9";"0.75";"253.2";"Port wine";"Glass";"20";"1.2659999"
"Vinmonopolet";"9477901";"Greywacke Wild Sauvignon 2017";"Greywacke Wild Sauvignon";"2017";"269.9";"0.75";"359.87";"White wine";"Glass";"13.5";"2.665679"
"Vinmonopolet";"9478101";"Greywacke Chardonnay 2016";"Greywacke Chardonnay";"2016";"329.9";"0.75";"439.87";"White wine";"Glass";"14";"3.1419046"
"Vinmonopolet";"9478206";"Mas de Mas 2016";"Mas de Mas";"2016";"439.9";"3";"146.63";"RÃ¸dvin";"Bag-in-box";"13";"1.1279488"
"Vinmonopolet";"9478801";"Texier BrÃ©zÃ¨me Vielle Serine Dom. de Pergault 2014";"Texier BrÃ©zÃ¨me Vielle Serine Dom. de Pergault";"2014";"379.9";"0.75";"506.53";"RÃ¸dvin";"Glass";"12.5";"4.0522666"
"Vinmonopolet";"9479001";"Eric Texier Domaine de Pergaud St-Julien en St-Alban Vieille Serine 2014";"Eric Texier Domaine de Pergaud St-Julien en St-Alban Vieille Serine";"2014";"379.9";"0.75";"506.53";"RÃ¸dvin";"Glass";"12.5";"4.0522666"
"Vinmonopolet";"9480302";"Ice Tropez 2017";"Ice Tropez";"2017";"55.8";"0.28";"202.91";"Flavoured wine	";"Glass";"6.5";"3.065934"
"Vinmonopolet";"9481801";"Travaglini Gattinara Riserva 2013";"Travaglini Gattinara Riserva";"2013";"429.9";"0.75";"573.2";"RÃ¸dvin";"Glass";"13.5";"4.245926"
"Vinmonopolet";"9483605";"Dom. Vacheron Sancerre 2018";"Dom. Vacheron Sancerre";"2018";"649.9";"1.5";"433.27";"White wine";"Glass";"14";"3.094762"
"Vinmonopolet";"9483702";"Brooklyn Black Chocolate Stout";"Brooklyn Black Chocolate Stout";"0";"59.9";"0.35";"168.73";"Porter and stout";"Glass";"10";"1.7114286"
"Vinmonopolet";"9484801";"Lunae Colli di Luni Vermentino 2017";"Lunae Colli di Luni Vermentino";"2017";"189.6";"0.75";"252.8";"White wine";"Glass";"12.5";"2.0224001"
"Vinmonopolet";"9485301";"Montezovo Valpolicella Ripasso Superiore 2015";"Montezovo Valpolicella Ripasso Superiore";"2015";"219.9";"0.75";"293.2";"RÃ¸dvin";"Glass";"14.5";"2.022069"
"Vinmonopolet";"9485401";"Monte Zovo Valpolicella 2017";"Monte Zovo Valpolicella";"2017";"189.9";"0.75";"253.2";"RÃ¸dvin";"Glass";"13.5";"1.8755555"
"Vinmonopolet";"9488402";"Brouwerij de Molen Hel & Verdoemenis";"Brouwerij de Molen Hel & Verdoemenis";"0";"69.9";"0.33";"211.82";"Porter and stout";"Glass";"10";"2.1181817"
"Vinmonopolet";"9489501";"L'Arco Amarone della Valpolicella Classico 2015";"L'Arco Amarone della Valpolicella Classico";"2015";"520";"0.75";"693.33";"RÃ¸dvin";"Glass";"16";"4.3333335"
"Vinmonopolet";"9489901";"La Jara Zeroassoluto Spumante Extra Brut";"La Jara Zeroassoluto Spumante Extra Brut";"0";"149.9";"0.75";"199.87";"Sparkling wine";"Glass";"11.5";"1.737971"
"Vinmonopolet";"9490101";"La Jara Pinot Grigio RosÃ© Brut 2015";"La Jara Pinot Grigio RosÃ© Brut";"2015";"149.9";"0.75";"199.87";"Musserende vin, rosÃ©";"Glass";"11.5";"1.737971"
"Vinmonopolet";"9494305";"Weinert Malbec 2010";"Weinert Malbec";"2010";"419.9";"1.5";"279.93";"RÃ¸dvin";"Glass";"14.5";"1.9305747"
"Vinmonopolet";"9494401";"Cavas de Weinert Gran Vino 2009";"Cavas de Weinert Gran Vino";"2009";"289.9";"0.75";"386.53";"RÃ¸dvin";"Glass";"14.3";"2.70303"
"Vinmonopolet";"9497501";"Jean Fillioux Star Gourmet Grande Champagne";"Jean Fillioux Star Gourmet Grande Champagne";"0";"799.2";"0.7";"1141.71";"Grape spirit";"Glass";"40";"2.8542857"
"Vinmonopolet";"9497601";"Dupont Pays d'Auge Plus de 30 ans";"Dupont Pays d'Auge Plus de 30 ans";"0";"1414.5";"0.7";"2020.71";"Fruit spirit";"Glass";"41";"4.9285717"
"Vinmonopolet";"9498201";"Ragnaud-Sabourin No.25 Grande Champagne X.O.";"Ragnaud-Sabourin No.25 Grande Champagne X.O.";"0";"1299";"0.7";"1855.71";"Grape spirit";"Glass";"40";"4.6392856"
"Vinmonopolet";"9500401";"Delamain Vesper Grande Champagne";"Delamain Vesper Grande Champagne";"0";"1120.1";"0.7";"1600.14";"Grape spirit";"Glass";"40";"4.000357"
"Vinmonopolet";"9500501";"Gulfi Nero d'Avola Rossojbleo 2015";"Gulfi Nero d'Avola Rossojbleo";"2015";"199.9";"0.75";"266.53";"RÃ¸dvin";"Glass";"13.5";"1.9743209"
"Vinmonopolet";"9500601";"Gulfi Carjcanti 2012";"Gulfi Carjcanti";"2012";"282";"0.75";"376";"White wine";"Glass";"12.5";"3.008"
"Vinmonopolet";"9500701";"Gulfi Cerasuolo di Vittoria 2012";"Gulfi Cerasuolo di Vittoria";"2012";"222.8";"0.75";"297.07";"RÃ¸dvin";"Glass";"13";"2.2851284"
"Vinmonopolet";"9500801";"Nervi Gattinara 2015";"Nervi Gattinara";"2015";"409.9";"0.75";"546.53";"RÃ¸dvin";"Glass";"13.5";"4.048395"
"Vinmonopolet";"9501301";"Patrice Rion CÃ´te de Nuits-Villages 2014";"Patrice Rion CÃ´te de Nuits-Villages";"2014";"304.8";"0.75";"406.4";"RÃ¸dvin";"Glass";"13";"3.1261537"
"Vinmonopolet";"9503306";"Cocoon Zinfandel Grand Reserve 2018";"Cocoon Zinfandel Grand Reserve";"2018";"469.9";"3";"156.63";"RÃ¸dvin";"Bag-in-box";"13.5";"1.1602468"
"Vinmonopolet";"9503406";"La Prua Corvina Veneto Appasimento 2013";"La Prua Corvina Veneto Appasimento";"2013";"469.9";"3";"156.63";"RÃ¸dvin";"Bag-in-box";"13.5";"1.1602468"
"Vinmonopolet";"9504001";"Navarre Ribeyrenc 2015";"Navarre Ribeyrenc";"2015";"229";"0.75";"305.33";"RÃ¸dvin";"Glass";"11";"2.7757576"
"Vinmonopolet";"9504101";"Dom. Navarre d'Oeillades 2018";"Dom. Navarre d'Oeillades";"2018";"212";"0.75";"282.67";"RÃ¸dvin";"Glass";"11.5";"2.457971"
"Vinmonopolet";"9504201";"Dom. Navarre Le Laouzil 2017";"Dom. Navarre Le Laouzil";"2017";"219";"0.75";"292";"RÃ¸dvin";"Glass";"13.5";"2.162963"
"Vinmonopolet";"9504301";"Navarre Olivier 2017";"Navarre Olivier";"2017";"259";"0.75";"345.33";"RÃ¸dvin";"Glass";"13.5";"2.5580246"
"Vinmonopolet";"9505001";"Zilliken Rausch Erste Lage Riesling SpÃ¤tlese 2016";"Zilliken Rausch Erste Lage Riesling SpÃ¤tlese";"2016";"339.9";"0.75";"453.2";"White wine";"Glass";"7.5";"6.0426664"
"Vinmonopolet";"9511905";"Ch. Brun 2014";"Ch. Brun";"2014";"499.9";"1.5";"333.27";"RÃ¸dvin";"Glass";"13";"2.5635898"
"Vinmonopolet";"9512205";"Giacosa Fratelli Barbera d'Alba Bussie 2018";"Giacosa Fratelli Barbera d'Alba Bussie";"2018";"349.9";"1.5";"233.27";"RÃ¸dvin";"Glass";"14";"1.6661905"
"Vinmonopolet";"9512505";"Imperial Gran Reserva 2010";"Imperial Gran Reserva";"2010";"1100";"1.5";"733.33";"RÃ¸dvin";"Glass";"14";"5.2380953"
"Vinmonopolet";"9512605";"Contino Gran Reserva 2009";"Contino Gran Reserva";"2009";"1200";"1.5";"800";"RÃ¸dvin";"Glass";"14";"5.714286"
"Vinmonopolet";"9515902";"Skitt Fiske Aquavit";"Skitt Fiske Aquavit";"0";"282.2";"0.5";"564.4";"Aquavit";"Glass";"38";"1.4852632"
"Vinmonopolet";"9517701";"Recaredo Terrers Gran Reserva Brut Nature 2015";"Recaredo Terrers Gran Reserva Brut Nature";"2015";"309.9";"0.75";"413.2";"Sparkling wine";"Glass";"12";"3.4433331"
"Vinmonopolet";"9519405";"Markus Molitor Riesling Trocken 2015";"Markus Molitor Riesling Trocken";"2015";"344";"1.5";"229.33";"White wine";"Glass";"11.5";"1.9942029"
"Vinmonopolet";"9520101";"Chaume-Arnaud Vinsobres 2015";"Chaume-Arnaud Vinsobres";"2015";"224.9";"0.75";"299.87";"RÃ¸dvin";"Glass";"14.5";"2.0680459"
"Vinmonopolet";"9520801";"Kinn Julefred 2019";"Kinn Julefred";"2019";"112.1";"0.75";"149.47";"Scotch ale";"Glass";"7";"2.1352382"
"Vinmonopolet";"9521401";"Catena Alta Chardonnay 2018";"Catena Alta Chardonnay";"2018";"285";"0.75";"380";"White wine";"Glass";"13.5";"2.8148148"
"Vinmonopolet";"9521701";"Antica Enotria Nero di Troia 2015";"Antica Enotria Nero di Troia";"2015";"219";"0.75";"292";"RÃ¸dvin";"Glass";"13.5";"2.162963"
"Vinmonopolet";"9522101";"Matetic EQ Syrah 2011";"Matetic EQ Syrah";"2011";"199.2";"0.75";"265.6";"RÃ¸dvin";"Glass";"14";"1.8971429"
"Vinmonopolet";"9522201";"Matetic Corralillo Sauvignon Blanc 2016";"Matetic Corralillo Sauvignon Blanc";"2016";"179";"0.75";"238.67";"White wine";"Glass";"13.5";"1.7679012"
"Vinmonopolet";"9523601";"COS Cerasuolo di Vittoria Classico 2016";"COS Cerasuolo di Vittoria Classico";"2016";"299.9";"0.75";"399.87";"RÃ¸dvin";"Glass";"13";"3.0758975"
"Vinmonopolet";"9523605";"COS Cerasuolo di Vittoria 2014";"COS Cerasuolo di Vittoria";"2014";"659.9";"1.5";"439.93";"RÃ¸dvin";"Glass";"13";"3.3841026"
"Vinmonopolet";"9523701";"Castell'in Villa Chianti Classico Riserva 2008";"Castell'in Villa Chianti Classico Riserva";"2008";"599.9";"0.75";"799.87";"RÃ¸dvin";"Glass";"13.5";"5.9249387"
"Vinmonopolet";"9523901";"Springfield Estate The Work of Time 2011";"Springfield Estate The Work of Time";"2011";"325";"0.75";"433.33";"RÃ¸dvin";"Glass";"14.5";"2.9885058"
"Vinmonopolet";"9524001";"Il Paradiso di Manfredi Rosso di Montalcino 2009";"Il Paradiso di Manfredi Rosso di Montalcino";"2009";"389.9";"0.75";"519.87";"RÃ¸dvin";"Glass";"13.5";"3.8508642"
"Vinmonopolet";"9524105";"Camillo Donati Malvasia 2017";"Camillo Donati Malvasia";"2017";"595.9";"1.5";"397.27";"Sparkling white wine";"Glass";"14.5";"2.7397702"
"Vinmonopolet";"9524405";"Carussin Lia Vi Barbera d'Asti 2016";"Carussin Lia Vi Barbera d'Asti";"2016";"449.9";"1.5";"299.93";"RÃ¸dvin";"Glass";"13";"2.3071795"
"Vinmonopolet";"9524805";"Allram Hasel Alte Reben GrÃ¼ner Veltliner 2018";"Allram Hasel Alte Reben GrÃ¼ner Veltliner";"2018";"365";"1.5";"243.33";"White wine";"Glass";"13";"1.8717948"
"Vinmonopolet";"9525101";"Crystal Head";"Crystal Head";"0";"639";"0.7";"912.86";"Vodka";"Glass";"40";"2.2821429"
"Vinmonopolet";"9525103";"Crystal Head";"Crystal Head";"0";"87";"0.05";"1740";"Vodka";"Glass";"40";"4.35"
"Vinmonopolet";"9525202";"Larsen Very Special Vikings'";"Larsen Very Special Vikings'";"0";"299.9";"0.5";"599.8";"Grape spirit";"Plast";"40";"1.4994999"
"Vinmonopolet";"9525301";"Hot n'Sweet";"Hot n'Sweet";"0";"484.9";"1";"484.9";"LikÃ¸r";"Glass";"32";"1.5153124"
"Vinmonopolet";"9525901";"Torre d'Orti Rosso 2017";"Torre d'Orti Rosso";"2017";"219.9";"0.75";"293.2";"RÃ¸dvin";"Glass";"14.5";"2.022069"
"Vinmonopolet";"9526001";"Toscolo Chianti 2015";"Toscolo Chianti";"2015";"129.6";"0.75";"172.8";"RÃ¸dvin";"Glass";"12.5";"1.3824"
"Vinmonopolet";"9528305";"Marques de Riscal Reserva 2015";"Marques de Riscal Reserva";"2015";"419.9";"1.5";"279.93";"RÃ¸dvin";"Glass";"14";"1.9995238"
"Vinmonopolet";"9531501";"Casillero del Diablo Chardonnay 2018";"Casillero del Diablo Chardonnay";"2018";"112.9";"0.75";"150.53";"White wine";"Glass";"12.5";"1.2042667"
"Vinmonopolet";"9531502";"Casillero del Diablo Chardonnay 2018";"Casillero del Diablo Chardonnay";"2018";"64.9";"0.38";"173.07";"White wine";"Glass";"13.5";"1.2651073"
"Vinmonopolet";"9533501";"Newton Johnson Chardonnay 2018";"Newton Johnson Chardonnay";"2018";"309.9";"0.75";"413.2";"White wine";"Glass";"13";"3.1784616"
"Vinmonopolet";"9533801";"Dom. Vrignaud Chablis";"Dom. Vrignaud Chablis";"0";"268.3";"0.75";"357.73";"White wine";"Glass";"12.5";"2.8618665"
"Vinmonopolet";"9533901";"Dom. Vrignaud Chablis 1er Cru Fourchaume 2015";"Dom. Vrignaud Chablis 1er Cru Fourchaume";"2015";"339.5";"0.75";"452.67";"White wine";"Glass";"13";"3.4820514"
"Vinmonopolet";"9534001";"Dom. Vrignaud Petit Chablis";"Dom. Vrignaud Petit Chablis";"0";"229.5";"0.75";"306";"White wine";"Glass";"12.5";"2.448"
"Vinmonopolet";"9538901";"Mazzei Ten. Belguardo 2015";"Mazzei Ten. Belguardo";"2015";"424.9";"0.75";"566.53";"RÃ¸dvin";"Glass";"14.5";"3.9071264"
"Vinmonopolet";"9542801";"Castellare di Castellina Chianti Classico Riserva 2015";"Castellare di Castellina Chianti Classico Riserva";"2015";"329.1";"0.75";"438.8";"RÃ¸dvin";"Glass";"13.5";"3.2503705"
"Vinmonopolet";"9548307";"Roberto Cavalli Vodka";"Roberto Cavalli Vodka";"0";"2666.2";"3";"888.73";"Vodka";"Glass";"40";"2.2218332"
"Vinmonopolet";"9548501";"Roberto Cavalli Vodka";"Roberto Cavalli Vodka";"0";"499.3";"0.7";"713.29";"Vodka";"Glass";"40";"1.7832143"
"Vinmonopolet";"9548605";"Roberto Cavalli Vodka";"Roberto Cavalli Vodka";"0";"1303.7";"1.5";"869.13";"Vodka";"Glass";"40";"2.1728332"
"Vinmonopolet";"9549005";"Ch. Mercier Cuvee Prestige 2012";"Ch. Mercier Cuvee Prestige";"2012";"465";"1.5";"310";"RÃ¸dvin";"Glass";"13.5";"2.2962964"
"Vinmonopolet";"9561202";"Haandbryggeriet Fyr og Flamme IPA";"Haandbryggeriet Fyr og Flamme IPA";"0";"75.2";"0.5";"150.4";"India pale ale";"Glass";"6.5";"2.313846"
"Vinmonopolet";"9562101";"Dom. Antonin Guyon Volnay 1er Cru Clos des ChÃªnes 2015";"Dom. Antonin Guyon Volnay 1er Cru Clos des ChÃªnes";"2015";"639.9";"0.75";"853.2";"RÃ¸dvin";"Glass";"13";"6.563077"
"Vinmonopolet";"9562201";"Dom. Antonin Guyon Corton Bressandes Grand Cru 2015";"Dom. Antonin Guyon Corton Bressandes Grand Cru";"2015";"799.9";"0.75";"1066.53";"RÃ¸dvin";"Glass";"13";"8.2041025"
"Vinmonopolet";"9562301";"Dom. Antonin Guyon Corton Clos du Roy Grand Cru 2016";"Dom. Antonin Guyon Corton Clos du Roy Grand Cru";"2016";"829.9";"0.75";"1106.53";"RÃ¸dvin";"Glass";"13.5";"8.196544"
"Vinmonopolet";"9563101";"Dom. Antonin Guyon Chambolle Musigny Les Cras 2017";"Dom. Antonin Guyon Chambolle Musigny Les Cras";"2017";"629.9";"0.75";"839.87";"RÃ¸dvin";"Glass";"13";"6.460513"
"Vinmonopolet";"9563401";"Dom. Antonin Guyon Gevrey Chambertin La Justice 2015";"Dom. Antonin Guyon Gevrey Chambertin La Justice";"2015";"529.9";"0.75";"706.53";"RÃ¸dvin";"Glass";"13";"5.434872"
"Vinmonopolet";"9563501";"Dom. Antonin Guyon Meursault-Charmes 1er cru Les Charmes Dessus 2015";"Dom. Antonin Guyon Meursault-Charmes 1er cru Les Charmes Dessus";"2015";"689.9";"0.75";"919.87";"White wine";"Glass";"13.5";"6.8138275"
"Vinmonopolet";"9563701";"Dom. Antonin Guyon Savigny Les Beaune Les Goudelettes 2017";"Dom. Antonin Guyon Savigny Les Beaune Les Goudelettes";"2017";"409.9";"0.75";"546.53";"RÃ¸dvin";"Glass";"13";"4.2041025"
"Vinmonopolet";"9564501";"Torre de OÃ±a Reserva 2012";"Torre de OÃ±a Reserva";"2012";"212.8";"0.75";"283.73";"RÃ¸dvin";"Glass";"13.5";"2.1017284"
"Vinmonopolet";"9565401";"Benromach organic Speyside Single Malt";"Benromach organic Speyside Single Malt";"0";"773.5";"0.7";"1105";"Whisky";"Glass";"43";"2.5697675"
"Vinmonopolet";"9565501";"MacLeods Islay Single Malt Whisky";"MacLeods Islay Single Malt Whisky";"0";"409.9";"0.7";"585.57";"Whisky";"Glass";"40";"1.4639286"
"Vinmonopolet";"9565601";"The Irishman Single Malt Irish Whiskey";"The Irishman Single Malt Irish Whiskey";"0";"619.9";"0.7";"885.57";"Whisky";"Glass";"40";"2.2139287"
"Vinmonopolet";"9567501";"Thomas Morey St.-Aubin 2018";"Thomas Morey St.-Aubin";"2018";"485.7";"0.75";"647.6";"White wine";"Glass";"13.5";"4.797037"
"Vinmonopolet";"9568201";"Luxardo Sambuca Passione Nera";"Luxardo Sambuca Passione Nera";"0";"385";"0.7";"550";"LikÃ¸r";"Glass";"38";"1.4473685"
"Vinmonopolet";"9568302";"Pardi Sagrantino di Montefalco Passito 2007";"Pardi Sagrantino di Montefalco Passito";"2007";"199.9";"0.38";"533.07";"RÃ¸dvin";"Glass";"13";"4.046559"
"Vinmonopolet";"9568605";"Antiche Terre Valpolicella Ripasso Superiore 2017";"Antiche Terre Valpolicella Ripasso Superiore";"2017";"405";"1.5";"270";"RÃ¸dvin";"Glass";"14.5";"1.862069"
"Vinmonopolet";"9568701";"Villalta Valpolicella Ripasso";"Villalta Valpolicella Ripasso";"2016";"179.9";"0.75";"239.87";"RÃ¸dvin";"Glass";"13.5";"1.77679"
"Vinmonopolet";"9569805";"Blina Barbera d'Asti";"Blina Barbera d'Asti";"0";"399.9";"1.5";"266.6";"RÃ¸dvin";"Glass";"14";"1.9042857"
"Vinmonopolet";"9570701";"Umani Ronchi Podere Montepulciano dâAbruzzo 2018";"Umani Ronchi Podere Montepulciano dâAbruzzo";"2018";"155";"0.75";"206.67";"RÃ¸dvin";"Glass";"13";"1.5897436"
"Vinmonopolet";"9571502";"Balholm Sogn Aqua Vitae 2010";"Balholm Sogn Aqua Vitae";"2010";"339.9";"0.5";"679.8";"Other spirit";"Glass";"40";"1.6995"
"Vinmonopolet";"9577802";"Balholm Epledram 6666 2010";"Balholm Epledram";"2010";"349.9";"0.5";"699.8";"Fruit spirit";"Glass";"40";"1.7494999"
"Vinmonopolet";"9578002";"Balholm Plommedram 2010";"Balholm Plommedram";"2010";"356";"0.5";"712";"Fruit spirit";"Glass";"40";"1.78"
"Vinmonopolet";"9578601";"Ch. Mercier CuvÃ©e Traditionnelle 2014";"Ch. Mercier CuvÃ©e Traditionnelle";"2014";"159.9";"0.75";"213.2";"RÃ¸dvin";"Glass";"13.5";"1.5792592"
"Vinmonopolet";"9581002";"Cartron Abricot Brandy";"Cartron Abricot Brandy";"0";"269.9";"0.5";"539.8";"LikÃ¸r";"Glass";"25";"2.1592"
"Vinmonopolet";"9582001";"Pittnauer Heideboden Blaufrankisch 2017";"Pittnauer Heideboden Blaufrankisch";"2017";"206";"0.75";"274.67";"RÃ¸dvin";"Glass";"12.5";"2.1973333"
"Vinmonopolet";"9583801";"Selbach-Oster Zeltinger Sonnenuhr Riesling SpÃ¤tlese 2014";"Selbach-Oster Zeltinger Sonnenuhr Riesling SpÃ¤tlese";"2014";"259.9";"0.75";"346.53";"White wine";"Glass";"12";"2.8877778"
"Vinmonopolet";"9584502";"Etter Gravensteiner Apfel";"Etter Gravensteiner Apfel";"0";"358.8";"0.35";"1025.14";"Fruit spirit";"Glass";"41";"2.5003483"
"Vinmonopolet";"9584602";"Etter Quitte vom Hausgarten";"Etter Quitte vom Hausgarten";"0";"368.8";"0.35";"1053.71";"Fruit spirit";"Glass";"41";"2.5700347"
"Vinmonopolet";"9586001";"Thibert Pouilly-FuissÃ© Vieilles Vignes 2016";"Thibert Pouilly-FuissÃ© Vieilles Vignes";"2016";"325";"0.75";"433.33";"White wine";"Glass";"13";"3.3333333"
"Vinmonopolet";"9586101";"Thibert Pouilly-FuissÃ© 2016";"Thibert Pouilly-FuissÃ©";"2016";"319";"0.75";"425.33";"White wine";"Glass";"13";"3.2717948"
"Vinmonopolet";"9587001";"Vouette & Sorbee CuvÃ©e Fidele Extra Brut";"Vouette & Sorbee CuvÃ©e Fidele Extra Brut";"2014";"669.9";"0.75";"893.2";"Champagne extra brut";"Glass";"12";"7.4433336"
"Vinmonopolet";"9587205";"Prado Enea Gran Reserva 2011";"Prado Enea Gran Reserva";"2011";"1349.9";"1.5";"899.93";"RÃ¸dvin";"Glass";"14";"6.4280953"
"Vinmonopolet";"9587401";"Innocent Bystander Pinot Noir 2018";"Innocent Bystander Pinot Noir";"2018";"239.9";"0.75";"319.87";"RÃ¸dvin";"Glass";"13";"2.4605129"
"Vinmonopolet";"9589001";"Amrut Single Malt Whisky Intermediate Sherry";"Amrut Single Malt Whisky Intermediate Sherry";"0";"1210";"0.7";"1728.57";"Whisky";"Glass";"57.1";"3.0272706"
"Vinmonopolet";"9589801";"Von Winning Win Win Riesling 2018";"Von Winning Win Win Riesling";"2018";"179.9";"0.75";"239.87";"White wine";"Glass";"12.5";"1.9189333"
"Vinmonopolet";"9590001";"G. Mascarello Langhe Nebbiolo 2016";"G. Mascarello Langhe Nebbiolo";"2016";"489.9";"0.75";"653.2";"RÃ¸dvin";"Glass";"15";"4.3546667"
"Vinmonopolet";"9594201";"Ch. Ksara Blanc de Blancs 2018";"Ch. Ksara Blanc de Blancs";"2018";"195";"0.75";"260";"White wine";"Glass";"13";"2"
"Vinmonopolet";"9595501";"Cavalli Tenuta Degli Dei 2010";"Cavalli Tenuta Degli Dei";"2010";"374.8";"0.75";"499.73";"RÃ¸dvin";"Glass";"14";"3.5695238"
"Vinmonopolet";"9595601";"Le Redini Tenuta Degli Dei 2016";"Le Redini Tenuta Degli Dei";"2016";"239.8";"0.75";"319.73";"RÃ¸dvin";"Glass";"14";"2.2838097"
"Vinmonopolet";"9595701";"Innocent Bystander Chardonnay 2017";"Innocent Bystander Chardonnay";"2017";"229.9";"0.75";"306.53";"White wine";"Glass";"13.5";"2.2706172"
"Vinmonopolet";"9596101";"Pio Cesare Nebbiolo Langhe 2015";"Pio Cesare Nebbiolo Langhe";"2015";"345";"0.75";"460";"RÃ¸dvin";"Glass";"14";"3.2857144"
"Vinmonopolet";"9596201";"Ch. Cheylus CÃ´tes du Rhone 2019";"Ch. Cheylus CÃ´tes du Rhone";"2019";"138.9";"0.75";"185.2";"RÃ¸dvin";"Glass";"13.5";"1.3718518"
"Vinmonopolet";"9596501";"Dom. Fouassier Sancerre Les Grands Champs 2017";"Dom. Fouassier Sancerre Les Grands Champs";"2017";"289.9";"0.75";"386.53";"White wine";"Glass";"13.5";"2.8632097"
"Vinmonopolet";"9596602";"Etter Kirsch Vintage 2002";"Etter Kirsch Vintage";"2002";"468.8";"0.35";"1339.43";"Fruit spirit";"Glass";"42";"3.1891155"
"Vinmonopolet";"9596802";"Houblon Chouffe Dobbelen IPA Tripel";"Houblon Chouffe Dobbelen IPA Tripel";"0";"67.9";"0.33";"205.76";"India pale ale";"Glass";"9";"2.2861953"
"Vinmonopolet";"9599101";"Thibert Saint-Veran 2017";"Thibert Saint-Veran";"2017";"269";"0.75";"358.67";"White wine";"Glass";"13";"2.7589743"
"Vinmonopolet";"9601501";"Schloss Gobelsburg Riesling 2018";"Schloss Gobelsburg Riesling";"2018";"199.9";"0.75";"266.53";"White wine";"Glass";"12.5";"2.1322665"
"Vinmonopolet";"9601802";"Argiano Grappa di Brunello 2005";"Argiano Grappa di Brunello";"2005";"455.7";"0.5";"911.4";"Grape spirit";"Glass";"42";"2.17"
"Vinmonopolet";"9610402";"St. Peters Cream Stout";"St. Peters Cream Stout";"0";"59";"0.5";"118";"Porter and stout";"Glass";"6.5";"1.8153846"
"Vinmonopolet";"9611101";"Zuccardi Serie A Chardonnay 2018";"Zuccardi Serie A Chardonnay";"2018";"164.9";"0.75";"219.87";"White wine";"Glass";"13";"1.691282"
"Vinmonopolet";"9617501";"Gorgo Bardolino Chiaretto";"Gorgo Bardolino Chiaretto";"2018";"149.9";"0.75";"199.87";"RosÃ©vin";"Glass";"12.5";"1.5989332"
"Vinmonopolet";"9618001";"Dom. Michelot Meursault 2017";"Dom. Michelot Meursault";"2017";"435";"0.75";"580";"White wine";"Glass";"13";"4.4615383"
"Vinmonopolet";"9622801";"Weinbach Riesling RÃ©serve 2018";"Weinbach Riesling RÃ©serve";"2018";"285";"0.75";"380";"White wine";"Glass";"13";"2.9230769"
"Vinmonopolet";"9624602";"Egge GÃ¥rd Iseple";"Egge GÃ¥rd Iseple";"2014";"335";"0.38";"893.33";"Fruit wine";"Glass";"10";"8.815789"
"Vinmonopolet";"9625501";"MarquÃ©s de GriÃ±Ã³n Caliza 2014";"MarquÃ©s de GriÃ±Ã³n Caliza";"2014";"210.9";"0.75";"281.2";"RÃ¸dvin";"Glass";"15";"1.8746666"
"Vinmonopolet";"9627205";"Georg Breuer Nonnenberg 2016";"Georg Breuer Nonnenberg";"2016";"1416.9";"1.5";"944.6";"White wine";"Glass";"12";"7.871667"
"Vinmonopolet";"9627705";"Georg Breuer Berg Schlossberg 2017";"Georg Breuer Berg Schlossberg";"2017";"1598.9";"1.5";"1065.93";"White wine";"Glass";"12";"8.882778"
"Vinmonopolet";"9628301";"Chakana Malbec 2018";"Chakana Malbec";"2018";"135";"0.75";"180";"RÃ¸dvin";"Glass";"13.5";"1.3333334"
"Vinmonopolet";"9629501";"ColomÃ© Estate TorrontÃ©s 2019";"ColomÃ© Estate TorrontÃ©s";"2019";"179.9";"0.75";"239.87";"White wine";"Glass";"13.5";"1.77679"
"Vinmonopolet";"9629601";"Amalaya Malbec 2018";"Amalaya Malbec";"2018";"179.9";"0.75";"239.87";"RÃ¸dvin";"Glass";"14";"1.7133332"
"Vinmonopolet";"9629701";"ColomÃ© Estate Malbec 2017";"ColomÃ© Estate Malbec";"2017";"259.9";"0.75";"346.53";"RÃ¸dvin";"Glass";"14.5";"2.389885"
"Vinmonopolet";"9632001";"Langhe Chardonnay Mary 2013";"Langhe Chardonnay Mary";"2013";"198";"0.75";"264";"White wine";"Glass";"14";"1.8857143"
"Vinmonopolet";"9632301";"The Dalmore King Alexander III 1263";"The Dalmore King Alexander III";"0";"2100";"0.7";"3000";"Whisky";"Glass";"40";"7.5"
"Vinmonopolet";"9634501";"Martini Prosecco";"Martini Prosecco";"0";"129.9";"0.75";"173.2";"Sparkling wine";"Glass";"11.5";"1.5060868"
"Vinmonopolet";"9637201";"PongrÃ¡cz RosÃ©";"PongrÃ¡cz RosÃ©";"2017";"181.9";"0.75";"242.53";"Musserende vin, rosÃ©";"Glass";"12";"2.021111"
"Vinmonopolet";"9643401";"AustrÃ¥tt XO";"AustrÃ¥tt XO";"0";"629";"0.7";"898.57";"Grape spirit";"Glass";"40";"2.2464287"
"Vinmonopolet";"9643601";"Dom. des CheneviÃ¨res Chablis 1er cru l'Homme Mort 2018";"Dom. des CheneviÃ¨res Chablis 1er cru l'Homme Mort";"2018";"349.9";"0.75";"466.53";"White wine";"Glass";"13";"3.588718"
"Vinmonopolet";"9643701";"Dom. des CheneviÃ¨res Chablis 1er cru Fourchaume 2014";"Dom. des CheneviÃ¨res Chablis 1er cru Fourchaume";"2014";"339.9";"0.75";"453.2";"White wine";"Glass";"13";"3.4861538"
"Vinmonopolet";"9643801";"Dom. des CheneviÃ¨res Chablis Les Grandes Vignes 2017";"Dom. des CheneviÃ¨res Chablis Les Grandes Vignes";"2017";"269.9";"0.75";"359.87";"White wine";"Glass";"12.5";"2.8789332"
"Vinmonopolet";"9643901";"Dom. des CheneviÃ¨res Chablis 2018";"Dom. des CheneviÃ¨res Chablis";"2018";"219.9";"0.75";"293.2";"White wine";"Glass";"12.5";"2.3456"
"Vinmonopolet";"9645706";"Clotilde Davenne Saint Bris 2018";"Clotilde Davenne Saint Bris";"2018";"499.9";"3";"166.63";"White wine";"Bag-in-box";"12";"1.3886111"
"Vinmonopolet";"9645801";"Vouette & Sorbee Blanc d'Argile Extra Brut";"Vouette & Sorbee Blanc d'Argile Extra Brut";"0";"799.9";"0.75";"1066.53";"Champagne extra brut";"Glass";"12";"8.887778"
"Vinmonopolet";"9646701";"Laherte Extra Brut RosÃ© de SaignÃ©e Les Beaudieres";"Laherte Extra Brut RosÃ© de SaignÃ©e Les Beaudieres";"2015";"609";"0.75";"812";"Champagne, rosÃ©";"Glass";"12";"6.766667"
"Vinmonopolet";"9646801";"Laherte Les Empreintes Extra Brut";"Laherte Les Empreintes Extra Brut";"2013";"599";"0.75";"798.67";"Champagne extra brut";"Glass";"12";"6.6555557"
"Vinmonopolet";"9648001";"Tedeschi La Fabriseria Valpolicella Classico Superiore 2015";"Tedeschi La Fabriseria Valpolicella Classico Superiore";"2015";"329";"0.75";"438.67";"RÃ¸dvin";"Glass";"15";"2.9244444"
"Vinmonopolet";"9650205";"Scavino Barbera d'Alba 2015";"Scavino Barbera d'Alba";"2015";"649.9";"1.5";"433.27";"RÃ¸dvin";"Glass";"13.5";"3.2093828"
"Vinmonopolet";"9651001";"Wehlener Sonnenuhr Riesling Alte Reben GG 2011";"Wehlener Sonnenuhr Riesling Alte Reben GG";"2011";"424.9";"0.75";"566.53";"White wine";"Glass";"12.5";"4.5322666"
"Vinmonopolet";"9652101";"Reyneke Chenin Blanc 2017";"Reyneke Chenin Blanc";"2017";"229.9";"0.75";"306.53";"White wine";"Glass";"13";"2.3579485"
"Vinmonopolet";"9654006";"Cafaggio Toscana Sangiovese 2019";"Cafaggio Toscana Sangiovese";"2019";"449.9";"3";"149.97";"RÃ¸dvin";"Bag-in-box";"12.5";"1.1997334"
"Vinmonopolet";"9654601";"Tommasi Filodora Prosecco";"Tommasi Filodora Prosecco";"0";"159.9";"0.75";"213.2";"Sparkling wine";"Glass";"11";"1.9381818"
"Vinmonopolet";"9654706";"Tommasi Poggio al Tufo Rompicollo 2016";"Tommasi Poggio al Tufo Rompicollo";"2016";"475";"3";"158.33";"RÃ¸dvin";"Bag-in-box";"13";"1.2179487"
"Vinmonopolet";"9657101";"Albert Bichot CrÃ©mant de Bourgogne Brut RÃ©serve";"Albert Bichot CrÃ©mant de Bourgogne Brut RÃ©serve";"0";"239.9";"0.75";"319.87";"Sparkling wine";"Glass";"12";"2.6655555"
"Vinmonopolet";"9659401";"Weinbach Riesling Grand Cru Schlossberg CuvÃ©e Ste Catherine 2018";"Weinbach Riesling Grand Cru Schlossberg CuvÃ©e Ste Catherine";"2018";"699.9";"0.75";"933.2";"White wine";"Glass";"13.5";"6.912593"
"Vinmonopolet";"9659502";"Soerlie VSOP Reserve";"Soerlie VSOP Reserve";"0";"319.9";"0.5";"639.8";"Grape spirit";"Plast";"40";"1.5995"
"Vinmonopolet";"9664901";"KÃ¼nstler Riesling Trocken 2018";"KÃ¼nstler Riesling Trocken";"2018";"179.9";"0.75";"239.87";"White wine";"Glass";"12";"1.9988889"
"Vinmonopolet";"9670001";"ViÃ±a Mayor Roble 2016";"ViÃ±a Mayor Roble";"2016";"139.6";"0.75";"186.13";"RÃ¸dvin";"Glass";"13.5";"1.3787655"
"Vinmonopolet";"9670301";"Weinbach Riesling Grand Cru Schlossberg 2016";"Weinbach Riesling Grand Cru Schlossberg";"2016";"549.8";"0.75";"733.07";"White wine";"Glass";"13.5";"5.4301233"
"Vinmonopolet";"9673401";"Fjorden Baby 2011";"Fjorden Baby";"2011";"149.1";"0.75";"198.8";"RÃ¸dvin";"Glass";"13.5";"1.4725927"
"Vinmonopolet";"9673501";"Borie-Manoux Beau Rivage 2016";"Borie-Manoux Beau Rivage";"2016";"229.9";"0.75";"306.53";"RÃ¸dvin";"Glass";"13";"2.3579485"
"Vinmonopolet";"9674701";"KÃ¼nstler Hochheim HÃ¶lle Riesling trocken GG 2018";"KÃ¼nstler Hochheim HÃ¶lle Riesling trocken GG";"2018";"390";"0.75";"520";"White wine";"Glass";"12";"4.3333335"
"Vinmonopolet";"9675001";"KÃ¼nstler Hochheimer HÃ¶lle Riesling trocken Erste Lage 2018";"KÃ¼nstler Hochheimer HÃ¶lle Riesling trocken Erste Lage";"2018";"209.9";"0.75";"279.87";"White wine";"Glass";"12";"2.3322222"
"Vinmonopolet";"9675101";"KÃ¼nstler Hochheimer Stielweg Riesling Alte Reben trocken 2017";"KÃ¼nstler Hochheimer Stielweg Riesling Alte Reben trocken";"2017";"229.7";"0.75";"306.27";"White wine";"Glass";"12.5";"2.4501333"
"Vinmonopolet";"9676601";"Chanson Bourgogne Chardonnay 2016";"Chanson Bourgogne Chardonnay";"2016";"286.7";"0.75";"382.27";"White wine";"Glass";"12.5";"3.0581334"
"Vinmonopolet";"9676801";"Bret Brothers Pouilly-FuissÃ© La Roche 2017";"Bret Brothers Pouilly-FuissÃ© La Roche";"2017";"430";"0.75";"573.33";"White wine";"Glass";"14";"4.095238"
"Vinmonopolet";"9677201";"Achaval Ferrer Quimera 2013";"Achaval Ferrer Quimera";"2013";"400";"0.75";"533.33";"RÃ¸dvin";"Glass";"14";"3.8095238"
"Vinmonopolet";"9677501";"Achaval Ferrer Mendoza Malbec 2018";"Achaval Ferrer Mendoza Malbec";"2018";"300";"0.75";"400";"RÃ¸dvin";"Glass";"14.5";"2.7586207"
"Vinmonopolet";"9678001";"Principiano Barolo Serralunga 2016";"Principiano Barolo Serralunga";"2016";"389.9";"0.75";"519.87";"RÃ¸dvin";"Glass";"13.5";"3.8508642"
"Vinmonopolet";"9678101";"Principiano Le Coste Langhe Nebbiolo 2018";"Principiano Le Coste Langhe Nebbiolo";"2018";"249.9";"0.75";"333.2";"RÃ¸dvin";"Glass";"13.5";"2.468148"
"Vinmonopolet";"9678305";"Valdo Marca Oro Valdobbiadene Prosecco Superiore 2011";"Valdo Marca Oro Valdobbiadene Prosecco Superiore";"2011";"349";"1.5";"232.67";"Sparkling wine";"Glass";"11";"2.1151514"
"Vinmonopolet";"9678601";"Penfolds Bin 311 Chardonnay 2017";"Penfolds Bin 311 Chardonnay";"2017";"279.9";"0.75";"373.2";"White wine";"Glass";"13";"2.8707693"
"Vinmonopolet";"9678806";"Paxis Arinto";"Paxis Arinto";"2016";"389.9";"3";"129.97";"White wine";"Bag-in-box";"11.5";"1.130145"
"Vinmonopolet";"9679701";"KÃ¼nstler Hochheimer Herrnberg Riesling trocken 2018";"KÃ¼nstler Hochheimer Herrnberg Riesling trocken";"2018";"194.9";"0.75";"259.87";"White wine";"Glass";"12.5";"2.0789332"
"Vinmonopolet";"9680401";"Sadie Palladius 2017";"Sadie Palladius";"2017";"699";"0.75";"932";"White wine";"Glass";"13.5";"6.9037037"
"Vinmonopolet";"9680501";"Sadie Columella 2017";"Sadie Columella";"2017";"829";"0.75";"1105.33";"RÃ¸dvin";"Glass";"14";"7.895238"
"Vinmonopolet";"9680801";"Calvente Castillejos Tinto 2016";"Calvente Castillejos Tinto";"2016";"322.7";"0.75";"430.27";"RÃ¸dvin";"Glass";"14.5";"2.9673564"
"Vinmonopolet";"9680901";"Calvente Guindalera Tinto 2017";"Calvente Guindalera Tinto";"2017";"201.3";"0.75";"268.4";"RÃ¸dvin";"Glass";"15";"1.7893333"
"Vinmonopolet";"9685601";"Ayala RosÃ© Majeur";"Ayala RosÃ© Majeur";"0";"499.9";"0.75";"666.53";"Champagne, rosÃ©";"Glass";"12";"5.5544443"
"Vinmonopolet";"9688201";"Blanc Foussy CrÃ©mant de Loire RosÃ© 2017";"Blanc Foussy CrÃ©mant de Loire RosÃ©";"2017";"154.9";"0.75";"206.53";"Musserende vin, rosÃ©";"Glass";"12";"1.721111"
"Vinmonopolet";"9688901";"Chanson Pernand Vergelesses Les Vergelesses 1cru 2012";"Chanson Pernand Vergelesses Les Vergelesses 1cru";"2012";"525.3";"0.75";"700.4";"RÃ¸dvin";"Glass";"13";"5.387692"
"Vinmonopolet";"9689106";"Stowells White Zinfandel Rose";"Stowells White Zinfandel Rose";"0";"359.9";"3";"119.97";"RosÃ©vin";"Bag-in-box";"10.5";"1.1425396"
"Vinmonopolet";"9689301";"Aalborg JubilÃ¦ums Akevitt";"Aalborg JubilÃ¦ums Akevitt";"0";"374.9";"0.7";"535.57";"Aquavit";"Glass";"40";"1.3389286"
"Vinmonopolet";"9689302";"Aalborg JubilÃ¦ums Akevitt";"Aalborg JubilÃ¦ums Akevitt";"0";"199.9";"0.35";"571.14";"Aquavit";"Glass";"40";"1.4278572"
"Vinmonopolet";"9689401";"Nebla Vendimia Nocturna Verdejo 2015";"Nebla Vendimia Nocturna Verdejo";"2015";"99.6";"0.75";"132.8";"White wine";"Glass";"13";"1.0215385"
"Vinmonopolet";"9692101";"Vajra Langhe Nebbiolo 2018";"Vajra Langhe Nebbiolo";"2018";"240.1";"0.75";"320.13";"RÃ¸dvin";"Glass";"14.5";"2.2078161"
"Vinmonopolet";"9692201";"Dudognon RÃ©serve des AncÃªtres";"Dudognon RÃ©serve des AncÃªtres";"0";"1050";"0.7";"1500";"Grape spirit";"Glass";"40";"3.75"
"Vinmonopolet";"9694102";"Sierra Nevada Torpedo Extra IPA";"Sierra Nevada Torpedo Extra IPA";"0";"54.9";"0.35";"156.86";"India pale ale";"Glass";"7.2";"2.1785717"
"Vinmonopolet";"9701001";"Pizzolato Prosecco Brut";"Pizzolato Prosecco Brut";"2018";"139.9";"0.75";"186.53";"Sparkling wine";"Glass";"11";"1.6957575"
"Vinmonopolet";"9701005";"Pizzolato Prosecco Brut";"Pizzolato Prosecco Brut";"2018";"299.9";"1.5";"199.93";"Sparkling wine";"Glass";"11";"1.8175757"
"Vinmonopolet";"9701101";"Reyneke White 2019";"Reyneke White";"2019";"209.9";"0.75";"279.87";"White wine";"Glass";"13";"2.1528203"
"Vinmonopolet";"9701301";"Reyneke Syrah 2017";"Reyneke Syrah";"2017";"259.9";"0.75";"346.53";"RÃ¸dvin";"Glass";"13.5";"2.5669136"
"Vinmonopolet";"9702602";"Berentsens Treasure Island Spiced";"Berentsens Treasure Island Spiced";"0";"198.3";"0.5";"396.6";"Other spirit";"Glass";"21.5";"1.8446512"
"Vinmonopolet";"9702801";"Ron de Jeremy Reserva";"Ron de Jeremy Reserva";"0";"550";"0.7";"785.71";"Rum";"Glass";"40";"1.9642857"
"Vinmonopolet";"9712801";"Von Winning Forster Ungeheuer Riesling Trocken GG 2018";"Von Winning Forster Ungeheuer Riesling Trocken GG";"2018";"485.9";"0.75";"647.87";"White wine";"Glass";"13";"4.9835896"
"Vinmonopolet";"9714101";"Joseph Phelps Cabernet Sauvignon 2015";"Joseph Phelps Cabernet Sauvignon";"2015";"699.8";"0.75";"933.07";"RÃ¸dvin";"Glass";"14.5";"6.4349422"
"Vinmonopolet";"9714301";"Joseph Phelps Freestone Chardonnay 2017";"Joseph Phelps Freestone Chardonnay";"2017";"599.9";"0.75";"799.87";"White wine";"Glass";"13.5";"5.9249387"
"Vinmonopolet";"9714401";"Joseph Phelps Freestone Pinot Noir 2016";"Joseph Phelps Freestone Pinot Noir";"2016";"599.9";"0.75";"799.87";"RÃ¸dvin";"Glass";"14";"5.7133336"
"Vinmonopolet";"9714705";"Rocca di Frassinello Le Sughere";"Rocca di Frassinello Le Sughere";"0";"597.5";"1.5";"398.33";"RÃ¸dvin";"Glass";"13.5";"2.9506173"
"Vinmonopolet";"9716907";"Valdo Marca Oro Valdobbiadene Prosecco Superiore";"Valdo Marca Oro Valdobbiadene Prosecco Superiore";"0";"869";"3";"289.67";"Sparkling wine";"Glass";"11";"2.6333334"
"Vinmonopolet";"9717101";"Joseph Drouhin Chablis 2018";"Joseph Drouhin Chablis";"2018";"267";"0.75";"356";"White wine";"Glass";"13";"2.7384615"
"Vinmonopolet";"9717301";"Masottina Rive di Ogliano Conegliano Valdobbiadene Prosecco Superiore 2018";"Masottina Rive di Ogliano Conegliano Valdobbiadene Prosecco Superiore";"2018";"235";"0.75";"313.33";"Sparkling wine";"Glass";"11.5";"2.7246377"
"Vinmonopolet";"9719101";"Marc Hebrart Brut RosÃ© 1er Cru";"Marc Hebrart Brut RosÃ© 1er Cru";"0";"369.9";"0.75";"493.2";"Champagne, rosÃ©";"Glass";"12";"4.11"
"Vinmonopolet";"9721301";"Squealing Pig Marlborough Sauvignon Blanc 2019";"Squealing Pig Marlborough Sauvignon Blanc";"2019";"139.9";"0.75";"186.53";"White wine";"Plast";"13.5";"1.3817283"
"Vinmonopolet";"9721501";"Barone Pizzini Franciacorta RosÃ© Extra Brut 2016";"Barone Pizzini Franciacorta RosÃ© Extra Brut";"2016";"299.9";"0.75";"399.87";"Musserende vin, rosÃ©";"Glass";"12";"3.3322222"
"Vinmonopolet";"9724301";"MÃ»stique Riesling Kabinett 2019";"MÃ»stique Riesling Kabinett";"2019";"114.9";"0.75";"153.2";"White wine";"Glass";"8.5";"1.802353"
"Vinmonopolet";"9724601";"Averna Amaro Siciliano";"Averna Amaro Siciliano";"0";"349.9";"0.7";"499.86";"Bitter	";"Glass";"29";"1.7236453"
"Vinmonopolet";"9724801";"Soler-JovÃ© Cava Brut RosÃ©";"Soler-JovÃ© Cava Brut RosÃ©";"0";"129.9";"0.75";"173.2";"Musserende vin, rosÃ©";"Glass";"12";"1.4433333"
"Vinmonopolet";"9724901";"Allram Blauer Zweigelt RosÃ© 2018";"Allram Blauer Zweigelt RosÃ©";"2018";"149.9";"0.75";"199.87";"RosÃ©vin";"Glass";"12";"1.6655555"
"Vinmonopolet";"9725301";"Verrocchio Prosecco Brut";"Verrocchio Prosecco Brut";"0";"134.9";"0.75";"179.87";"Sparkling wine";"Glass";"11";"1.6351514"
"Vinmonopolet";"9727601";"Dr. BÃ¼rklin-Wolf Wachenheimer GerÃ¼mpel Riesling PC 2016";"Dr. BÃ¼rklin-Wolf Wachenheimer GerÃ¼mpel Riesling PC";"2016";"320";"0.75";"426.67";"White wine";"Glass";"12.5";"3.4133334"
"Vinmonopolet";"9729802";"La Contea Piemonte Moscato Passito Cianin 2007";"La Contea Piemonte Moscato Passito Cianin";"2007";"249";"0.5";"498";"White wine";"Glass";"12.5";"3.984"
"Vinmonopolet";"9733301";"Dupont CuvÃ©e Colette 2015";"Dupont CuvÃ©e Colette";"2015";"225.1";"0.75";"300.13";"Cider";"Glass";"7.5";"4.0017776"
"Vinmonopolet";"9733402";"Dupont Givre Millesime 2016";"Dupont Givre Millesime";"2016";"249.9";"0.38";"666.4";"Cider";"Glass";"10";"6.576316"
"Vinmonopolet";"9733501";"Dupont Cidre Triple 2015";"Dupont Cidre Triple";"2015";"194.9";"0.75";"259.87";"Cider";"Glass";"11";"2.3624241"
"Vinmonopolet";"9733502";"Dupont Cidre Triple 2018";"Dupont Cidre Triple";"2018";"102.9";"0.38";"274.4";"Cider";"Glass";"11";"2.4617226"
"Vinmonopolet";"9733601";"Dupont Pommeau de Normandie";"Dupont Pommeau de Normandie";"0";"339.9";"0.7";"485.57";"Other spirit";"Glass";"17";"2.8563025"
"Vinmonopolet";"9733901";"Glenglassaugh Revival";"Glenglassaugh Revival";"0";"659.9";"0.7";"942.71";"Whisky";"Glass";"46";"2.049379"
"Vinmonopolet";"9734401";"Solange Tribut Chablis 2015";"Solange Tribut Chablis";"2015";"300";"0.75";"400";"White wine";"Glass";"12.5";"3.2"
"Vinmonopolet";"9735301";"SchÃ¤fer-FrÃ¶hlich Nahe Riesling Trocken 2017";"SchÃ¤fer-FrÃ¶hlich Nahe Riesling Trocken";"2017";"212";"0.75";"282.67";"White wine";"Glass";"12";"2.3555555"
"Vinmonopolet";"9735701";"Chave CÃ´te-du-RhÃ´ne Mon Coeur 2018";"Chave CÃ´te-du-RhÃ´ne Mon Coeur";"2018";"219.9";"0.75";"293.2";"RÃ¸dvin";"Glass";"14.5";"2.022069"
"Vinmonopolet";"9736002";"Wisby Weisse";"Wisby Weisse";"0";"62.9";"0.5";"125.8";"HveteÃ¸l";"Glass";"5.2";"2.419231"
"Vinmonopolet";"9737402";"Aalborg JubilÃ¦ums Akevitt";"Aalborg JubilÃ¦ums Akevitt";"0";"289.9";"0.5";"579.8";"Aquavit";"Glass";"40";"1.4495"
"Vinmonopolet";"9737801";"Pascal Bouchard Chablis Grand Cru Les Clos 2015";"Pascal Bouchard Chablis Grand Cru Les Clos";"2015";"679.5";"0.75";"906";"White wine";"Glass";"13";"6.9692307"
"Vinmonopolet";"9738201";"Rivetto Barolo Leon Riserva 2013";"Rivetto Barolo Leon Riserva";"2013";"879.9";"0.75";"1173.2";"RÃ¸dvin";"Glass";"14.5";"8.091035"
"Vinmonopolet";"9738401";"Contino Blanco 2016";"Contino Blanco";"2016";"319.9";"0.75";"426.53";"White wine";"Glass";"13";"3.2810256"
"Vinmonopolet";"9739401";"Landron Le Fief du Breil 2015";"Landron Le Fief du Breil";"2015";"239";"0.75";"318.67";"White wine";"Glass";"12";"2.6555555"
"Vinmonopolet";"9739501";"Serol Turbullent";"Serol Turbullent";"0";"199";"0.75";"265.33";"Musserende vin, rosÃ©";"Glass";"8.5";"3.1215687"
"Vinmonopolet";"9739601";"Baudry Chinon 2018";"Baudry Chinon";"2018";"209.9";"0.75";"279.87";"RÃ¸dvin";"Glass";"13.5";"2.0730863"
"Vinmonopolet";"9739801";"Baudry Chinon Les GrÃ©zeaux 2017";"Baudry Chinon Les GrÃ©zeaux";"2017";"249";"0.75";"332";"RÃ¸dvin";"Glass";"12.5";"2.656"
"Vinmonopolet";"9739901";"Baudry Chinon Le Clos Guillot 2016";"Baudry Chinon Le Clos Guillot";"2016";"299";"0.75";"398.67";"RÃ¸dvin";"Glass";"13";"3.0666666"
"Vinmonopolet";"9740001";"Ferrer Ribiere CuvÃ©e F";"Ferrer Ribiere CuvÃ©e F";"2012";"159.9";"0.75";"213.2";"RÃ¸dvin";"Glass";"14";"1.5228571"
"Vinmonopolet";"9740101";"KÃ¼hn Hallgarten Hendelberg Riesling Trocken";"KÃ¼hn Hallgarten Hendelberg Riesling Trocken";"2017";"299";"0.75";"398.67";"White wine";"Glass";"12.5";"3.1893334"
"Vinmonopolet";"9740801";"Landron La Louvetrie Muscadet Sevre et Main Sur Lie 2018";"Landron La Louvetrie Muscadet Sevre et Main Sur Lie";"2018";"184.9";"0.75";"246.53";"White wine";"Glass";"12.5";"1.9722666"
"Vinmonopolet";"9740901";"Landron Le Houx Muscadet Sur Lie 2017";"Landron Le Houx Muscadet Sur Lie";"2017";"199.9";"0.75";"266.53";"White wine";"Glass";"12";"2.221111"
"Vinmonopolet";"9741101";"Pabiot Pouilly FumÃ© 2018";"Pabiot Pouilly FumÃ©";"2018";"259.9";"0.75";"346.53";"White wine";"Glass";"13";"2.665641"
"Vinmonopolet";"9741601";"Poli Grappa Cleopatra Moscato Oro";"Poli Grappa Cleopatra Moscato Oro";"0";"599.9";"0.7";"857";"Grape spirit";"Glass";"40";"2.1425002"
"Vinmonopolet";"9741901";"Fontanafredda Solerose Langhe Rosato 2018";"Fontanafredda Solerose Langhe Rosato";"2018";"174.9";"0.75";"233.2";"RosÃ©vin";"Glass";"12.5";"1.8656"
"Vinmonopolet";"9742001";"AlbariÃ±o Deusa Nai 2018";"AlbariÃ±o Deusa Nai";"2018";"179.9";"0.75";"239.87";"White wine";"Glass";"13";"1.8451282"
"Vinmonopolet";"9745001";"Manincor Rubatsch Lagrein 2016";"Manincor Rubatsch Lagrein";"2016";"319.7";"0.75";"426.27";"RÃ¸dvin";"Glass";"13.5";"3.157531"
"Vinmonopolet";"9745501";"Tenuta delleTerre Nere Etna Rosato 2018";"Tenuta delleTerre Nere Etna Rosato";"2018";"244.9";"0.75";"326.53";"RosÃ©vin";"Glass";"13";"2.5117948"
"Vinmonopolet";"9745701";"Chave Saint Joseph Offerus 2017";"Chave Saint Joseph Offerus";"2017";"304.9";"0.75";"406.53";"RÃ¸dvin";"Glass";"14";"2.9038095"
"Vinmonopolet";"9745801";"Telmo Rodriguez Basa 2018";"Telmo Rodriguez Basa";"2018";"178.9";"0.75";"238.53";"White wine";"Glass";"13.5";"1.7669135"
"Vinmonopolet";"9746001";"Gassier Coteaux d'aix-en-Provence 2019";"Gassier Coteaux d'aix-en-Provence";"2019";"171.9";"0.75";"229.2";"RosÃ©vin";"Glass";"12.5";"1.8335999"
"Vinmonopolet";"9746901";"Louis Michel Chablis 2018";"Louis Michel Chablis";"2018";"254.9";"0.75";"339.87";"White wine";"Glass";"13";"2.614359"
"Vinmonopolet";"9747001";"Louis Michel Chablis Premier Cru ForÃªts 2016";"Louis Michel Chablis Premier Cru ForÃªts";"2016";"344.9";"0.75";"459.87";"White wine";"Glass";"13";"3.5374358"
"Vinmonopolet";"9747201";"Vigneti Massa Terra 2017";"Vigneti Massa Terra";"2017";"209.3";"0.75";"279.07";"RÃ¸dvin";"Glass";"13";"2.1466668"
"Vinmonopolet";"9747601";"Ioppa Colline Novaresi Nebbiolo Rusin 2019";"Ioppa Colline Novaresi Nebbiolo Rusin";"2019";"155";"0.75";"206.67";"RosÃ©vin";"Glass";"12.5";"1.6533333"
"Vinmonopolet";"9748601";"Rivetto Langhe Nascetta 2016";"Rivetto Langhe Nascetta";"2016";"359.9";"0.75";"479.87";"White wine";"Glass";"13.5";"3.5545678"
"Vinmonopolet";"9749101";"Wongraven Champagne Brut";"Wongraven Champagne Brut";"2014";"389.9";"0.75";"519.87";"Champagne, brut";"Glass";"12.5";"4.158933"
"Vinmonopolet";"9749501";"Marius RosÃ© by Michel Chapoutier 2018";"Marius RosÃ© by Michel Chapoutier";"2018";"149.9";"0.75";"199.87";"RosÃ©vin";"Glass";"12.5";"1.5989332"
"Vinmonopolet";"9749601";"Guado al Tasso Scalabrone Bolgheri Rosato 2019";"Guado al Tasso Scalabrone Bolgheri Rosato";"2019";"229";"0.75";"305.33";"RosÃ©vin";"Glass";"13";"2.348718"
"Vinmonopolet";"9750401";"William & Humbert Ron Dos Maderas Rum PX 5+5 PX";"William & Humbert Ron Dos Maderas Rum PX 5+5 PX";"0";"689.9";"0.7";"985.57";"Rum";"Glass";"40";"2.4639287"
"Vinmonopolet";"9751801";"Riffault Les Quarterons Sancerre 2017";"Riffault Les Quarterons Sancerre";"2017";"289.9";"0.75";"386.53";"White wine";"Glass";"13";"2.9733334"
"Vinmonopolet";"9752201";"Valli Unite Rosatea 2016";"Valli Unite Rosatea";"2016";"210";"0.75";"280";"RosÃ©vin";"Glass";"12";"2.3333333"
"Vinmonopolet";"9752601";"Pieropan Amarone della Valpolicella Vigna Garzon 2015";"Pieropan Amarone della Valpolicella Vigna Garzon";"2015";"539.9";"0.75";"719.87";"RÃ¸dvin";"Glass";"16.5";"4.3628283"
"Vinmonopolet";"9753001";"Tommasi Adorato Appassionato 2019";"Tommasi Adorato Appassionato";"2019";"149.9";"0.75";"199.87";"White wine";"Glass";"12.5";"1.5989332"
"Vinmonopolet";"9754501";"Baladin Isaac 75 cl";"Baladin Isaac 75 cl";"0";"117.9";"0.75";"157.2";"HveteÃ¸l";"Glass";"5";"3.144"
"Vinmonopolet";"9754601";"Baladin Nora 75 cl";"Baladin Nora 75 cl";"0";"128.9";"0.75";"171.87";"Special";"Glass";"6.8";"2.5274508"
"Vinmonopolet";"9754701";"Baladin Super";"Baladin Super";"0";"134.9";"0.75";"179.87";"Trappist";"Glass";"8";"2.2483332"
"Vinmonopolet";"9755101";"KÃ¼nstler Hochheim KirchenstÃ¼ck Riesling Trocken GG 2018";"KÃ¼nstler Hochheim KirchenstÃ¼ck Riesling Trocken GG";"2018";"390";"0.75";"520";"White wine";"Glass";"13";"4"
"Vinmonopolet";"9757202";"Brouwerij de Molen Tsarina Esra";"Brouwerij de Molen Tsarina Esra";"0";"72.9";"0.33";"220.91";"Porter and stout";"Glass";"10.1";"2.1872187"
"Vinmonopolet";"9758201";"Landgraf Saulheimer HÃ¶lle Riesling Trocken 2018";"Landgraf Saulheimer HÃ¶lle Riesling Trocken";"2018";"199.8";"0.75";"266.4";"White wine";"Glass";"13";"2.0492308"
"Vinmonopolet";"9758801";"Cezar Suenos Cabernet Sauvignon 2011";"Cezar Suenos Cabernet Sauvignon";"2011";"223";"0.75";"297.33";"RÃ¸dvin";"Glass";"13.5";"2.202469"
"Vinmonopolet";"9759001";"Cezar Suenos Tempranillo Reserva 2008";"Cezar Suenos Tempranillo Reserva";"2008";"277.4";"0.75";"369.87";"RÃ¸dvin";"Glass";"13.5";"2.739753"
"Vinmonopolet";"9759301";"Albert Mathier Johannisberg Valais 2016";"Albert Mathier Johannisberg Valais";"2016";"273.7";"0.75";"364.93";"White wine";"Glass";"12.5";"2.9194667"
"Vinmonopolet";"9759401";"Villa Trasqua Chianti Classico Fanatico Riserva 2012";"Villa Trasqua Chianti Classico Fanatico Riserva";"2012";"286.7";"0.75";"382.27";"RÃ¸dvin";"Glass";"14";"2.7304764"
"Vinmonopolet";"9759601";"Abbona Barbera d'Alba Rinaldi 2018";"Abbona Barbera d'Alba Rinaldi";"2018";"305.5";"0.75";"407.33";"RÃ¸dvin";"Glass";"14";"2.9095237"
"Vinmonopolet";"9759801";"Abbona Dolcetto di Dogliani Papa Celso 2014";"Abbona Dolcetto di Dogliani Papa Celso";"2014";"309.6";"0.75";"412.8";"RÃ¸dvin";"Glass";"14.5";"2.8468966"
"Vinmonopolet";"9759901";"Le Ragose Valpolicella Classico Superiore Ripasso 2015";"Le Ragose Valpolicella Classico Superiore Ripasso";"2015";"267.9";"0.75";"357.2";"RÃ¸dvin";"Glass";"13.5";"2.6459258"
"Vinmonopolet";"9760001";"Abbona Barbaresco 2011";"Abbona Barbaresco";"2011";"429.5";"0.75";"572.67";"RÃ¸dvin";"Glass";"14";"4.090476"
"Vinmonopolet";"9760301";"Vacheron Sancerre Rouge 2017";"Vacheron Sancerre Rouge";"2017";"359.9";"0.75";"479.87";"RÃ¸dvin";"Glass";"12.5";"3.8389332"
"Vinmonopolet";"9760401";"Pierre Gaillard Syrah La Derniere Vigne 2017";"Pierre Gaillard Syrah La Derniere Vigne";"2017";"219.9";"0.75";"293.2";"RÃ¸dvin";"Glass";"14";"2.0942857"
"Vinmonopolet";"9760501";"Winter Dittelsheimer Leckerberg Riesling Trocken 2013";"Winter Dittelsheimer Leckerberg Riesling Trocken";"2013";"339.9";"0.75";"453.2";"White wine";"Glass";"12.5";"3.6255999"
"Vinmonopolet";"9762301";"Argiano Solengo 2014";"Argiano Solengo";"2014";"576.4";"0.75";"768.53";"RÃ¸dvin";"Glass";"14";"5.489524"
"Vinmonopolet";"9762401";"Argiano Rosso di Montalcino 2014";"Argiano Rosso di Montalcino";"2014";"254.1";"0.75";"338.8";"RÃ¸dvin";"Glass";"14";"2.42"
"Vinmonopolet";"9762501";"Collalto Conegliano Valdobbiadene Prosecco Superiore Brut";"Collalto Conegliano Valdobbiadene Prosecco Superiore Brut";"0";"245.6";"0.75";"327.47";"Sparkling wine";"Glass";"11.5";"2.8475363"
"Vinmonopolet";"9762601";"Argiano Brunello di Montalcino 2014";"Argiano Brunello di Montalcino";"2014";"448.5";"0.75";"598";"RÃ¸dvin";"Glass";"14";"4.2714286"
"Vinmonopolet";"9762701";"Collalto Rose Spumante Extra Dry";"Collalto Rose Spumante Extra Dry";"0";"241.5";"0.75";"322";"Musserende vin, rosÃ©";"Glass";"11.5";"2.8"
"Vinmonopolet";"9762801";"Argiano Non Confunditur Rosso 2016";"Argiano Non Confunditur Rosso";"2016";"244.5";"0.75";"326";"RÃ¸dvin";"Glass";"14";"2.3285713"
"Vinmonopolet";"9763301";"Baron de Ley Club Privado Lofoten Art Wine 2017";"Baron de Ley Club Privado Lofoten Art Wine";"2017";"169.5";"0.75";"226";"RÃ¸dvin";"Glass";"14";"1.6142857"
"Vinmonopolet";"9763401";"Cotes du Rhone Villages Fan de lune 2009";"Cotes du Rhone Villages Fan de lune";"2009";"269.8";"0.75";"359.73";"RÃ¸dvin";"Glass";"14";"2.5695238"
"Vinmonopolet";"9764701";"Topf Strassertal GrÃ¼ner Veltliner 2016";"Topf Strassertal GrÃ¼ner Veltliner";"2016";"159.9";"0.75";"213.2";"White wine";"Glass";"12.5";"1.7055999"
"Vinmonopolet";"9765301";"Segura Viudas Brut RosÃ©";"Segura Viudas Brut RosÃ©";"0";"179.9";"0.75";"239.87";"Musserende vin, rosÃ©";"Glass";"12";"1.9988889"
"Vinmonopolet";"9765401";"Oroya Sushi-vin 2015";"Oroya Sushi-vin";"2015";"139.9";"0.75";"186.53";"White wine";"Glass";"12";"1.5544444"
"Vinmonopolet";"9765801";"Pierre Gaillard Crozes Hermitage 2018";"Pierre Gaillard Crozes Hermitage";"2018";"289.9";"0.75";"386.53";"RÃ¸dvin";"Glass";"14";"2.7609522"
"Vinmonopolet";"9766201";"ArvesÃ¸lvet Helt Klar";"ArvesÃ¸lvet Helt Klar";"0";"349";"0.7";"498.57";"Aquavit";"Glass";"38";"1.3120301"
"Vinmonopolet";"9766301";"Corte Giara Prosecco Millesimato Dry 2018";"Corte Giara Prosecco Millesimato Dry";"2018";"189.9";"0.75";"253.2";"Sparkling wine";"Glass";"11";"2.3018181"
"Vinmonopolet";"9766601";"Niepoort Vintage Port 2015";"Niepoort Vintage Port";"2015";"749.9";"0.75";"999.87";"Port wine";"Glass";"20";"4.9993334"
"Vinmonopolet";"9766901";"Barons de Rothschild Brut";"Barons de Rothschild Brut";"0";"600";"0.75";"800";"Champagne, brut";"Glass";"12";"6.6666665"
"Vinmonopolet";"9767001";"Barons de Rothschild Blanc de Blancs Brut";"Barons de Rothschild Blanc de Blancs Brut";"0";"699.9";"0.75";"933.2";"Champagne, brut";"Glass";"12";"7.776667"
"Vinmonopolet";"9768106";"Castelforte Rosso Veneto 2018";"Castelforte Rosso Veneto";"2018";"409.9";"3";"136.63";"RÃ¸dvin";"Bag-in-box";"13";"1.0510256"
"Vinmonopolet";"9768401";"MarquÃ©s de Nombrevilla Old Vines Garnacha 2019";"MarquÃ©s de Nombrevilla Old Vines Garnacha";"2019";"119.9";"0.75";"159.87";"RÃ¸dvin";"Glass";"13.5";"1.1841975"
"Vinmonopolet";"9768701";"Ch. de Rochemorin Blanc 2014";"Ch. de Rochemorin Blanc";"2014";"244.9";"0.75";"326.53";"White wine";"Glass";"13";"2.5117948"
"Vinmonopolet";"9769201";"Juillot Corton Charlemagne Grand Cru 2012";"Juillot Corton Charlemagne Grand Cru";"2012";"1499.9";"0.75";"1999.87";"White wine";"Glass";"12.5";"15.998934"
"Vinmonopolet";"9769901";"Cepa 21 2015";"Cepa 21";"2015";"225";"0.75";"300";"RÃ¸dvin";"Glass";"14.5";"2.0689654"
"Vinmonopolet";"9770101";"Bruno Paillard Assemblage Brut 2009";"Bruno Paillard Assemblage Brut";"2009";"824.3";"0.75";"1099.07";"Champagne, brut";"Glass";"12";"9.158889"
"Vinmonopolet";"9770201";"Pietracupa Quirico Aglianico 2016";"Pietracupa Quirico Aglianico";"2016";"336.1";"0.75";"448.13";"RÃ¸dvin";"Glass";"13.5";"3.3195062"
"Vinmonopolet";"9770701";"Pietracupa Fiano di Avelino 2018";"Pietracupa Fiano di Avelino";"2018";"329.5";"0.75";"439.33";"White wine";"Glass";"12.5";"3.5146666"
"Vinmonopolet";"9771001";"Bruno Paillard Blancs de Blanc 2006";"Bruno Paillard Blancs de Blanc";"2006";"875";"0.75";"1166.67";"Champagne, brut";"Glass";"12";"9.722222"
"Vinmonopolet";"9772301";"Dom. de Mouscaillo Limoux 2016";"Dom. de Mouscaillo Limoux";"2016";"239";"0.75";"318.67";"White wine";"Glass";"13.5";"2.360494"
"Vinmonopolet";"9772506";"Montrose rosÃ© 2018";"Montrose rosÃ©";"2018";"449.9";"3";"149.97";"RosÃ©vin";"Bag-in-box";"12";"1.2497222"
"Vinmonopolet";"9772601";"Chasse-Spleen Blanc 2013";"Chasse-Spleen Blanc";"2013";"279.9";"0.75";"373.2";"White wine";"Glass";"12";"3.11"
"Vinmonopolet";"9773901";"Le G de ChÃ¢teau Guiraud 2018";"Le G de ChÃ¢teau Guiraud";"2018";"209.9";"0.75";"279.87";"White wine";"Glass";"13.5";"2.0730863"
"Vinmonopolet";"9773905";"Le G de ChÃ¢teau Guiraud 2017";"Le G de ChÃ¢teau Guiraud";"2017";"425";"1.5";"283.33";"White wine";"Glass";"13.5";"2.0987654"
"Vinmonopolet";"9777001";"Ch. de Roquefort Petit SalÃ© 2018";"Ch. de Roquefort Petit SalÃ©";"2018";"197";"0.75";"262.67";"White wine";"Glass";"11.5";"2.2840579"
"Vinmonopolet";"9777101";"Ch. de Roquefort Corail 2019";"Ch. de Roquefort Corail";"2019";"199.9";"0.75";"266.53";"RosÃ©vin";"Glass";"12.5";"2.1322665"
"Vinmonopolet";"9777201";"CÃ´te Mas RosÃ© Aurore 2019";"CÃ´te Mas RosÃ© Aurore";"2019";"115.9";"0.75";"154.53";"RosÃ©vin";"Glass";"12.5";"1.2362667"
"Vinmonopolet";"9777301";"Viberti Barbera d'Alba Mancine 2016";"Viberti Barbera d'Alba Mancine";"2016";"289.9";"0.75";"386.53";"RÃ¸dvin";"Glass";"14.5";"2.6657472"
"Vinmonopolet";"9777401";"Flor de Vetus Verdejo 2016";"Flor de Vetus Verdejo";"2016";"209.9";"0.75";"279.87";"White wine";"Glass";"13";"2.1528203"
"Vinmonopolet";"9779701";"Erpacrife Nebbiolo Metodo Classico 2013";"Erpacrife Nebbiolo Metodo Classico";"2013";"385.8";"0.75";"514.4";"Musserende vin, rosÃ©";"Glass";"13";"3.956923"
"Vinmonopolet";"9782301";"Cardhu 12 years old 2000";"Cardhu 12 years old";"2000";"489.9";"0.7";"699.86";"Whisky";"Glass";"40";"1.7496428"
"Vinmonopolet";"9782806";"Henri Bourgeois Petit Bourgeois Sauvignon Blanc 2019";"Henri Bourgeois Petit Bourgeois Sauvignon Blanc";"2019";"539.9";"3";"179.97";"White wine";"Bag-in-box";"12.5";"1.4397334"
"Vinmonopolet";"9783301";"Hereford Merlot 2019";"Hereford Merlot";"2019";"135";"0.75";"180";"RÃ¸dvin";"Glass";"12";"1.5"
"Vinmonopolet";"9785001";"Angiolino Maule Masieri 2018";"Angiolino Maule Masieri";"2018";"229.9";"0.75";"306.53";"White wine";"Glass";"12";"2.5544443"
"Vinmonopolet";"9785301";"MoÃ«t & Chandon Ice ImpÃ©rial";"MoÃ«t & Chandon Ice ImpÃ©rial";"0";"519.9";"0.75";"693.2";"Champagne, other";"Glass";"12";"5.776667"
"Vinmonopolet";"9786901";"Altitud 1100 Garnacha Tintorera 2018";"Altitud  Garnacha Tintorera";"2018";"149.9";"0.75";"199.87";"RÃ¸dvin";"Glass";"13";"1.5374359"
"Vinmonopolet";"9787101";"Equilibri Natural Funambul Brut Nature Reserva";"Equilibri Natural Funambul Brut Nature Reserva";"2017";"174.9";"0.75";"233.2";"Sparkling wine";"Glass";"11.5";"2.027826"
"Vinmonopolet";"9787501";"Don Melchor 2016";"Don Melchor";"2016";"849.9";"0.75";"1133.2";"RÃ¸dvin";"Glass";"14";"8.094286"
"Vinmonopolet";"9787701";"Romitorio Chianti Colli Senesi 2017";"Romitorio Chianti Colli Senesi";"2017";"194.9";"0.75";"259.87";"RÃ¸dvin";"Glass";"14";"1.8561904"
"Vinmonopolet";"9787801";"Bovin Vranec 2013";"Bovin Vranec";"2013";"152.1";"0.75";"202.8";"RÃ¸dvin";"Glass";"13.5";"1.5022223"
"Vinmonopolet";"9789101";"Oudin Chablis 2017";"Oudin Chablis";"2017";"255";"0.75";"340";"White wine";"Glass";"12";"2.8333333"
"Vinmonopolet";"9790001";"Jung Riesling Trocken 2014";"Jung Riesling Trocken";"2014";"179";"0.75";"238.67";"White wine";"Glass";"11";"2.169697"
"Vinmonopolet";"9790601";"Von HÃ¶vel Scharzhofberg Riesling Kabinett 2014";"Von HÃ¶vel Scharzhofberg Riesling Kabinett";"2014";"219.9";"0.75";"293.2";"White wine";"Glass";"9";"3.2577777"
"Vinmonopolet";"9791401";"Vasse Felix Sauvignon Blanc Semillon 2015";"Vasse Felix Sauvignon Blanc Semillon";"2015";"259";"0.75";"345.33";"White wine";"Glass";"12.5";"2.7626667"
"Vinmonopolet";"9791501";"Pewsey Vale Contours Riesling 2014";"Pewsey Vale Contours Riesling";"2014";"269";"0.75";"358.67";"White wine";"Glass";"11.5";"3.1188407"
"Vinmonopolet";"9791601";"Landron Amphibolite Nature 2018";"Landron Amphibolite Nature";"2018";"199.9";"0.75";"266.53";"White wine";"Glass";"12";"2.221111"
"Vinmonopolet";"9792901";"Tilquin Oude Gueuze Ã lâancienne 2016";"Tilquin Oude Gueuze Ã lâancienne";"2016";"149.9";"0.75";"199.87";"SurÃ¸l";"Glass";"6.4";"3.1229165"
"Vinmonopolet";"9793002";"Tilquin Oude Gueuze Ã l'Ancienne";"Tilquin Oude Gueuze Ã l'Ancienne";"0";"88.9";"0.38";"237.07";"SurÃ¸l";"Glass";"6.4";"3.6554277"
"Vinmonopolet";"9793701";"Bottega Gold Treviso Prosecco Brut 2018";"Bottega Gold Treviso Prosecco Brut";"2018";"225";"0.75";"300";"Sparkling wine";"Glass";"11";"2.7272727"
"Vinmonopolet";"9793705";"Bottega Gold Treviso Prosecco Brut";"Bottega Gold Treviso Prosecco Brut";"0";"499.9";"1.5";"333.27";"Sparkling wine";"Glass";"11";"3.029697"
"Vinmonopolet";"9794101";"Velloso Brandy Gran Reserva 18 	";"Velloso Brandy Gran Reserva 18";"0";"389.9";"0.7";"557";"Grape spirit";"Glass";"36";"1.5472223"
"Vinmonopolet";"9794301";"Hallands FlÃ¤der";"Hallands FlÃ¤der";"0";"324.9";"0.7";"464.14";"Other spirit";"Glass";"38";"1.2214285"
"Vinmonopolet";"9794701";"Gigi Rosso Nebbiolo d'Alba 2012";"Gigi Rosso Nebbiolo d'Alba";"2012";"209.9";"0.75";"279.87";"RÃ¸dvin";"Glass";"14";"1.9990475"
"Vinmonopolet";"9795107";"Le Contesse Treviso Prosecco Extra Dry";"Le Contesse Treviso Prosecco Extra Dry";"0";"749.9";"3";"249.97";"Sparkling wine";"Glass";"11";"2.2724242"
"Vinmonopolet";"9795501";"Gaba do Xil Mencia 2018";"Gaba do Xil Mencia";"2018";"173.9";"0.75";"231.87";"RÃ¸dvin";"Glass";"13.5";"1.7175308"
"Vinmonopolet";"9795901";"Dessertvin frÃ¥ Hardanger 2011";"Dessertvin frÃ¥ Hardanger";"2011";"326.6";"0.7";"466.57";"Other spirit";"Glass";"17";"2.7445378"
"Vinmonopolet";"9796002";"Hardanger EplelikÃ¸r 2017";"Hardanger EplelikÃ¸r";"2017";"322.7";"0.5";"645.4";"LikÃ¸r";"Glass";"21";"3.0733335"
"Vinmonopolet";"9796605";"Dom. de l'Arlot Clos des Forets St Georges 2017";"Dom. de l'Arlot Clos des Forets St Georges";"2017";"2194.9";"1.5";"1463.27";"RÃ¸dvin";"Glass";"13";"11.255897"
"Vinmonopolet";"9798902";"Hornbeer Black Magic Woman";"Hornbeer Black Magic Woman";"0";"79.9";"0.5";"159.8";"Porter and stout";"Glass";"10";"1.598"
"Vinmonopolet";"9800401";"Casa Valduga Espumante Brut 130";"Casa Valduga Espumante Brut 130";"0";"224.9";"0.75";"299.87";"Sparkling wine";"Glass";"13";"2.3066666"
"Vinmonopolet";"9800501";"Casa Valduga Brandy XV";"Casa Valduga Brandy XV";"0";"737.7";"0.7";"1053.86";"Grape spirit";"Glass";"39";"2.7021978"
"Vinmonopolet";"9803701";"Corimbo 2015";"Corimbo";"2015";"329.9";"0.75";"439.87";"RÃ¸dvin";"Glass";"14.5";"3.0335631"
"Vinmonopolet";"9803801";"Absolut Elyx";"Absolut Elyx";"0";"589.9";"0.7";"842.71";"Vodka";"Glass";"42.3";"1.9922326"
"Vinmonopolet";"9804201";"Mombasa Club Gin";"Mombasa Club Gin";"0";"529.9";"0.7";"757";"Gin";"Glass";"41.5";"1.8240964"
"Vinmonopolet";"9804306";"Casillero del Diablo Cabernet Sauvignon 2018";"Casillero del Diablo Cabernet Sauvignon";"2018";"394.9";"3";"131.63";"RÃ¸dvin";"Bag-in-box";"12.5";"1.0530666"
"Vinmonopolet";"9805401";"Teanum Favugne San Severo 2014";"Teanum Favugne San Severo";"2014";"139.9";"0.75";"186.53";"RÃ¸dvin";"Glass";"13";"1.4348717"
"Vinmonopolet";"9805801";"Bret Brothers MÃ¢con-Chardonnay 2017";"Bret Brothers MÃ¢con-Chardonnay";"2017";"280";"0.75";"373.33";"White wine";"Glass";"12";"3.1111112"
"Vinmonopolet";"9806105";"Gaston Chiquet d'AÃ¿ Blanc de Blancs Brut";"Gaston Chiquet d'AÃ¿ Blanc de Blancs Brut";"0";"633.8";"1.5";"422.53";"Champagne, brut";"Glass";"12.5";"3.3802667"
"Vinmonopolet";"9806801";"Graci ArcurÃ¬a Etna Bianco 2016";"Graci ArcurÃ¬a Etna Bianco";"2016";"519.9";"0.75";"693.2";"White wine";"Glass";"12.5";"5.5456004"
"Vinmonopolet";"9817502";"Doz de Dauzanges Calvados VS";"Doz de Dauzanges Calvados VS";"0";"239";"0.35";"682.86";"Fruit spirit";"Glass";"40";"1.7071428"
"Vinmonopolet";"9819101";"Francoise Bedel L'Ãme de la Terre Extra Brut 2005";"Francoise Bedel L'Ãme de la Terre Extra Brut";"2005";"649";"0.75";"865.33";"Champagne extra brut";"Glass";"12";"7.211111"
"Vinmonopolet";"9819701";"Louis Pascal Touraine Sauvignon Blanc 2017";"Louis Pascal Touraine Sauvignon Blanc";"2017";"179.9";"0.75";"239.87";"White wine";"Glass";"13.5";"1.77679"
"Vinmonopolet";"9819801";"Markus Molitor Zeltinger Sonnenuhr Riesling Kabinett 2018";"Markus Molitor Zeltinger Sonnenuhr Riesling Kabinett";"2018";"179.9";"0.75";"239.87";"White wine";"Glass";"7.5";"3.1982222"
"Vinmonopolet";"9820001";"Pardon my French Cab. Sauv. 2018";"Pardon my French Cab. Sauv.";"2018";"119.9";"0.75";"159.87";"RÃ¸dvin";"Plast";"12";"1.3322222"
"Vinmonopolet";"9821501";"AndrÃ© et Mireille Tissot CrÃ©mant du Jura RosÃ©";"AndrÃ© et Mireille Tissot CrÃ©mant du Jura RosÃ©";"2019";"299.9";"0.75";"399.87";"Musserende vin, rosÃ©";"Glass";"12.5";"3.1989334"
"Vinmonopolet";"9822401";"San Cassiano Valpolicella";"San Cassiano Valpolicella";"2017";"179.6";"0.75";"239.47";"RÃ¸dvin";"Glass";"13.5";"1.7738272"
"Vinmonopolet";"9822501";"San Cassiano Valpolicella Ripasso Superiore";"San Cassiano Valpolicella Ripasso Superiore";"2014";"229.4";"0.75";"305.87";"RÃ¸dvin";"Glass";"14.5";"2.1094253"
"Vinmonopolet";"9823101";"La Quercia Mastrobono Montepulciano dÂ´Abruzzo Riserva 2009";"La Quercia Mastrobono Montepulciano dÂ´Abruzzo Riserva";"2009";"298.9";"0.75";"398.53";"RÃ¸dvin";"Glass";"14";"2.8466666"
"Vinmonopolet";"9823301";"San Cassiano Amarone della Valpolicella";"San Cassiano Amarone della Valpolicella";"2014";"398.9";"0.75";"531.87";"RÃ¸dvin";"Glass";"15.5";"3.431398"
"Vinmonopolet";"9823402";"San Cassiano Recioto della Valpolicella";"San Cassiano Recioto della Valpolicella";"2015";"359.1";"0.5";"718.2";"RÃ¸dvin";"Glass";"14";"5.13"
"Vinmonopolet";"9823702";"Castellare di Castellina S. Niccolo Vin Santo Del Chianti Classico 2011";"Castellare di Castellina S. Niccolo Vin Santo Del Chianti Classico";"2011";"329.6";"0.38";"878.93";"White wine";"Glass";"16";"5.421053"
"Vinmonopolet";"9824502";"Bitter Truth Violet Liqueur";"Bitter Truth Violet Liqueur";"0";"364.9";"0.5";"729.8";"LikÃ¸r";"Glass";"22";"3.3172727"
"Vinmonopolet";"9825001";"Cocchi Rosa Americano";"Cocchi Rosa Americano";"0";"316.9";"0.75";"422.53";"Flavoured wine	";"Glass";"16.5";"2.560808"
"Vinmonopolet";"9825101";"Il Faggio Montepulciano d'Abruzzo 2016";"Il Faggio Montepulciano d'Abruzzo";"2016";"149";"0.75";"198.67";"RÃ¸dvin";"Glass";"13";"1.5282052"
"Vinmonopolet";"9830401";"Leitz Riesling Roseneck Katerloch 2011";"Leitz Riesling Roseneck Katerloch";"2011";"289.8";"0.75";"386.4";"White wine";"Glass";"13";"2.9723077"
"Vinmonopolet";"9830501";"Leitz RÃ¼desheimer Berg Schlossberg Riesling Alte Reben 2011";"Leitz RÃ¼desheimer Berg Schlossberg Riesling Alte Reben";"2011";"259.8";"0.75";"346.4";"White wine";"Glass";"13.5";"2.5659258"
"Vinmonopolet";"9830601";"KragerÃ¸ Cognac XO";"KragerÃ¸ Cognac XO";"0";"629";"0.7";"898.57";"Grape spirit";"Glass";"40";"2.2464287"
"Vinmonopolet";"9830701";"Trondhjem Cognac XO";"Trondhjem Cognac XO";"0";"610";"0.7";"871.43";"Grape spirit";"Glass";"40";"2.1785715"
"Vinmonopolet";"9830801";"Polarsirkelen Cognac VSOP";"Polarsirkelen Cognac VSOP";"0";"560";"0.7";"800";"Grape spirit";"Glass";"40";"2"
"Vinmonopolet";"9830901";"Helgeland Cognac VSOP";"Helgeland Cognac VSOP";"0";"560";"0.7";"800";"Grape spirit";"Glass";"40";"2"
"Vinmonopolet";"9831101";"Gosset Grand Blanc de Blancs Brut";"Gosset Grand Blanc de Blancs Brut";"0";"629";"0.75";"838.67";"Champagne, brut";"Glass";"12";"6.9888887"
"Vinmonopolet";"9831501";"Gosset Grand Millesime Brut 2012";"Gosset Grand Millesime Brut";"2012";"699";"0.75";"932";"Champagne, brut";"Glass";"12";"7.766667"
"Vinmonopolet";"9831601";"Boucabeille Monte Nero 2016";"Boucabeille Monte Nero";"2016";"230";"0.75";"306.67";"RÃ¸dvin";"Glass";"14.5";"2.1149426"
"Vinmonopolet";"9831701";"Boucabeille Les Terrasses 2016";"Boucabeille Les Terrasses";"2016";"165";"0.75";"220";"RÃ¸dvin";"Glass";"14";"1.5714285"
"Vinmonopolet";"9831801";"Birkedal Hartmann Sandefjord XO";"Birkedal Hartmann Sandefjord XO";"0";"629";"0.7";"898.57";"Grape spirit";"Glass";"40";"2.2464287"
"Vinmonopolet";"9834402";"Brouwerij de Molen Rasputin";"Brouwerij de Molen Rasputin";"0";"72.9";"0.33";"220.91";"Porter and stout";"Glass";"10.4";"2.124126"
"Vinmonopolet";"9838401";"KÃ¼nstler Inspiration Pinot Noir RosÃ© Trocken 2019";"KÃ¼nstler Inspiration Pinot Noir RosÃ© Trocken";"2019";"179.9";"0.75";"239.87";"RosÃ©vin";"Glass";"12";"1.9988889"
"Vinmonopolet";"9845301";"Villa Ponciago Fleurie CuvÃ©e les Hauts du Py 2017";"Villa Ponciago Fleurie CuvÃ©e les Hauts du Py";"2017";"314.9";"0.75";"419.87";"RÃ¸dvin";"Glass";"13";"3.2297435"
"Vinmonopolet";"9845401";"Villa Ponciago La RÃ©serve Fleurie 2015";"Villa Ponciago La RÃ©serve Fleurie";"2015";"260.9";"0.75";"347.87";"RÃ¸dvin";"Glass";"13";"2.6758974"
"Vinmonopolet";"9845501";"Villa Ponciago Grande CuvÃ©e Beaujolais Villages 2017";"Villa Ponciago Grande CuvÃ©e Beaujolais Villages";"2017";"189.9";"0.75";"253.2";"RÃ¸dvin";"Glass";"12.5";"2.0256"
"Vinmonopolet";"9845505";"Villa Ponciago Beaujolais Village 2015";"Villa Ponciago Beaujolais Village";"2015";"459.9";"1.5";"306.6";"RÃ¸dvin";"Glass";"13.5";"2.271111"
"Vinmonopolet";"9845507";"Villa Ponciago Grande CuvÃ©e Beaujolais Villages 2016";"Villa Ponciago Grande CuvÃ©e Beaujolais Villages";"2016";"1323.9";"3";"441.3";"RÃ¸dvin";"Glass";"13.5";"3.268889"
"Vinmonopolet";"9845801";"Piccini Prosecco Extra Dry";"Piccini Prosecco Extra Dry";"0";"169.9";"0.75";"226.53";"Sparkling wine";"Glass";"11";"2.059394"
"Vinmonopolet";"9846001";"Larsen Topaz Yellow Viking Ship";"Larsen Topaz Yellow Viking Ship";"0";"1649.9";"0.7";"2357";"Grape spirit";"Glass";"40";"5.8925004"
"Vinmonopolet";"9846101";"Larsen Jade Green Viking Ship";"Larsen Jade Green Viking Ship";"0";"1649.9";"0.7";"2357";"Grape spirit";"Glass";"40";"5.8925004"
"Vinmonopolet";"9846901";"Guerrieri Rizzardi Prosecco Extra Dry";"Guerrieri Rizzardi Prosecco Extra Dry";"0";"205.9";"0.75";"274.53";"Sparkling wine";"Glass";"11";"2.4957576"
"Vinmonopolet";"9847001";"Franchetto Soave La Capelina 2015";"Franchetto Soave La Capelina";"2015";"159";"0.75";"212";"White wine";"Glass";"12";"1.7666667"
"Vinmonopolet";"9847102";"Franchetto Recioto di Soave Santin Duico 2008";"Franchetto Recioto di Soave Santin Duico";"2008";"199";"0.5";"398";"White wine";"Glass";"13.5";"2.9481483"
"Vinmonopolet";"9847302";"Spirit of Hven Gin";"Spirit of Hven Gin";"0";"569";"0.5";"1138";"Gin";"Glass";"40";"2.845"
"Vinmonopolet";"9847402";"Grolsch Premium Lager";"Grolsch Premium Lager";"0";"45.9";"0.45";"102";"Light lager";"Glass";"5";"2.0400002"
"Vinmonopolet";"9849001";"Karl May Riesling Trocken 2018";"Karl May Riesling Trocken";"2018";"164.9";"0.75";"219.87";"White wine";"Glass";"12";"1.8322221"
"Vinmonopolet";"9853201";"Cascina Corte Langhe Barbera 2015";"Cascina Corte Langhe Barbera";"2015";"299.9";"0.75";"399.87";"RÃ¸dvin";"Glass";"14.5";"2.7577012"
"Vinmonopolet";"9855401";"Vocoret Chablis Grand Cru Blanchots 2015";"Vocoret Chablis Grand Cru Blanchots";"2015";"495";"0.75";"660";"White wine";"Glass";"13";"5.076923"
"Vinmonopolet";"9855701";"Duval-Leroy Brut";"Duval-Leroy Brut";"0";"450";"0.75";"600";"Champagne, brut";"Glass";"12";"5"
"Vinmonopolet";"9855705";"Duval-Leroy Brut";"Duval-Leroy Brut";"0";"1050";"1.5";"700";"Champagne, brut";"Glass";"12";"5.8333335"
"Vinmonopolet";"9855707";"Duval-Leroy Brut Reserve";"Duval-Leroy Brut Reserve";"0";"2800";"3";"933.33";"Champagne, brut";"Glass";"12";"7.7777777"
"Vinmonopolet";"9856001";"Karl May Osthofener Riesling Trocken 2017";"Karl May Osthofener Riesling Trocken";"2017";"149.9";"0.75";"199.87";"White wine";"Glass";"12.5";"1.5989332"
"Vinmonopolet";"9856301";"Philippe ThÃ©venin LÂ´Extra T Extra Brut";"Philippe ThÃ©venin LÂ´Extra T Extra Brut";"0";"379.9";"0.75";"506.53";"Champagne, brut";"Glass";"12";"4.221111"
"Vinmonopolet";"9857001";"Feuillat-Juillot Montagny Les CrÃªts 2015";"Feuillat-Juillot Montagny Les CrÃªts";"2015";"254.5";"0.75";"339.33";"White wine";"Glass";"13";"2.6102564"
"Vinmonopolet";"9858902";"Bardinet VSOP";"Bardinet VSOP";"0";"177.9";"0.35";"508.29";"Grape spirit";"Plast";"36";"1.4119047"
"Vinmonopolet";"9861401";"Murviedro Reserva 2015";"Murviedro Reserva";"2015";"159.9";"0.75";"213.2";"RÃ¸dvin";"Glass";"13.5";"1.5792592"
"Vinmonopolet";"9861601";"Murviedro Tinto 2015";"Murviedro Tinto";"2015";"134.9";"0.75";"179.87";"RÃ¸dvin";"Glass";"12.5";"1.4389333"
"Vinmonopolet";"9861701";"Bassus Pinot Noir 2017";"Bassus Pinot Noir";"2017";"339.9";"0.75";"453.2";"RÃ¸dvin";"Glass";"14";"3.2371428"
"Vinmonopolet";"9861902";"Marius Egge Gin";"Marius Egge Gin";"2012";"347";"0.5";"694";"Gin";"Glass";"40";"1.735"
"Vinmonopolet";"9862002";"Egge GÃ¥rd Vodka med jordbÃ¦r";"Egge GÃ¥rd Vodka med jordbÃ¦r";"2012";"337.5";"0.5";"675";"Vodka";"Glass";"40";"1.6875"
"Vinmonopolet";"9862701";"Juve y Camps Brut Rose";"Juve y Camps Brut Rose";"2018";"189.9";"0.75";"253.2";"Musserende vin, rosÃ©";"Glass";"12";"2.11"
"Vinmonopolet";"9862801";"Denavolo Catavela 2018";"Denavolo Catavela";"2018";"224.9";"0.75";"299.87";"White wine";"Glass";"9";"3.3318517"
"Vinmonopolet";"9863301";"Cadette Bourgogne VÃ©zelay 2018";"Cadette Bourgogne VÃ©zelay";"2018";"300";"0.75";"400";"White wine";"Glass";"15";"2.6666667"
"Vinmonopolet";"9863801";"Le Trame 2016";"Le Trame";"2016";"449.9";"0.75";"599.87";"RÃ¸dvin";"Glass";"13.5";"4.4434566"
"Vinmonopolet";"9864001";"PÃ©piÃ¨re Muscadet Sevre et Maine Sur Lie Briords Vieilles Vignes 2017";"PÃ©piÃ¨re Muscadet Sevre et Maine Sur Lie Briords Vieilles Vignes";"2017";"249.9";"0.75";"333.2";"White wine";"Glass";"12";"2.7766666"
"Vinmonopolet";"9864201";"Les Gras Moutons Muscadet SÃ¨vre et Maine sur lie 2017";"Les Gras Moutons Muscadet SÃ¨vre et Maine sur lie";"2017";"249.9";"0.75";"333.2";"White wine";"Glass";"12";"2.7766666"
"Vinmonopolet";"9864501";"Calcinaia Chianti Classico Riserva 2011";"Calcinaia Chianti Classico Riserva";"2011";"239.8";"0.75";"319.73";"RÃ¸dvin";"Glass";"14";"2.2838097"
"Vinmonopolet";"9864601";"Calcinaia Chianti Classico Capponi 2013";"Calcinaia Chianti Classico Capponi";"2013";"179.6";"0.75";"239.47";"RÃ¸dvin";"Glass";"13.5";"1.7738272"
"Vinmonopolet";"9864701";"Pardas Collita Roja 2014";"Pardas Collita Roja";"2014";"289";"0.75";"385.33";"RÃ¸dvin";"Glass";"12.5";"3.0826666"
"Vinmonopolet";"9865101";"Huber Verdereau Bourgogne Chardonnay 2017";"Huber Verdereau Bourgogne Chardonnay";"2017";"259";"0.75";"345.33";"White wine";"Glass";"12.5";"2.7626667"
"Vinmonopolet";"9866201";"Porello Birbet 2016";"Porello Birbet";"2016";"137";"0.75";"182.67";"Perlende vin, rÃ¸d";"Glass";"5";"3.6533334"
"Vinmonopolet";"9866301";"Porello Roero Arneis CamestrÃ¬ 2018";"Porello Roero Arneis CamestrÃ¬";"2018";"185";"0.75";"246.67";"White wine";"Glass";"13";"1.8974359"
"Vinmonopolet";"9866901";"PflÃ¼ger DÃ¼rkheimer Michelsberg Riesling Trocken 2017";"PflÃ¼ger DÃ¼rkheimer Michelsberg Riesling Trocken";"2017";"269.9";"0.75";"359.87";"White wine";"Glass";"13";"2.7682052"
"Vinmonopolet";"9867001";"Axel Pauly Generations Riesling 2018";"Axel Pauly Generations Riesling";"2018";"194";"0.75";"258.67";"White wine";"Glass";"11";"2.351515"
"Vinmonopolet";"9869001";"Gaia Agiorgitiko 2017";"Gaia Agiorgitiko";"2017";"199.9";"0.75";"266.53";"RÃ¸dvin";"Glass";"13.5";"1.9743209"
"Vinmonopolet";"9869101";"Gaia Thalassitis 2016";"Gaia Thalassitis";"2016";"285";"0.75";"380";"White wine";"Glass";"13";"2.9230769"
"Vinmonopolet";"9869201";"Assyrtiko by Gaia Wild Ferment 2018";"Assyrtiko by Gaia Wild Ferment";"2018";"269.9";"0.75";"359.87";"White wine";"Glass";"13.5";"2.665679"
"Vinmonopolet";"9870101";"Limonio Liquore di Limone";"Limonio Liquore di Limone";"0";"465";"0.7";"664.29";"LikÃ¸r";"Glass";"35";"1.8979592"
"Vinmonopolet";"9870202";"Limonio Fico d'India";"Limonio Fico d'India";"0";"294.5";"0.5";"589";"LikÃ¸r";"Glass";"30";"1.9633334"
"Vinmonopolet";"9870302";"Limonio Arancione";"Limonio Arancione";"0";"465";"0.5";"930";"LikÃ¸r";"Glass";"30";"3.1"
"Vinmonopolet";"9870402";"Limonio Mandaretto";"Limonio Mandaretto";"0";"365";"0.5";"730";"LikÃ¸r";"Glass";"35";"2.0857143"
"Vinmonopolet";"9870602";"Limonio Cannella";"Limonio Cannella";"0";"365";"0.5";"730";"LikÃ¸r";"Glass";"32";"2.28125"
"Vinmonopolet";"9871501";"Sparkling Sexy RosÃ© Brut";"Sparkling Sexy RosÃ© Brut";"0";"199";"0.75";"265.33";"Musserende vin, rosÃ©";"Glass";"12.5";"2.1226666"
"Vinmonopolet";"9872602";"FrÃ¼h KÃ¶lsch";"FrÃ¼h KÃ¶lsch";"0";"56.2";"0.5";"112.4";"Light ale";"Glass";"4.8";"2.3416667"
"Vinmonopolet";"9872701";"Ch. de Puligny-Montrachet Bourgogne Clos du Chateau 2016";"Ch. de Puligny-Montrachet Bourgogne Clos du Chateau";"2016";"389.9";"0.75";"519.87";"White wine";"Glass";"12.5";"4.158933"
"Vinmonopolet";"9872801";"Ch. de Puligny-Montrachet 2016";"Ch. de Puligny-Montrachet";"2016";"749.9";"0.75";"999.87";"White wine";"Glass";"12.5";"7.998934"
"Vinmonopolet";"9873001";"Ch. de Puligny-Montrachet Saint-Aubin 1. Cru En Remilly 2016";"Ch. de Puligny-Montrachet Saint-Aubin 1. Cru En Remilly";"2016";"529.9";"0.75";"706.53";"White wine";"Glass";"12.5";"5.652267"
"Vinmonopolet";"9873201";"Ch. de Puligny-Montrachet Chevalier-Montrachet Grand Cru 2014";"Ch. de Puligny-Montrachet Chevalier-Montrachet Grand Cru";"2014";"3579.9";"0.75";"4773.2";"White wine";"Glass";"12.5";"38.1856"
"Vinmonopolet";"9873501";"Ch. de Puligny-Montrachet Meursault 1. Cru Les Poruzots 2015";"Ch. de Puligny-Montrachet Meursault 1. Cru Les Poruzots";"2015";"879.9";"0.75";"1173.2";"White wine";"Glass";"12.5";"9.3856"
"Vinmonopolet";"9873601";"Ch. de Puligny-Montrachet Puligny-Montrachet 1. Cru Les Folatieres 2016";"Ch. de Puligny-Montrachet Puligny-Montrachet 1. Cru Les Folatieres";"2016";"1019.9";"0.75";"1359.87";"White wine";"Glass";"12.5";"10.878934"
"Vinmonopolet";"9874901";"Stift GÃ¶ttweig Furth Kremstal GrÃ¼ner Veltliner 2018";"Stift GÃ¶ttweig Furth Kremstal GrÃ¼ner Veltliner";"2018";"204.9";"0.75";"273.2";"White wine";"Glass";"12.5";"2.1856"
"Vinmonopolet";"9875102";"Louis Eschenauer Sauternes 2017";"Louis Eschenauer Sauternes";"2017";"184.9";"0.5";"369.8";"White wine";"Glass";"13";"2.8446152"
"Vinmonopolet";"9875501";"Cailbourdin Pouilly-FumÃ© Triptyque 2016";"Cailbourdin Pouilly-FumÃ© Triptyque";"2016";"399.9";"0.75";"533.2";"White wine";"Glass";"13";"4.101538"
"Vinmonopolet";"9876506";"Geir Skeies Chardonnay 2016";"Geir Skeies Chardonnay";"2016";"306.7";"3";"102.23";"White wine";"Bag-in-box";"13";"0.7864103"
"Vinmonopolet";"9881301";"Dom. PÃ©rilliÃ¨re Sinargues Vieilles Vignes 2018";"Dom. PÃ©rilliÃ¨re Sinargues Vieilles Vignes";"2018";"194.9";"0.75";"259.87";"RÃ¸dvin";"Glass";"14.5";"1.7921839"
"Vinmonopolet";"9888501";"Edinburgh Original Gin";"Edinburgh Original Gin";"0";"519.9";"0.7";"742.71";"Gin";"Glass";"43";"1.7272426"
"Vinmonopolet";"9890901";"Faxe Premium Danish Lager Beer";"Faxe Premium Danish Lager Beer";"0";"94.9";"1";"94.9";"Light lager";"Metall";"5";"1.898"
"Vinmonopolet";"9891001";"Faxe Extra Strong Beer";"Faxe Extra Strong Beer";"0";"119.8";"1";"119.8";"Light lager";"Metall";"10";"1.1980001"
"Vinmonopolet";"9891201";"Piper-Heidsieck Rare Brut";"Piper-Heidsieck Rare Brut";"2006";"1399.9";"0.75";"1866.53";"Champagne, brut";"Glass";"12";"15.554444"
"Vinmonopolet";"9892201";"Ch. Castera 2011";"Ch. Castera";"2011";"225";"0.75";"300";"RÃ¸dvin";"Glass";"13";"2.3076923"
"Vinmonopolet";"9892902";"Hornbeer The Fundamental Blackhorn";"Hornbeer The Fundamental Blackhorn";"0";"79.9";"0.5";"159.8";"Porter and stout";"Glass";"10";"1.598"
"Vinmonopolet";"9893401";"Contrada di San Felice Rosso 2015";"Contrada di San Felice Rosso";"2015";"215";"0.75";"286.67";"RÃ¸dvin";"Glass";"12.5";"2.2933333"
"Vinmonopolet";"9894001";"Samuel SmithÂ´s Organic Cider";"Samuel SmithÂ´s Organic Cider";"0";"61.9";"0.55";"112.55";"Cider";"Glass";"5";"2.250909"
"Vinmonopolet";"9894102";"Flying Dog Doggie Style Classic Pale Ale";"Flying Dog Doggie Style Classic Pale Ale";"0";"61.9";"0.35";"174.37";"Pale ale";"Glass";"5.5";"3.2155845"
"Vinmonopolet";"9894402";"Flying Dog Raging Bitch";"Flying Dog Raging Bitch";"0";"70.9";"0.35";"199.72";"India pale ale";"Glass";"8.3";"2.4406197"
"Vinmonopolet";"9895701";"Glen Scanlan";"Glen Scanlan";"0";"475";"1";"475";"Whisky";"Glass";"40";"1.1875"
"Vinmonopolet";"9895702";"Glen Scanlan";"Glen Scanlan";"0";"184.9";"0.35";"528.29";"Whisky";"Glass";"40";"1.3207142"
"Vinmonopolet";"9895901";"Adelphi Private Stock";"Adelphi Private Stock";"0";"449";"0.7";"641.43";"Whisky";"Glass";"40";"1.6035714"
"Vinmonopolet";"9896001";"SÃ©minaire CÃ´tes du RhÃ´ne 2019";"SÃ©minaire CÃ´tes du RhÃ´ne";"2019";"149.9";"0.75";"199.87";"RÃ¸dvin";"Glass";"14";"1.427619"
"Vinmonopolet";"9896201";"Vinetti de Fiorini Chianti 2017";"Vinetti de Fiorini Chianti";"2017";"149.9";"0.75";"199.87";"RÃ¸dvin";"Glass";"12.5";"1.5989332"
"Vinmonopolet";"9896207";"Vinetti de Fiorini Chianti";"Vinetti de Fiorini Chianti";"2016";"695";"3";"231.67";"RÃ¸dvin";"Glass";"12.5";"1.8533334"
"Vinmonopolet";"9896306";"Piccini Memoro Rosso";"Piccini Memoro Rosso";"0";"459.9";"3";"153.3";"RÃ¸dvin";"Bag-in-box";"14";"1.095"
"Vinmonopolet";"9896501";"Vignobles & Compagnie Camionette Pays des Bouches du RhÃ´ne 2017";"Vignobles & Compagnie Camionette Pays des Bouches du RhÃ´ne";"2017";"135.9";"0.75";"181.2";"RÃ¸dvin";"Glass";"12.5";"1.4496"
"Vinmonopolet";"9897105";"Le Contesse Treviso Prosecco Extra Dry";"Le Contesse Treviso Prosecco Extra Dry";"0";"349.9";"1.5";"233.27";"Sparkling wine";"Glass";"11";"2.120606"
"Vinmonopolet";"9905501";"Duseigneur Saint-Joseph 2011";"Duseigneur Saint-Joseph";"2011";"268";"0.75";"357.33";"RÃ¸dvin";"Glass";"12.5";"2.8586667"
"Vinmonopolet";"9907201";"Cono Sur Ocio Pinot Noir 2014";"Cono Sur Ocio Pinot Noir";"2014";"499.9";"0.75";"666.53";"RÃ¸dvin";"Glass";"14";"4.7609525"
"Vinmonopolet";"9907301";"Gabriel Meffre Crozes Hermitage Saint Pierre 2017";"Gabriel Meffre Crozes Hermitage Saint Pierre";"2017";"269.9";"0.75";"359.87";"RÃ¸dvin";"Glass";"12.5";"2.8789332"
"Vinmonopolet";"9907401";"Cono Sur Single Vineyard Block 25 La Palma Syrah 2016";"Cono Sur Single Vineyard Block 25 La Palma Syrah";"2016";"199.9";"0.75";"266.53";"RÃ¸dvin";"Glass";"14";"1.9038094"
"Vinmonopolet";"9907501";"Dom. de TrÃ©vallon 2012";"Dom. de TrÃ©vallon";"2012";"539.9";"0.75";"719.87";"RÃ¸dvin";"Glass";"13";"5.537436"
"Vinmonopolet";"9907601";"Noble Vines 667 Pinot Noir 2017";"Noble Vines 667 Pinot Noir";"2017";"174.9";"0.75";"233.2";"RÃ¸dvin";"Glass";"14.5";"1.6082758"
"Vinmonopolet";"9907701";"Ronan by Clinet 2014";"Ronan by Clinet";"2014";"209.9";"0.75";"279.87";"RÃ¸dvin";"Glass";"12.5";"2.2389333"
"Vinmonopolet";"9908201";"Duseigneur Lirac L'Astrolabe 2010";"Duseigneur Lirac L'Astrolabe";"2010";"201.8";"0.75";"269.07";"RÃ¸dvin";"Glass";"14";"1.9219048"
"Vinmonopolet";"9908501";"Giacomo Fenocchio Barolo Villero 2012";"Giacomo Fenocchio Barolo Villero";"2012";"479.3";"0.75";"639.07";"RÃ¸dvin";"Glass";"14.5";"4.4073563"
"Vinmonopolet";"9908601";"Giacomo Fenocchio Barbera D'Alba Superiore 2018";"Giacomo Fenocchio Barbera D'Alba Superiore";"2018";"224.8";"0.75";"299.73";"RÃ¸dvin";"Glass";"14.5";"2.0671265"
"Vinmonopolet";"9908702";"Fuller's London Porter";"Fuller's London Porter";"0";"55.5";"0.5";"111";"Porter and stout";"Glass";"5.4";"2.0555556"
"Vinmonopolet";"9908801";"Giacomo Fenocchio Barolo Cannubi 2015";"Giacomo Fenocchio Barolo Cannubi";"2015";"516.3";"0.75";"688.4";"RÃ¸dvin";"Glass";"14.5";"4.7475863"
"Vinmonopolet";"9908901";"Ch. de Pellehaut Tenareze Armagnac";"Ch. de Pellehaut Tenareze Armagnac";"0";"469.9";"0.7";"671.29";"Grape spirit";"Glass";"40";"1.6782143"
"Vinmonopolet";"9909701";"Angiolino Maule Sassaia 2018";"Angiolino Maule Sassaia";"2018";"269.9";"0.75";"359.87";"White wine";"Glass";"12";"2.9988887"
"Vinmonopolet";"9909801";"Angiolino Maule Rosso Masieri 2018";"Angiolino Maule Rosso Masieri";"2018";"259.9";"0.75";"346.53";"RÃ¸dvin";"Glass";"13";"2.665641"
"Vinmonopolet";"9910202";"Berentsens Nori Seaweed Snaps Ginger";"Berentsens Nori Seaweed Snaps Ginger";"0";"257.7";"0.5";"515.4";"Other spirit";"Glass";"21.5";"2.3972094"
"Vinmonopolet";"9910701";"Sardus Pater Carignano del Sulcis Is Solus 2018";"Sardus Pater Carignano del Sulcis Is Solus";"2018";"179.9";"0.75";"239.87";"RÃ¸dvin";"Glass";"14";"1.7133332"
"Vinmonopolet";"9910801";"Niepoort Coche 2018";"Niepoort Coche";"2018";"649.9";"0.75";"866.53";"White wine";"Glass";"11";"7.877576"
"Vinmonopolet";"9911801";"Ch. Peybonhomme-les-Tours Cru Bourgeois 2017";"Ch. Peybonhomme-les-Tours Cru Bourgeois";"2017";"239.9";"0.75";"319.87";"RÃ¸dvin";"Glass";"13";"2.4605129"
"Vinmonopolet";"9912001";"Alpha Zeta Soave 2018";"Alpha Zeta Soave";"2018";"149.9";"0.75";"199.87";"White wine";"Glass";"12.5";"1.5989332"
"Vinmonopolet";"9912101";"Alpha Zeta Valpolicella 2015";"Alpha Zeta Valpolicella";"2015";"195";"0.75";"260";"RÃ¸dvin";"Glass";"12.5";"2.08"
"Vinmonopolet";"9912201";"Alpha Zeta Valpolicella Superiore Ripasso 2015";"Alpha Zeta Valpolicella Superiore Ripasso";"2015";"229";"0.75";"305.33";"RÃ¸dvin";"Glass";"13.5";"2.2617283"
"Vinmonopolet";"9913501";"Quien Bordeaux 2017";"Quien Bordeaux";"2017";"155";"0.75";"206.67";"RÃ¸dvin";"Glass";"14";"1.4761904"
"Vinmonopolet";"9914301";"Ogier ChÃ¢teauneuf-du-Pape Bois de Pied Redal 2017";"Ogier ChÃ¢teauneuf-du-Pape Bois de Pied Redal";"2017";"319.9";"0.75";"426.53";"RÃ¸dvin";"Glass";"14";"3.0466666"
"Vinmonopolet";"9914601";"DiplomÃ¡tico Mantuano";"DiplomÃ¡tico Mantuano";"0";"499";"0.7";"712.86";"Rum";"Glass";"40";"1.7821429"
"Vinmonopolet";"9914801";"DiplomÃ¡tico Ambassador Selection";"DiplomÃ¡tico Ambassador Selection";"0";"2369";"0.7";"3384.29";"Rum";"Glass";"47";"7.2006083"
"Vinmonopolet";"9914901";"DiplomÃ¡tico Reserva Exclusiva 12 Anejo";"DiplomÃ¡tico Reserva Exclusiva 12 Anejo";"0";"629.9";"0.7";"899.86";"Rum";"Glass";"40";"2.249643"
"Vinmonopolet";"9915101";"Ariyanas Seco Sobre Lias Finas 2017";"Ariyanas Seco Sobre Lias Finas";"2017";"305";"0.75";"406.67";"White wine";"Glass";"13.5";"3.0123458"
"Vinmonopolet";"9921801";"Mar de Frades Albarino 2018";"Mar de Frades Albarino";"2018";"200.6";"0.75";"267.47";"White wine";"Glass";"12.5";"2.1397333"
"Vinmonopolet";"9923402";"SolÃ¸r Akevitt";"SolÃ¸r Akevitt";"0";"365";"0.5";"730";"Aquavit";"Glass";"40";"1.825"
"Vinmonopolet";"9923601";"Lakseaquavit";"Lakseaquavit";"0";"447.9";"0.7";"639.86";"Aquavit";"Glass";"38";"1.6838346"
"Vinmonopolet";"9923902";"St Feuillien Grand Cru";"St Feuillien Grand Cru";"0";"63.9";"0.33";"193.64";"Trappist";"Glass";"9.5";"2.0382774"
"Vinmonopolet";"9924004";"VanderGhinste Roodbruin";"VanderGhinste Roodbruin";"0";"38.9";"0.25";"155.6";"SurÃ¸l";"Glass";"5.5";"2.829091"
"Vinmonopolet";"9924102";"Sierra Nevada Porter";"Sierra Nevada Porter";"0";"52.9";"0.35";"151.14";"Porter and stout";"Glass";"5.6";"2.6989799"
"Vinmonopolet";"9924402";"Omer Traditional Blond Ale";"Omer Traditional Blond Ale";"0";"53.9";"0.33";"163.33";"Light ale";"Glass";"8";"2.0416667"
"Vinmonopolet";"9924502";"CuvÃ©e des Jacobins Rouge";"CuvÃ©e des Jacobins Rouge";"0";"53.9";"0.33";"163.33";"SurÃ¸l";"Glass";"5.5";"2.969697"
"Vinmonopolet";"9924602";"St Feuillien Saison";"St Feuillien Saison";"0";"54.9";"0.33";"166.36";"Saison farmhouse ale";"Glass";"6.5";"2.5594406"
"Vinmonopolet";"9924701";"Glendronach Parliament 21 YO";"Glendronach Parliament 21 YO";"0";"1949.9";"0.7";"2785.57";"Whisky";"Glass";"48";"5.803274"
"Vinmonopolet";"9924801";"Glendronach 12yo Single Malt";"Glendronach 12yo Single Malt";"0";"699.9";"0.7";"999.86";"Whisky";"Glass";"43";"2.3252492"
"Vinmonopolet";"9925001";"Glendronach Allardice 18YO";"Glendronach Allardice 18YO";"0";"1099.9";"0.7";"1571.29";"Whisky";"Glass";"46";"3.4158387"
"Vinmonopolet";"9925601";"Soerlie VSOP Reserve";"Soerlie VSOP Reserve";"0";"529.9";"0.7";"757";"Grape spirit";"Glass";"40";"1.8925002"
"Vinmonopolet";"9925802";"Aspall Premier Cru Dry Suffolk Cyder";"Aspall Premier Cru Dry Suffolk Cyder";"0";"79";"0.5";"158";"Cider";"Glass";"7";"2.2571428"
"Vinmonopolet";"9925902";"Aspall Draught Crisp Suffolk Syder";"Aspall Draught Crisp Suffolk Syder";"0";"70";"0.5";"140";"Cider";"Glass";"5.5";"2.5454545"
"Vinmonopolet";"9926002";"Harviestoun Ola Dubh 12 special reserve ale";"Harviestoun Ola Dubh 12 special reserve ale";"0";"69";"0.33";"209.09";"Porter and stout";"Glass";"8";"2.6136363"
"Vinmonopolet";"9926301";"Zeni Amarone della Valpolicella Classico Vigne Alte 2013";"Zeni Amarone della Valpolicella Classico Vigne Alte";"2013";"389.9";"0.75";"519.87";"RÃ¸dvin";"Glass";"15.5";"3.3539784"
"Vinmonopolet";"9926501";"Zeni Valpolicella Ripasso Superiore Marogne 2016";"Zeni Valpolicella Ripasso Superiore Marogne";"2016";"259.9";"0.75";"346.53";"RÃ¸dvin";"Glass";"14";"2.475238"
"Vinmonopolet";"9927001";"Nik Weis St. Urbans-Hof Wiltinger Alte Reben 2018";"Nik Weis St. Urbans-Hof Wiltinger Alte Reben";"2018";"279";"0.75";"372";"White wine";"Glass";"11.5";"3.2347827"
"Vinmonopolet";"9928101";"Fonterenza Pettirosso 2016";"Fonterenza Pettirosso";"2016";"289.9";"0.75";"386.53";"RÃ¸dvin";"Glass";"13";"2.9733334"
"Vinmonopolet";"9928601";"Casa Ferreirinha Quinta da Leda 2016";"Casa Ferreirinha Quinta da Leda";"2016";"399.9";"0.75";"533.2";"RÃ¸dvin";"Glass";"13.5";"3.9496295"
"Vinmonopolet";"9928801";"Casa Ferreirinha Papa Figos 2018";"Casa Ferreirinha Papa Figos";"2018";"149.9";"0.75";"199.87";"RÃ¸dvin";"Glass";"13.5";"1.4804938"
"Vinmonopolet";"9928901";"Casa Ferreirinha Vinha Grande 2017";"Casa Ferreirinha Vinha Grande";"2017";"159.9";"0.75";"213.2";"RÃ¸dvin";"Glass";"14";"1.5228571"
"Vinmonopolet";"9928905";"Casa Ferreirinha Vinha Grande 2012";"Casa Ferreirinha Vinha Grande";"2012";"349.8";"1.5";"233.2";"RÃ¸dvin";"Glass";"14";"1.6657143"
"Vinmonopolet";"9929001";"Casa Ferreirinha Esteva 2018";"Casa Ferreirinha Esteva";"2018";"135";"0.75";"180";"RÃ¸dvin";"Glass";"13";"1.3846154"
"Vinmonopolet";"9929701";"Balthasar Ress RÃ¼desheimer Riesling Trocken 2017";"Balthasar Ress RÃ¼desheimer Riesling Trocken";"2017";"255";"0.75";"340";"White wine";"Glass";"12";"2.8333333"
"Vinmonopolet";"9929901";"Herbauges Muscadet CÃ¶tes de GrandLieu sur Lie Le LÃ©gendaire 2002";"Herbauges Muscadet CÃ¶tes de GrandLieu sur Lie Le LÃ©gendaire";"2002";"235";"0.75";"313.33";"White wine";"Glass";"12";"2.6111112"
"Vinmonopolet";"9930701";"Bunnahabhain Single Malt Scotch 25 Yo";"Bunnahabhain Single Malt Scotch 25 Yo";"0";"3199.9";"0.7";"4571.29";"Whisky";"Glass";"46.3";"9.873187"
"Vinmonopolet";"9930802";"Stroh Jagertee";"Stroh Jagertee";"0";"309.9";"0.5";"619.8";"LikÃ¸r";"Glass";"40";"1.5495"
"Vinmonopolet";"9931001";"Les FumÃ©es Blanches Lightly Sparkling Sauvignon Blanc 2018";"Les FumÃ©es Blanches Lightly Sparkling Sauvignon Blanc";"2018";"136.9";"0.75";"182.53";"Sparkling white wine";"Glass";"11.5";"1.5872463"
"Vinmonopolet";"9931101";"JosÃ© Pariente Verdejo 2019";"JosÃ© Pariente Verdejo";"2019";"185.1";"0.75";"246.8";"White wine";"Glass";"13";"1.8984616"
"Vinmonopolet";"9931401";"JosÃ© Pariente Verdejo Fermentado en Barrica 2016";"JosÃ© Pariente Verdejo Fermentado en Barrica";"2016";"261.1";"0.75";"348.13";"White wine";"Glass";"13.5";"2.5787654"
"Vinmonopolet";"9931601";"Birkedal Hartmann Bergen XO";"Birkedal Hartmann Bergen XO";"0";"629";"0.7";"898.57";"Grape spirit";"Glass";"40";"2.2464287"
"Vinmonopolet";"9931701";"Birkedal Hartmann Christian Frederik XO";"Birkedal Hartmann Christian Frederik XO";"0";"629";"0.7";"898.57";"Grape spirit";"Glass";"40";"2.2464287"
"Vinmonopolet";"9932201";"Birkedal Hartmann Kongsberg XO";"Birkedal Hartmann Kongsberg XO";"0";"629";"0.7";"898.57";"Grape spirit";"Glass";"40";"2.2464287"
"Vinmonopolet";"9932801";"Birkedal Hartmann Sarpsborg XO";"Birkedal Hartmann Sarpsborg XO";"0";"629";"0.7";"898.57";"Grape spirit";"Glass";"40";"2.2464287"
"Vinmonopolet";"9937901";"Bellavista Uccelanda 2013";"Bellavista Uccelanda";"2013";"465";"0.75";"620";"White wine";"Glass";"13.5";"4.5925927"
"Vinmonopolet";"9939301";"Lindeman's Bin 40 Merlot 2019";"Lindeman's Bin 40 Merlot";"2019";"124.9";"0.75";"166.53";"RÃ¸dvin";"Glass";"14";"1.1895238"
"Vinmonopolet";"9939701";"Casalvento Chianti Classico 2013";"Casalvento Chianti Classico";"2013";"198";"0.75";"264";"RÃ¸dvin";"Glass";"13.5";"1.9555556"
"Vinmonopolet";"9940001";"Les Deux Pins Sauvignon Blanc 2018";"Les Deux Pins Sauvignon Blanc";"2018";"129.9";"0.75";"173.2";"White wine";"Glass";"11";"1.5745454"
"Vinmonopolet";"9941305";"Antiche Terre Amarone della Valpolicella 2016";"Antiche Terre Amarone della Valpolicella";"2016";"598";"1.5";"398.67";"RÃ¸dvin";"Glass";"15.5";"2.572043"
"Vinmonopolet";"9941501";"Gaudio Bricco Mondalino Grignolino 2018";"Gaudio Bricco Mondalino Grignolino";"2018";"266";"0.75";"354.67";"RÃ¸dvin";"Glass";"13.5";"2.6271605"
"Vinmonopolet";"9942001";"Dom. de Brau Pure Cabernet Franc 2015";"Dom. de Brau Pure Cabernet Franc";"2015";"199.9";"0.75";"266.53";"RÃ¸dvin";"Glass";"13";"2.0502563"
"Vinmonopolet";"9942101";"Matassa Cuvee Margeruite 2019";"Matassa Cuvee Margeruite";"2019";"339.9";"0.75";"453.2";"White wine";"Glass";"10.5";"4.3161902"
"Vinmonopolet";"9943001";"Matassa Cuvee Romanissa 2018";"Matassa Cuvee Romanissa";"2018";"379.9";"0.75";"506.53";"RÃ¸dvin";"Glass";"11";"4.6048484"
"Vinmonopolet";"9943101";"Cazes Rivesaltes AmbrÃ© 2005";"Cazes Rivesaltes AmbrÃ©";"2005";"370";"0.75";"493.33";"Fortified wine";"Glass";"17";"2.9019608"
"Vinmonopolet";"9943301";"Cazes Muscat de Rivesaltes";"Cazes Muscat de Rivesaltes";"2017";"260";"0.75";"346.67";"Fortified wine";"Glass";"15";"2.3111112"
"Vinmonopolet";"9943401";"Winemaker's Selection Alberto Fenocchio Barbera d'Alba 2018";"Winemaker's Selection Alberto Fenocchio Barbera d'Alba";"2018";"179.9";"0.75";"239.87";"RÃ¸dvin";"Glass";"13.5";"1.77679"
"Vinmonopolet";"9943601";"Langrosso 2015";"Langrosso";"2015";"169.9";"0.75";"226.53";"RÃ¸dvin";"Glass";"13.5";"1.6780246"
"Vinmonopolet";"9943901";"KÃ¼nstler Hochheim Reichestal SpÃ¤tburgunder Erstes GewÃ¤chs Trocken 2015";"KÃ¼nstler Hochheim Reichestal SpÃ¤tburgunder Erstes GewÃ¤chs Trocken";"2015";"499.9";"0.75";"666.53";"RÃ¸dvin";"Glass";"13";"5.1271796"
"Vinmonopolet";"9945501";"Rocca Giovanni Barolo Mosconi 2011";"Rocca Giovanni Barolo Mosconi";"2011";"469.9";"0.75";"626.53";"RÃ¸dvin";"Glass";"15.5";"4.0421505"
"Vinmonopolet";"9945801";"Darroze Les Grands Assemblages 20 ans d'Ã¢ge";"Darroze Les Grands Assemblages 20 ans d'Ã¢ge";"0";"899";"0.7";"1284.29";"Grape spirit";"Glass";"43";"2.986711"
"Vinmonopolet";"9946501";"Capcanes Mas Picosa 2018";"Capcanes Mas Picosa";"2018";"162.9";"0.75";"217.2";"RÃ¸dvin";"Glass";"14.5";"1.497931"
"Vinmonopolet";"9946701";"Darroze Les Grands Assemblages 40 ans d'Ã¢ge";"Darroze Les Grands Assemblages 40 ans d'Ã¢ge";"0";"1399";"0.7";"1998.57";"Grape spirit";"Glass";"43";"4.6478405"
"Vinmonopolet";"9946901";"Darroze Les Grands Assemblages 8 ans d'Ãge";"Darroze Les Grands Assemblages 8 ans d'Ãge";"0";"675";"0.7";"964.29";"Grape spirit";"Glass";"43";"2.2425249"
"Vinmonopolet";"9947007";"Tommasi Amarone della Valpolicella Classico 2013";"Tommasi Amarone della Valpolicella Classico";"2013";"3590";"5";"718";"RÃ¸dvin";"Glass";"15";"4.786667"
"Vinmonopolet";"9952801";"The Arran Sauternes Finish";"The Arran Sauternes Finish";"0";"799.9";"0.7";"1142.71";"Whisky";"Glass";"50";"2.2854288"
"Vinmonopolet";"9953401";"The Arran Amarone Finish";"The Arran Amarone Finish";"0";"799.9";"0.7";"1142.71";"Whisky";"Glass";"50";"2.2854288"
"Vinmonopolet";"9954101";"The Arran Port Finish";"The Arran Port Finish";"0";"799.9";"0.7";"1142.71";"Whisky";"Glass";"50";"2.2854288"
"Vinmonopolet";"9954901";"Jons Utvalgte XO Grande Champagne 5.Underdrivelse J.Normandin-Mercier";"Jons Utvalgte XO Grande Champagne 5.Underdrivelse J.Normandin-Mercier";"0";"1380";"0.7";"1971.43";"Grape spirit";"Glass";"42.1";"4.6827283"
"Vinmonopolet";"9955101";"Jons Utvalgte XO Grande Champagne 6.Underdrivelse Jean Fillioux";"Jons Utvalgte XO Grande Champagne 6.Underdrivelse Jean Fillioux";"0";"1154.5";"0.7";"1649.29";"Grape spirit";"Glass";"44.2";"3.7314157"
"Vinmonopolet";"9955401";"Jons Utvalgte XO Grande Champagne 4.Underdrivelse J.Normandin-Mercier";"Jons Utvalgte XO Grande Champagne 4.Underdrivelse J.Normandin-Mercier";"0";"1499.2";"0.7";"2141.71";"Grape spirit";"Glass";"43.7";"4.900948"
"Vinmonopolet";"9955501";"Selvapiana Bucerchiale Chianti Rufina Riserva 2015";"Selvapiana Bucerchiale Chianti Rufina Riserva";"2015";"349.9";"0.75";"466.53";"RÃ¸dvin";"Glass";"14.5";"3.2174711"
"Vinmonopolet";"9955601";"Scarpa Barbera d'Asti I Bricchi 2014";"Scarpa Barbera d'Asti I Bricchi";"2014";"299.9";"0.75";"399.87";"RÃ¸dvin";"Glass";"13.5";"2.9619753"
"Vinmonopolet";"9955701";"Scarpa Barbaresco Tettineive 2015";"Scarpa Barbaresco Tettineive";"2015";"590";"0.75";"786.67";"RÃ¸dvin";"Glass";"14.5";"5.4252872"
"Vinmonopolet";"9955705";"Scarpa Barbaresco Tettineive 2016";"Scarpa Barbaresco Tettineive";"2016";"1175";"1.5";"783.33";"RÃ¸dvin";"Glass";"14.5";"5.402299"
"Vinmonopolet";"9955801";"Scarpa Barbera d'Asti La Bogliona 2011";"Scarpa Barbera d'Asti La Bogliona";"2011";"468";"0.75";"624";"RÃ¸dvin";"Glass";"14.5";"4.303448"
"Vinmonopolet";"9955905";"Selvapiana Bucerchiale Chianti Rufina Riserva 2015";"Selvapiana Bucerchiale Chianti Rufina Riserva";"2015";"700";"1.5";"466.67";"RÃ¸dvin";"Glass";"14.5";"3.2183907"
"Vinmonopolet";"9957701";"HellstrÃ¸m Aquavit";"HellstrÃ¸m Aquavit";"0";"400";"0.7";"571.43";"Aquavit";"Glass";"40";"1.4285715"
"Vinmonopolet";"9958101";"Ch. Lauriol 2016";"Ch. Lauriol";"2016";"199.9";"0.75";"266.53";"RÃ¸dvin";"Glass";"14.5";"1.8381609"
"Vinmonopolet";"9959902";"Brancamenta";"Brancamenta";"0";"269.9";"0.5";"539.8";"LikÃ¸r";"Glass";"28";"1.927857"
"Vinmonopolet";"9960001";"Familie Quiot Cotes du Rhone JQ 2016";"Familie Quiot Cotes du Rhone JQ";"2016";"149.9";"0.75";"199.87";"RÃ¸dvin";"Glass";"14";"1.427619"
"Vinmonopolet";"9960508";"Svenska Nubbar Aquavit og Snaps (10x5cl)";"Svenska Nubbar Aquavit og Snaps (10x5cl)";"0";"319.9";"0.5";"639.8";"Other spirit";"Ãvrig";"39";"1.6405128"
"Vinmonopolet";"9960702";"Gammal Norrlands Akvavit";"Gammal Norrlands Akvavit";"0";"249.9";"0.5";"499.8";"Aquavit";"Glass";"40";"1.2494999"
"Vinmonopolet";"9960802";"O.P.Anderson Limited Edition Sherry Cask Aged 11 Years 2011";"O.P.Anderson Limited Edition Sherry Cask Aged 11 Years";"2011";"309.9";"0.5";"619.8";"Aquavit";"Glass";"40";"1.5495"
"Vinmonopolet";"9961101";"Stephane Ogier CÃ´te du RhÃ´ne Le Temps Est Venu 2018";"Stephane Ogier CÃ´te du RhÃ´ne Le Temps Est Venu";"2018";"267.7";"0.75";"356.93";"RÃ¸dvin";"Glass";"14";"2.5495238"
"Vinmonopolet";"9961301";"Stephane Ogier Saint-Joseph 2017";"Stephane Ogier Saint-Joseph";"2017";"399.8";"0.75";"533.07";"RÃ¸dvin";"Glass";"13.5";"3.9486418"
"Vinmonopolet";"9961501";"Taittinger Nocturne";"Taittinger Nocturne";"0";"519.9";"0.75";"693.2";"Champagne, sec";"Glass";"12.5";"5.5456004"
"Vinmonopolet";"9961601";"Pierre Gaillard Saint-Joseph 2018";"Pierre Gaillard Saint-Joseph";"2018";"299.9";"0.75";"399.87";"RÃ¸dvin";"Glass";"13.5";"2.9619753"
"Vinmonopolet";"9961701";"Pierre Gaillard Cornas 2015";"Pierre Gaillard Cornas";"2015";"449.9";"0.75";"599.87";"RÃ¸dvin";"Glass";"13";"4.614359"
"Vinmonopolet";"9962001";"Vigna 800 Cesolina Valpolicella Classico 2019";"Vigna 800 Cesolina Valpolicella Classico";"2019";"145";"0.75";"193.33";"RÃ¸dvin";"Glass";"12.5";"1.5466666"
"Vinmonopolet";"9963101";"Herbauges Muscadet CÃ¶tes de GrandLieu sur Lie 2017";"Herbauges Muscadet CÃ¶tes de GrandLieu sur Lie";"2017";"177";"0.75";"236";"White wine";"Glass";"12.5";"1.888"
"Vinmonopolet";"9963301";"Ascheri Barbera d'Alba Fontanelle 2016";"Ascheri Barbera d'Alba Fontanelle";"2016";"235.9";"0.75";"314.53";"RÃ¸dvin";"Glass";"14";"2.2466667"
"Vinmonopolet";"9963401";"Damilano LablÃ¹ Barbera d'Alba 2014";"Damilano LablÃ¹ Barbera d'Alba";"2014";"189.6";"0.75";"252.8";"RÃ¸dvin";"Glass";"14";"1.8057144"
"Vinmonopolet";"9963601";"Damilano Barbera d'Asti 2016";"Damilano Barbera d'Asti";"2016";"149.6";"0.75";"199.47";"RÃ¸dvin";"Glass";"14.5";"1.3756323"
"Vinmonopolet";"9963901";"Damilano Barolo Lecinquevigne 2012";"Damilano Barolo Lecinquevigne";"2012";"299.8";"0.75";"399.73";"RÃ¸dvin";"Glass";"14.5";"2.7567816"
"Vinmonopolet";"9965001";"SchÃ¤tzel Riesling 2016";"SchÃ¤tzel Riesling";"2016";"228.5";"0.75";"304.67";"White wine";"Glass";"11";"2.769697"
"Vinmonopolet";"9965601";"Bod. Chacra Barda Pinot Noir 2018";"Bod. Chacra Barda Pinot Noir";"2018";"229.9";"0.75";"306.53";"RÃ¸dvin";"Glass";"13";"2.3579485"
"Vinmonopolet";"9966801";"Il Poggione Brunello di Montalcino Vigna Paganelli Riserva 2012";"Il Poggione Brunello di Montalcino Vigna Paganelli Riserva";"2012";"579.9";"0.75";"773.2";"RÃ¸dvin";"Glass";"15";"5.154667"
"Vinmonopolet";"9967101";"Cavalchina Torre dÂ´Orti Ripasso 2015";"Cavalchina Torre dÂ´Orti Ripasso";"2015";"259.9";"0.75";"346.53";"RÃ¸dvin";"Glass";"14.5";"2.389885"
"Vinmonopolet";"9967201";"Conde Valdemar Reserva 2012";"Conde Valdemar Reserva";"2012";"179.9";"0.75";"239.87";"RÃ¸dvin";"Glass";"13.5";"1.77679"
"Vinmonopolet";"9967301";"Cavalchina Torre dÂ´Orti Amarone 2016";"Cavalchina Torre dÂ´Orti Amarone";"2016";"399.9";"0.75";"533.2";"RÃ¸dvin";"Glass";"17";"3.1364706"
"Vinmonopolet";"9967501";"Conde Valdemar Gran Reserva 2010";"Conde Valdemar Gran Reserva";"2010";"279.9";"0.75";"373.2";"RÃ¸dvin";"Glass";"14";"2.6657143"
"Vinmonopolet";"9968101";"Possible C'est pas la mer Ã  boire 2011";"Possible C'est pas la mer Ã  boire";"2011";"349.9";"0.75";"466.53";"RÃ¸dvin";"Glass";"14";"3.332381"
"Vinmonopolet";"9968601";"Louis Royer XO";"Louis Royer XO";"0";"1350";"0.7";"1928.57";"Grape spirit";"Glass";"40";"4.821429"
"Vinmonopolet";"9968801";"Louis Royer VSOP";"Louis Royer VSOP";"0";"515";"0.7";"735.71";"Grape spirit";"Glass";"40";"1.8392857"
"Vinmonopolet";"9970901";"Borgo Molino Motivo RosÃ©";"Borgo Molino Motivo RosÃ©";"2019";"183.7";"0.75";"244.93";"Musserende vin, rosÃ©";"Glass";"11";"2.2266667"
"Vinmonopolet";"9980402";"St. Peters The Saints Whisky Beer";"St. Peters The Saints Whisky Beer";"0";"39";"0.5";"78";"Scotch ale";"Glass";"4.8";"1.6249999"
"Vinmonopolet";"9981001";"Casa de Mouraz 2010";"Casa de Mouraz";"2010";"129.6";"0.75";"172.8";"RÃ¸dvin";"Glass";"13.5";"1.2800001"
"Vinmonopolet";"9981101";"Ehlen Erdener Treppchen Riesling SpÃ¤tlese 2015";"Ehlen Erdener Treppchen Riesling SpÃ¤tlese";"2015";"164.9";"0.75";"219.87";"White wine";"Glass";"9";"2.442963"
"Vinmonopolet";"9981401";"Ch. Peyros Tradition 2012";"Ch. Peyros Tradition";"2012";"349.9";"0.75";"466.53";"RÃ¸dvin";"Glass";"13";"3.588718"
"Vinmonopolet";"9983101";"Mosbacher Deidesheimer LeinhÃ¶hle riesling trocken Erste Lage 2018";"Mosbacher Deidesheimer LeinhÃ¶hle riesling trocken Erste Lage";"2018";"214.9";"0.75";"286.53";"White wine";"Glass";"12";"2.3877778"
"Vinmonopolet";"9990304";"Bitter Truth Celery Bitters";"Bitter Truth Celery Bitters";"0";"234.9";"0.2";"1174.5";"Bitter	";"Glass";"44";"2.669318"
"Vinmonopolet";"9990404";"Bitter Truth Creole Bitters";"Bitter Truth Creole Bitters";"0";"234.9";"0.2";"1174.5";"Bitter	";"Glass";"39";"3.0115383"
"Vinmonopolet";"9998601";"Dom. Tariquet Bas-Armagnac Folle Blanche";"Dom. Tariquet Bas-Armagnac Folle Blanche";"0";"489.9";"0.7";"699.86";"Grape spirit";"Glass";"45";"1.5552381"
"Vinmonopolet";"10001005";"Bussia Soprana Langhe Nebbiolo";"Bussia Soprana Langhe Nebbiolo";"2013";"595";"1.5";"396.67";"RÃ¸dvin";"Glass";"13";"3.0512822"
"Vinmonopolet";"10001101";"Bussia Soprana Langhe Nebbiolo";"Bussia Soprana Langhe Nebbiolo";"2014";"279";"0.75";"372";"RÃ¸dvin";"Glass";"13";"2.8615384"
"Vinmonopolet";"10001301";"Tribaut Schloesser Ã Romery Brut RosÃ©";"Tribaut Schloesser Ã Romery Brut RosÃ©";"0";"359.4";"0.75";"479.2";"Champagne, rosÃ©";"Glass";"12.5";"3.8336"
"Vinmonopolet";"10001401";"Hermanos Lurton ValentÃ­n RosÃ©";"Hermanos Lurton ValentÃ­n RosÃ©";"2017";"204.9";"0.75";"273.2";"RosÃ©vin";"Glass";"13";"2.1015384"
"Vinmonopolet";"10001501";"Francois Lurton Mas Janeil RosÃ©";"Francois Lurton Mas Janeil RosÃ©";"2017";"199.9";"0.75";"266.53";"RosÃ©vin";"Glass";"13";"2.0502563"
"Vinmonopolet";"10001901";"Tribaut Schloesser CuvÃ©e RenÃ© Brut";"Tribaut Schloesser CuvÃ©e RenÃ© Brut";"0";"398.6";"0.75";"531.47";"Champagne, brut";"Glass";"12.5";"4.2517333"
"Vinmonopolet";"10002401";"Tribaut Schloesser L'authentique 2009";"Tribaut Schloesser L'authentique";"2009";"698.9";"0.75";"931.87";"Champagne, brut";"Glass";"12.5";"7.4549336"
"Vinmonopolet";"10002601";"Hautes Terres Maxime";"Hautes Terres Maxime";"2016";"239";"0.75";"318.67";"RÃ¸dvin";"Glass";"13";"2.451282"
"Vinmonopolet";"10002802";"Dieu du Ciel! Isseki Nicho";"Dieu du Ciel! Isseki Nicho";"0";"59";"0.34";"173.02";"Saison farmhouse ale";"Glass";"9.5";"1.8266253"
"Vinmonopolet";"10003701";"Clot de L'Oum La Compagnie des Papillons 2016";"Clot de L'Oum La Compagnie des Papillons";"2016";"219.4";"0.75";"292.53";"RÃ¸dvin";"Glass";"12.5";"2.3402667"
"Vinmonopolet";"10003801";"Ch. Lascaux Les Nobles Pierres Pic Saint Loup 2015";"Ch. Lascaux Les Nobles Pierres Pic Saint Loup";"2015";"229.4";"0.75";"305.87";"RÃ¸dvin";"Glass";"14";"2.1847618"
"Vinmonopolet";"10003901";"Ch. Lascaux Les Secrets Bois de Tourtourel Pic Saint Loup 2009";"Ch. Lascaux Les Secrets Bois de Tourtourel Pic Saint Loup";"2009";"549.8";"0.75";"733.07";"RÃ¸dvin";"Glass";"14.5";"5.055632"
"Vinmonopolet";"10004001";"Ch. Lascaux Les Pierres d'Argent 2014";"Ch. Lascaux Les Pierres d'Argent";"2014";"248";"0.75";"330.67";"White wine";"Glass";"13.5";"2.4493828"
"Vinmonopolet";"10004201";"Danese Soave 2017";"Danese Soave";"2017";"143.8";"0.75";"191.73";"White wine";"Glass";"11.5";"1.6672465"
"Vinmonopolet";"10004301";"Danese Merlot 2017";"Danese Merlot";"2017";"143.8";"0.75";"191.73";"RÃ¸dvin";"Glass";"11.5";"1.6672465"
"Vinmonopolet";"10004601";"Villa Guelpa Longitudine 8-11 Rosato";"Villa Guelpa Longitudine 8-11 Rosato";"2017";"189.9";"0.75";"253.2";"RosÃ©vin";"Glass";"13";"1.9476923"
"Vinmonopolet";"10005001";"Josef Dockner GÃ¶ttweig RosÃ© 2017";"Josef Dockner GÃ¶ttweig RosÃ©";"2017";"155.9";"0.75";"207.87";"RosÃ©vin";"Glass";"11.5";"1.8075361"
"Vinmonopolet";"10005701";"Altadonna Rosalto";"Altadonna Rosalto";"2019";"154.7";"0.75";"206.27";"RosÃ©vin";"Glass";"12";"1.7188889"
"Vinmonopolet";"10006101";"Baigorri Rosado 2017";"Baigorri Rosado";"2017";"197.6";"0.75";"263.47";"RosÃ©vin";"Glass";"13";"2.0266666"
"Vinmonopolet";"10006901";"Cerro AÃ±on Reserva 2015";"Cerro AÃ±on Reserva";"2015";"209.9";"0.75";"279.87";"RÃ¸dvin";"Glass";"14";"1.9990475"
"Vinmonopolet";"10007101";"Cerro AÃ±on Crianza 2016";"Cerro AÃ±on Crianza";"2016";"169.9";"0.75";"226.53";"RÃ¸dvin";"Glass";"13.5";"1.6780246"
"Vinmonopolet";"10007901";"Le Salette La Molinara Veronese 2018";"Le Salette La Molinara Veronese";"2018";"178.8";"0.75";"238.4";"RosÃ©vin";"Glass";"12";"1.9866667"
"Vinmonopolet";"10008302";"Fjording Hazelnut Caramel";"Fjording Hazelnut Caramel";"0";"399.9";"0.5";"799.8";"LikÃ¸r";"Glass";"16";"4.9987497"
"Vinmonopolet";"10008304";"Fjording Hazelnut Caramel";"Fjording Hazelnut Caramel";"0";"179.9";"0.2";"899.5";"LikÃ¸r";"Glass";"16";"5.621875"
"Vinmonopolet";"10009001";"Clot de L'Oum Cine-Panettone 2016";"Clot de L'Oum Cine-Panettone";"2016";"249";"0.75";"332";"White wine";"Glass";"12.5";"2.656"
"Vinmonopolet";"10009101";"Darnley's Original Gin";"Darnley's Original Gin";"0";"599";"0.7";"855.71";"Gin";"Glass";"40";"2.1392858"
"Vinmonopolet";"10009301";"Wemyss Vanilla Burst batch 1";"Wemyss Vanilla Burst batch 1";"0";"835";"0.7";"1192.86";"Whisky";"Glass";"46";"2.5931678"
"Vinmonopolet";"10009401";"Wemyss Treacle Chest Batch 1";"Wemyss Treacle Chest Batch 1";"0";"799";"0.7";"1141.43";"Whisky";"Glass";"46";"2.4813664"
"Vinmonopolet";"10009501";"Wemyss Nectar Grove";"Wemyss Nectar Grove";"0";"860";"0.7";"1228.57";"Whisky";"Glass";"46";"2.6708076"
"Vinmonopolet";"10009601";"Darnley's Spiced Navy Strength Gin";"Darnley's Spiced Navy Strength Gin";"0";"725";"0.7";"1035.71";"Gin";"Glass";"57.1";"1.8138604"
"Vinmonopolet";"10011501";"Prinz Jungfer Riesling Kabinett 2016";"Prinz Jungfer Riesling Kabinett";"2016";"249.8";"0.75";"333.07";"White wine";"Glass";"8";"4.1633334"
"Vinmonopolet";"10011806";"Riva Leone Pinot Grigio";"Riva Leone Pinot Grigio";"2018";"249.3";"1.5";"166.2";"White wine";"Pouch";"12";"1.385"
"Vinmonopolet";"10011901";"Ti Amo RosÃ©";"Ti Amo RosÃ©";"2017";"145.9";"0.75";"194.53";"RosÃ©vin";"Glass";"12";"1.621111"
"Vinmonopolet";"10012001";"Pasqua Prosecco Frizzante 2017";"Pasqua Prosecco Frizzante";"2017";"149.9";"0.75";"199.87";"Sparkling white wine";"Glass";"11";"1.8169696"
"Vinmonopolet";"10012401";"Ch. La LouviÃ©re 2008";"Ch. La LouviÃ©re";"2008";"434.9";"0.75";"579.87";"White wine";"Glass";"12.5";"4.638933"
"Vinmonopolet";"10012501";"Pietro di Campo Bellissimo Langhe Rosato";"Pietro di Campo Bellissimo Langhe Rosato";"2019";"144.9";"0.75";"193.2";"RosÃ©vin";"Glass";"12";"1.6099999"
"Vinmonopolet";"10012701";"Bremerton Special Release Fiano 2017";"Bremerton Special Release Fiano";"2017";"149.9";"0.75";"199.87";"White wine";"Glass";"12.5";"1.5989332"
"Vinmonopolet";"10012801";"Manz Steig-Terrasse Riesling Kabinett Trocken";"Manz Steig-Terrasse Riesling Kabinett Trocken";"2017";"189.9";"0.75";"253.2";"White wine";"Glass";"12";"2.11"
"Vinmonopolet";"10013001";"Mais Oui Pinot Noir";"Mais Oui Pinot Noir";"2017";"129.9";"0.75";"173.2";"RÃ¸dvin";"Glass";"12.5";"1.3856"
"Vinmonopolet";"10013101";"Il Carpino Vis Uvae";"Il Carpino Vis Uvae";"2015";"349.9";"0.75";"466.53";"White wine";"Glass";"13.5";"3.4558024"
"Vinmonopolet";"10013201";"Il Carpino Bianco Runc 2016";"Il Carpino Bianco Runc";"2016";"259.9";"0.75";"346.53";"White wine";"Glass";"14";"2.475238"
"Vinmonopolet";"10013301";"Josef Chromy Non Vintage Tasmanian Sparkling Cuvee";"Josef Chromy Non Vintage Tasmanian Sparkling Cuvee";"0";"219.9";"0.75";"293.2";"Sparkling wine";"Glass";"12";"2.4433331"
"Vinmonopolet";"10013401";"Petrussa Schioppettino 2016";"Petrussa Schioppettino";"2016";"259.9";"0.75";"346.53";"RÃ¸dvin";"Glass";"13";"2.665641"
"Vinmonopolet";"10013701";"Prinz Hallgartner Hendelberg SpÃ¤tburgunder Trocken Reserve Erste Lage 2015";"Prinz Hallgartner Hendelberg SpÃ¤tburgunder Trocken Reserve Erste Lage";"2015";"489.4";"0.75";"652.53";"RÃ¸dvin";"Glass";"13";"5.019487"
"Vinmonopolet";"10013801";"Prinz SpÃ¤tburgunder Trocken";"Prinz SpÃ¤tburgunder Trocken";"2016";"249.4";"0.75";"332.53";"RÃ¸dvin";"Glass";"13";"2.5579486"
"Vinmonopolet";"10013901";"Stekar Re Piko 2015";"Stekar Re Piko";"2015";"375";"0.75";"500";"White wine";"Glass";"13";"3.8461537"
"Vinmonopolet";"10014001";"Stekar Kuisko 2015";"Stekar Kuisko";"2015";"375";"0.75";"500";"White wine";"Glass";"13.5";"3.7037036"
"Vinmonopolet";"10014501";"Colombaia Toscana Rosso 2013";"Colombaia Toscana Rosso";"2013";"295.2";"0.75";"393.6";"RÃ¸dvin";"Glass";"13.5";"2.9155557"
"Vinmonopolet";"10014601";"Colombaia Ancestrale Rosato";"Colombaia Ancestrale Rosato";"2016";"331.9";"0.75";"442.53";"Perlende vin, rosÃ©";"Glass";"12";"3.6877778"
"Vinmonopolet";"10014701";"Colombaia Toscana Bianco 2016";"Colombaia Toscana Bianco";"2016";"303.8";"0.75";"405.07";"White wine";"Glass";"12";"3.3755555"
"Vinmonopolet";"10014801";"Colombaia Toscana Rosso 2009";"Colombaia Toscana Rosso";"2009";"301.2";"0.75";"401.6";"RÃ¸dvin";"Glass";"13.5";"2.974815"
"Vinmonopolet";"10015901";"Wild Beer Wineybeest";"Wild Beer Wineybeest";"0";"164.9";"0.75";"219.87";"Porter and stout";"Glass";"11";"1.9987878"
"Vinmonopolet";"10016601";"Schloss Raggendorf Cabernet Sauvignon";"Schloss Raggendorf Cabernet Sauvignon";"0";"59";"0.75";"78.67";"Non-alcoholic wine";"Glass";"0.5";"15.733334"
"Vinmonopolet";"10017106";"Masi Bonacosta Valpolicella 2018";"Masi Bonacosta Valpolicella";"2018";"499.9";"3";"166.63";"RÃ¸dvin";"Bag-in-box";"12";"1.3886111"
"Vinmonopolet";"10017601";"Fabien Coche Monthelie 1er Cru Les BarbiÃ¨res 2016";"Fabien Coche Monthelie 1er Cru Les BarbiÃ¨res";"2016";"519.3";"0.75";"692.4";"RÃ¸dvin";"Glass";"14";"4.945714"
"Vinmonopolet";"10017701";"La Falaise Blanche RosÃ© 2019";"La Falaise Blanche RosÃ©";"2019";"124.9";"0.75";"166.53";"RosÃ©vin";"Glass";"12.5";"1.3322667"
"Vinmonopolet";"10017801";"Fabien Coche Meursault-Goutte d'Or Premier Cru 2017";"Fabien Coche Meursault-Goutte d'Or Premier Cru";"2017";"1039.2";"0.75";"1385.6";"White wine";"Glass";"13";"10.658461"
"Vinmonopolet";"10018501";"Jacob's Creek Unvined RosÃ©";"Jacob's Creek Unvined RosÃ©";"2019";"66.9";"0.75";"89.2";"Non-alcoholic wine";"Glass";"0.5";"17.84"
"Vinmonopolet";"10018701";"Montenidoli Il Templare";"Montenidoli Il Templare";"2012";"289";"0.75";"385.33";"White wine";"Glass";"13.5";"2.854321"
"Vinmonopolet";"10019001";"Murdoch Hill Ridley Pinot x Three";"Murdoch Hill Ridley Pinot x Three";"2017";"279.9";"0.75";"373.2";"RÃ¸dvin";"Glass";"13";"2.8707693"
"Vinmonopolet";"10019201";"Broglia Bruno Gavi 2015";"Broglia Bruno Gavi";"2015";"314.7";"0.75";"419.6";"White wine";"Glass";"14";"2.997143"
"Vinmonopolet";"10019301";"Broglia Gavi La Meirana 2016";"Broglia Gavi La Meirana";"2016";"220.8";"0.75";"294.4";"White wine";"Glass";"13.5";"2.1807408"
"Vinmonopolet";"10019401";"Claus Preisinger Kalkundkiesel Rot";"Claus Preisinger Kalkundkiesel Rot";"2016";"249.9";"0.75";"333.2";"RÃ¸dvin";"Glass";"11.5";"2.8973913"
"Vinmonopolet";"10019501";"Claus Preisinger Puszta Libre";"Claus Preisinger Puszta Libre";"2017";"189.9";"0.75";"253.2";"RÃ¸dvin";"Glass";"12";"2.11"
"Vinmonopolet";"10019601";"Claus Preisinger St. Laurent Ancestral Pet Nat";"Claus Preisinger St. Laurent Ancestral Pet Nat";"2019";"279.9";"0.75";"373.2";"Sparkling white wine";"Glass";"10.5";"3.5542855"
"Vinmonopolet";"10020101";"Bussia Soprana Langhe Rosso";"Bussia Soprana Langhe Rosso";"2015";"329";"0.75";"438.67";"RÃ¸dvin";"Glass";"13.5";"3.2493827"
"Vinmonopolet";"10020302";"Norske JordbÃ¦r LikÃ¸r";"Norske JordbÃ¦r LikÃ¸r";"0";"285.5";"0.5";"571";"LikÃ¸r";"Glass";"20";"2.855"
"Vinmonopolet";"10020402";"Gamle Herr Ibsen";"Gamle Herr Ibsen";"0";"372.7";"0.5";"745.4";"Aquavit";"Plast";"40";"1.8635001"
"Vinmonopolet";"10020501";"Kein Name NiederÃ¶sterreich GrÃ¼ner Veltliner 2019";"Kein Name NiederÃ¶sterreich GrÃ¼ner Veltliner";"2019";"119.9";"0.75";"159.87";"White wine";"Glass";"12.5";"1.2789334"
"Vinmonopolet";"10020601";"Sin Nombre Rias Baixas AlbariÃ±o 2017";"Sin Nombre Rias Baixas AlbariÃ±o";"2017";"119.9";"0.75";"159.87";"White wine";"Glass";"12.5";"1.2789334"
"Vinmonopolet";"10020701";"Roma Urbe Eterna";"Roma Urbe Eterna";"2017";"139.9";"0.75";"186.53";"RÃ¸dvin";"Glass";"13.5";"1.3817283"
"Vinmonopolet";"10020805";"C. Moreau Chablis 1er Cru Blanchot 2016";"C. Moreau Chablis 1er Cru Blanchot";"2016";"1120.1";"1.5";"746.73";"White wine";"Glass";"13";"5.7441025"
"Vinmonopolet";"10020901";"Vincent Couche Chardonnay de Montgueux";"Vincent Couche Chardonnay de Montgueux";"0";"499.9";"0.75";"666.53";"Champagne extra brut";"Glass";"12.5";"5.332267"
"Vinmonopolet";"10021301";"RaÃºl PÃ©rez Ultreia Saint Jacques 2018";"RaÃºl PÃ©rez Ultreia Saint Jacques";"2018";"209.9";"0.75";"279.87";"RÃ¸dvin";"Glass";"13.5";"2.0730863"
"Vinmonopolet";"10026001";"Springbank 25 YO";"Springbank 25 YO";"0";"4490";"0.7";"6414.29";"Whisky";"Glass";"46";"13.944099"
"Vinmonopolet";"10026701";"Moraza â4 Caminos Tempranillo 2016";"Moraza â4 Caminos Tempranillo";"2016";"269.9";"0.75";"359.87";"RÃ¸dvin";"Glass";"12.5";"2.8789332"
"Vinmonopolet";"10026801";"Laderas del TiÃ©tar 2018";"Laderas del TiÃ©tar";"2018";"184.9";"0.75";"246.53";"RÃ¸dvin";"Glass";"14.5";"1.7002299"
"Vinmonopolet";"10026901";"Birichino Besson Grenache Old Vines 2016";"Birichino Besson Grenache Old Vines";"2016";"284.9";"0.75";"379.87";"RÃ¸dvin";"Glass";"14";"2.7133334"
"Vinmonopolet";"10027001";"Birichino Bechthold Cinsault Old Vines 2016";"Birichino Bechthold Cinsault Old Vines";"2016";"299.9";"0.75";"399.87";"RÃ¸dvin";"Glass";"12.5";"3.1989334"
"Vinmonopolet";"10027101";"Birichino Saint Georges Zinfandel Old Vines 2016";"Birichino Saint Georges Zinfandel Old Vines";"2016";"299.9";"0.75";"399.87";"RÃ¸dvin";"Glass";"13.5";"2.9619753"
"Vinmonopolet";"10029701";"A.A.Badenhorst Secateurs RosÃ© 2018";"A.A.Badenhorst Secateurs RosÃ©";"2018";"159.9";"0.75";"213.2";"RosÃ©vin";"Glass";"12.5";"1.7055999"
"Vinmonopolet";"10029801";"Coates & Seely Brut Reserve NV";"Coates & Seely Brut Reserve NV";"0";"369";"0.75";"492";"Sparkling wine";"Glass";"11.5";"4.2782607"
"Vinmonopolet";"10029901";"Forjas del SalnÃ©s Leirana AlbariÃ±o 2018";"Forjas del SalnÃ©s Leirana AlbariÃ±o";"2018";"245";"0.75";"326.67";"White wine";"Glass";"13";"2.5128205"
"Vinmonopolet";"10030001";"Forjas del SalnÃ©s Leirana Finca Genoveva 2017";"Forjas del SalnÃ©s Leirana Finca Genoveva";"2017";"299.9";"0.75";"399.87";"White wine";"Glass";"13";"3.0758975"
"Vinmonopolet";"10030101";"Moraza Las Tasugueras 2016";"Moraza Las Tasugueras";"2016";"269.9";"0.75";"359.87";"RÃ¸dvin";"Glass";"13";"2.7682052"
"Vinmonopolet";"10030201";"Rodrigo MÃ©ndez Cies 2018";"Rodrigo MÃ©ndez Cies";"2018";"269.9";"0.75";"359.87";"White wine";"Glass";"13";"2.7682052"
"Vinmonopolet";"10030301";"Rodrigo MÃ©ndez SÃ¡lvora 2018";"Rodrigo MÃ©ndez SÃ¡lvora";"2018";"399.9";"0.75";"533.2";"White wine";"Glass";"12.5";"4.2655997"
"Vinmonopolet";"10030401";"Birichino Mourvedre Old Vines 2015";"Birichino Mourvedre Old Vines";"2015";"299.9";"0.75";"399.87";"RÃ¸dvin";"Glass";"13.5";"2.9619753"
"Vinmonopolet";"10030501";"Ch. Bois Mallet";"Ch. Bois Mallet";"2015";"159.9";"0.75";"213.2";"RÃ¸dvin";"Glass";"13";"1.64"
"Vinmonopolet";"10030601";"Ch. Graves de Pez";"Ch. Graves de Pez";"2017";"269.9";"0.75";"359.87";"RÃ¸dvin";"Glass";"13";"2.7682052"
"Vinmonopolet";"10030701";"L`Esprit de Chevalier";"L`Esprit de Chevalier";"2015";"327.8";"0.75";"437.07";"RÃ¸dvin";"Glass";"13.5";"3.2375307"
"Vinmonopolet";"10031601";"Pierre Luneau-Papin Clos des AllÃ©es";"Pierre Luneau-Papin Clos des AllÃ©es";"2018";"229.9";"0.75";"306.53";"White wine";"Glass";"12";"2.5544443"
"Vinmonopolet";"10031701";"Clotaire Michal Beaujolais-Villages La Napoleon";"Clotaire Michal Beaujolais-Villages La Napoleon";"2018";"269.9";"0.75";"359.87";"RÃ¸dvin";"Glass";"12.5";"2.8789332"
"Vinmonopolet";"10031801";"Clotaire Michal Beaujolais-Villages Vignes Centenaires";"Clotaire Michal Beaujolais-Villages Vignes Centenaires";"2017";"299.9";"0.75";"399.87";"RÃ¸dvin";"Glass";"12.5";"3.1989334"
"Vinmonopolet";"10031901";"Dom. Les Enfants Sauvages Cool Moon";"Dom. Les Enfants Sauvages Cool Moon";"2017";"269.9";"0.75";"359.87";"White wine";"Glass";"13";"2.7682052"
"Vinmonopolet";"10032001";"Dom. Les Enfants Sauvages ChÃ© Chauvio";"Dom. Les Enfants Sauvages ChÃ© Chauvio";"2018";"209.9";"0.75";"279.87";"RÃ¸dvin";"Glass";"11.5";"2.433623"
"Vinmonopolet";"10032102";"Markus Molitor Graacher Himmelreich Riesling Trockenbeerenauslese 2006";"Markus Molitor Graacher Himmelreich Riesling Trockenbeerenauslese";"2006";"1300";"0.38";"3466.67";"White wine";"Glass";"7";"48.87218"
"Vinmonopolet";"10032202";"Markus Molitor Zeltinger Schlossberg Riesling Trockenbeerenauslese 2006";"Markus Molitor Zeltinger Schlossberg Riesling Trockenbeerenauslese";"2006";"990";"0.38";"2640";"White wine";"Glass";"7";"37.218044"
"Vinmonopolet";"10032302";"Markus Molitor Zeltinger Sonnenuhr Riesling Trockenbeerenauslese** 2010";"Markus Molitor Zeltinger Sonnenuhr Riesling Trockenbeerenauslese**";"2010";"4850";"0.38";"12933.33";"White wine";"Glass";"6.5";"196.35628"
"Vinmonopolet";"10032401";"Markus Molitor Graacher Himmelreich Riesling Auslese*** feinherb 2016";"Markus Molitor Graacher Himmelreich Riesling Auslese*** feinherb";"2016";"524.8";"0.75";"699.73";"White wine";"Glass";"11.5";"6.0846376"
"Vinmonopolet";"10032501";"Markus Molitor Zeltinger Sonnenuhr Riesling SpÃ¤tlese TÃ¸rr 2017";"Markus Molitor Zeltinger Sonnenuhr Riesling SpÃ¤tlese TÃ¸rr";"2017";"249.9";"0.75";"333.2";"White wine";"Glass";"11";"3.029091"
"Vinmonopolet";"10032601";"Markus Molitor Zeltinger Sonnenuhr Riesling SpÃ¤tlese 2017";"Markus Molitor Zeltinger Sonnenuhr Riesling SpÃ¤tlese";"2017";"235.1";"0.75";"313.47";"White wine";"Glass";"7";"4.4780955"
"Vinmonopolet";"10032701";"Markus Molitor Zeltinger Sonnenuhr Riesling Auslese** 2016";"Markus Molitor Zeltinger Sonnenuhr Riesling Auslese**";"2016";"299.8";"0.75";"399.73";"White wine";"Glass";"7";"5.710476"
"Vinmonopolet";"10032801";"Markus Molitor Zeltinger Sonnenuhr Riesling Auslese*** 2016";"Markus Molitor Zeltinger Sonnenuhr Riesling Auslese***";"2016";"524.8";"0.75";"699.73";"White wine";"Glass";"7.5";"9.329778"
"Vinmonopolet";"10032901";"Markus Molitor Zeltinger Schlossberg Riesling Auslese* 2016";"Markus Molitor Zeltinger Schlossberg Riesling Auslese*";"2016";"199.8";"0.75";"266.4";"White wine";"Glass";"7";"3.8057144"
"Vinmonopolet";"10033001";"Markus Molitor Graacher Himmelreich Riesling Auslese*** TÃ¸rr 2016";"Markus Molitor Graacher Himmelreich Riesling Auslese*** TÃ¸rr";"2016";"524.8";"0.75";"699.73";"White wine";"Glass";"11.5";"6.0846376"
"Vinmonopolet";"10033101";"Markus Molitor Graacher Himmelreich Riesling Auslese*** 2016";"Markus Molitor Graacher Himmelreich Riesling Auslese***";"2016";"562.9";"0.75";"750.53";"White wine";"Glass";"7";"10.721905"
"Vinmonopolet";"10033201";"Markus Molitor Zeltinger Sonnenuhr Riesling Auslese*** TÃ¸rr 2016";"Markus Molitor Zeltinger Sonnenuhr Riesling Auslese*** TÃ¸rr";"2016";"549.8";"0.75";"733.07";"White wine";"Glass";"11.5";"6.3744926"
"Vinmonopolet";"10033301";"Markus Molitor Zeltinger Sonnenuhr Riesling Auslese*** feinherb 2017";"Markus Molitor Zeltinger Sonnenuhr Riesling Auslese*** feinherb";"2017";"639.8";"0.75";"853.07";"White wine";"Glass";"11";"7.7551513"
"Vinmonopolet";"10033402";"Markus Molitor Brauneberger Mandelgraben Riesling Eiswein 2016";"Markus Molitor Brauneberger Mandelgraben Riesling Eiswein";"2016";"499.8";"0.38";"1332.8";"White wine";"Glass";"6.5";"20.234818"
"Vinmonopolet";"10033501";"Markus Molitor Ockfener Bockstein Riesling SpÃ¤tlese TÃ¸rr 2016";"Markus Molitor Ockfener Bockstein Riesling SpÃ¤tlese TÃ¸rr";"2016";"184.8";"0.75";"246.4";"White wine";"Glass";"11";"2.24"
"Vinmonopolet";"10033601";"Markus Molitor Kinheimer Rosenberg Riesling SpÃ¤tlese feinherb 2016";"Markus Molitor Kinheimer Rosenberg Riesling SpÃ¤tlese feinherb";"2016";"189.9";"0.75";"253.2";"White wine";"Glass";"9.5";"2.6652632"
"Vinmonopolet";"10033801";"Markus Molitor Ockfener Bockstein Riesling Auslese** 2016";"Markus Molitor Ockfener Bockstein Riesling Auslese**";"2016";"284.9";"0.75";"379.87";"White wine";"Glass";"7";"5.4266667"
"Vinmonopolet";"10033901";"Markus Molitor Kinheimer Rosenberg Riesling SpÃ¤tlese 2016";"Markus Molitor Kinheimer Rosenberg Riesling SpÃ¤tlese";"2016";"184.8";"0.75";"246.4";"White wine";"Glass";"8";"3.0800002"
"Vinmonopolet";"10034001";"Markus Molitor Zeltinger Sonnenuhr Riesling Auslese** TÃ¸rr 2017";"Markus Molitor Zeltinger Sonnenuhr Riesling Auslese** TÃ¸rr";"2017";"374.9";"0.75";"499.87";"White wine";"Glass";"12";"4.1655555"
"Vinmonopolet";"10034101";"Markus Molitor Kinheimer Hubertuslay Riesling Auslese*** 2016";"Markus Molitor Kinheimer Hubertuslay Riesling Auslese***";"2016";"499.8";"0.75";"666.4";"White wine";"Glass";"7";"9.5199995"
"Vinmonopolet";"10034201";"Markus Molitor Kinheimer Rosenberg Riesling Auslese*** feinherb 2016";"Markus Molitor Kinheimer Rosenberg Riesling Auslese*** feinherb";"2016";"524.8";"0.75";"699.73";"White wine";"Glass";"10.5";"6.664127"
"Vinmonopolet";"10034301";"Markus Molitor Wehlener Sonnenuhr Riesling Auslese** TÃ¸rr 2016";"Markus Molitor Wehlener Sonnenuhr Riesling Auslese** TÃ¸rr";"2016";"349.7";"0.75";"466.27";"White wine";"Glass";"11.5";"4.054493"
"Vinmonopolet";"10034401";"Markus Molitor Wehlener Sonnenuhr Riesling Auslese*** 2017";"Markus Molitor Wehlener Sonnenuhr Riesling Auslese***";"2017";"609.8";"0.75";"813.07";"White wine";"Glass";"7";"11.615238"
"Vinmonopolet";"10034501";"Markus Molitor Edition 7 Zeltinger Sonnenuhr Riesling Auslese** TÃ¸rr 2008";"Markus Molitor Edition 7 Zeltinger Sonnenuhr Riesling Auslese** TÃ¸rr";"2008";"449.9";"0.75";"599.87";"White wine";"Glass";"11.5";"5.216232"
"Vinmonopolet";"10034601";"KÃ¼nstler Assmannshauser HÃ¶llenberg Pinot Noir GG 2016";"KÃ¼nstler Assmannshauser HÃ¶llenberg Pinot Noir GG";"2016";"560.4";"0.75";"747.2";"RÃ¸dvin";"Glass";"13";"5.7476926"
"Vinmonopolet";"10034701";"Markus Molitor Ãrziger WÃ¼rzgarten Riesling SpÃ¤tlese 2017";"Markus Molitor Ãrziger WÃ¼rzgarten Riesling SpÃ¤tlese";"2017";"224.9";"0.75";"299.87";"White wine";"Glass";"7";"4.283809"
"Vinmonopolet";"10034901";"Markus Molitor Ãrziger WÃ¼rzgarten Riesling SpÃ¤tlese TÃ¸rr 2016";"Markus Molitor Ãrziger WÃ¼rzgarten Riesling SpÃ¤tlese TÃ¸rr";"2016";"184.8";"0.75";"246.4";"White wine";"Glass";"11";"2.24"
"Vinmonopolet";"10035001";"Markus Molitor Ãrziger WÃ¼rzgarten Riesling Kabinett TÃ¸rr 2018";"Markus Molitor Ãrziger WÃ¼rzgarten Riesling Kabinett TÃ¸rr";"2018";"219.9";"0.75";"293.2";"White wine";"Glass";"11";"2.6654544"
"Vinmonopolet";"10035101";"Markus Molitor Ãrziger WÃ¼rzgarten Riesling Auslese** 2016";"Markus Molitor Ãrziger WÃ¼rzgarten Riesling Auslese**";"2016";"284.9";"0.75";"379.87";"White wine";"Glass";"7.5";"5.064889"
"Vinmonopolet";"10035201";"Markus Molitor Kinheimer Hubertuslay Riesling Auslese** TÃ¸rr 2017";"Markus Molitor Kinheimer Hubertuslay Riesling Auslese** TÃ¸rr";"2017";"349.8";"0.75";"466.4";"White wine";"Glass";"11.5";"4.055652"
"Vinmonopolet";"10035401";"Clos du Jaugueyron Margaux Nout 2014";"Clos du Jaugueyron Margaux Nout";"2014";"509.9";"0.75";"679.87";"RÃ¸dvin";"Glass";"13";"5.2297435"
"Vinmonopolet";"10035501";"Matassa el Carner 2019";"Matassa el Carner";"2019";"399.9";"0.75";"533.2";"RÃ¸dvin";"Glass";"12.5";"4.2655997"
"Vinmonopolet";"10036001";"Dom. Les Enfants Sauvages Enfant Sauvage";"Dom. Les Enfants Sauvages Enfant Sauvage";"2017";"229.9";"0.75";"306.53";"RÃ¸dvin";"Glass";"13.5";"2.2706172"
"Vinmonopolet";"10036101";"Dom. Les Enfants Sauvages Roi des LÃ©zards";"Dom. Les Enfants Sauvages Roi des LÃ©zards";"2015";"259.9";"0.75";"346.53";"RÃ¸dvin";"Glass";"13";"2.665641"
"Vinmonopolet";"10036201";"Josef Chromy Riesling";"Josef Chromy Riesling";"2018";"200";"0.75";"266.67";"White wine";"Glass";"12.8";"2.0833333"
"Vinmonopolet";"10036401";"Nieva York PÃ©t-Nat";"Nieva York PÃ©t-Nat";"2019";"299.9";"0.75";"399.87";"Sparkling white wine";"Glass";"12";"3.3322222"
"Vinmonopolet";"10036902";"Balholm Handverkcider av eple";"Balholm Handverkcider av eple";"0";"58";"0.33";"175.76";"Cider";"Glass";"5";"3.5151513"
"Vinmonopolet";"10037002";"Balholm Handverkscider av pÃ¦re";"Balholm Handverkscider av pÃ¦re";"0";"58";"0.33";"175.76";"Cider";"Glass";"5";"3.5151513"
"Vinmonopolet";"10037102";"Balholm Handverkcider med bÃ¦r";"Balholm Handverkcider med bÃ¦r";"0";"58";"0.33";"175.76";"Cider";"Glass";"5";"3.5151513"
"Vinmonopolet";"10037202";"Balholm Handverkcider med hylleblom";"Balholm Handverkcider med hylleblom";"0";"58";"0.33";"175.76";"Cider";"Glass";"5";"3.5151513"
"Vinmonopolet";"10037302";"Balholm Bjor vikingcider";"Balholm Bjor vikingcider";"0";"109.9";"0.5";"219.8";"Cider";"Glass";"14";"1.57"
"Vinmonopolet";"10037401";"Ch. la Lauzette 2015";"Ch. la Lauzette";"2015";"240";"0.75";"320";"RÃ¸dvin";"Glass";"13";"2.4615386"
"Vinmonopolet";"10037501";"Juwel Riesling 2017";"Juwel Riesling";"2017";"219.9";"0.75";"293.2";"White wine";"Glass";"12.5";"2.3456"
"Vinmonopolet";"10037601";"Juwel Weissburgunder 2017";"Juwel Weissburgunder";"2017";"219.9";"0.75";"293.2";"White wine";"Glass";"12.5";"2.3456"
"Vinmonopolet";"10037701";"Juwel Silvaner 2017";"Juwel Silvaner";"2017";"219.9";"0.75";"293.2";"White wine";"Glass";"12.5";"2.3456"
"Vinmonopolet";"10037801";"Marco Sara Friulano 2016";"Marco Sara Friulano";"2016";"229.4";"0.75";"305.87";"White wine";"Glass";"13.5";"2.265679"
"Vinmonopolet";"10037906";"La Huella";"La Huella";"2019";"469.9";"3";"156.63";"RÃ¸dvin";"Bag-in-box";"13";"1.2048718"
"Vinmonopolet";"10038001";"Bassermann-Jordan Riesling Trocken";"Bassermann-Jordan Riesling Trocken";"2019";"189.9";"0.75";"253.2";"White wine";"Glass";"11.5";"2.201739"
"Vinmonopolet";"10038101";"Laroche RosÃ© L";"Laroche RosÃ© L";"2019";"129.9";"0.75";"173.2";"RosÃ©vin";"Glass";"12.5";"1.3856"
"Vinmonopolet";"10038201";"Bassermann-Jordan Pinot Blanc";"Bassermann-Jordan Pinot Blanc";"2018";"199.9";"0.75";"266.53";"White wine";"Glass";"12.5";"2.1322665"
"Vinmonopolet";"10038302";"Cervisiam Scaphism Imperial IPA";"Cervisiam Scaphism Imperial IPA";"0";"69.9";"0.33";"205.76";"India pale ale";"Emballasje med pant";"8";"2.6477273"
"Vinmonopolet";"10038402";"De Tvende Presten Imperial Stout";"De Tvende Presten Imperial Stout";"0";"64.9";"0.33";"190.61";"Porter and stout";"Emballasje med pant";"9";"2.1851852"
"Vinmonopolet";"10038502";"De Tvende Store Torungen IPA";"De Tvende Store Torungen IPA";"0";"57.9";"0.33";"169.39";"India pale ale";"Emballasje med pant";"7";"2.5064936"
"Vinmonopolet";"10038702";"Cervisiam Pecanisher Imperial Pastry Stout";"Cervisiam Pecanisher Imperial Pastry Stout";"0";"79.9";"0.33";"236.06";"Porter and stout";"Emballasje med pant";"10";"2.421212"
"Vinmonopolet";"10038801";"Villadoria Barolo 2014";"Villadoria Barolo";"2014";"345";"0.75";"460";"RÃ¸dvin";"Glass";"13.5";"3.4074075"
"Vinmonopolet";"10038901";"Villadoria Roero Arneis";"Villadoria Roero Arneis";"2018";"199.9";"0.75";"266.53";"White wine";"Glass";"13";"2.0502563"
"Vinmonopolet";"10039401";"La Tourelle";"La Tourelle";"2016";"139.9";"0.75";"186.53";"RÃ¸dvin";"Glass";"13";"1.4348717"
"Vinmonopolet";"10040001";"Txakoli Uno Cosecha 2015";"Txakoli Uno Cosecha";"2015";"247.9";"0.75";"330.53";"White wine";"Glass";"12.5";"2.6442666"
"Vinmonopolet";"10040506";"Emiliana Adobe Merlot Cabernet Sauvignon Syrah 2019";"Emiliana Adobe Merlot Cabernet Sauvignon Syrah";"2019";"239.9";"1.5";"159.93";"RÃ¸dvin";"Pouch";"14";"1.142381"
"Vinmonopolet";"10040701";"Doc's Sour Cherry Hard Apple Cider";"Doc's Sour Cherry Hard Apple Cider";"0";"99.5";"0.65";"151.91";"Cider";"Glass";"6";"2.5512822"
"Vinmonopolet";"10040802";"Aalborg Basis";"Aalborg Basis";"0";"289.9";"0.5";"579.8";"Other spirit";"Glass";"35";"1.6565714"
"Vinmonopolet";"10040901";"Costeplane Vermentino 2016";"Costeplane Vermentino";"2016";"99.9";"0.75";"133.2";"White wine";"Glass";"13";"1.0246154"
"Vinmonopolet";"10041201";"Costeplane Chardonnay 2016";"Costeplane Chardonnay";"2016";"99.6";"0.75";"132.8";"White wine";"Glass";"13";"1.0215385"
"Vinmonopolet";"10041301";"Costeplane Rouge";"Costeplane Rouge";"0";"150.3";"0.75";"200.4";"RÃ¸dvin";"Glass";"12.5";"1.6032001"
"Vinmonopolet";"10041406";"Valdibella Cataratto 2017";"Valdibella Cataratto";"2017";"489.9";"3";"163.3";"White wine";"Bag-in-box";"12.5";"1.3064"
"Vinmonopolet";"10041506";"Valdibella Nero D'Avola 2018";"Valdibella Nero D'Avola";"2018";"509.9";"3";"169.97";"RÃ¸dvin";"Bag-in-box";"13.5";"1.2590123"
"Vinmonopolet";"10041601";"Valdibella Ãgape Nerello Mascalese";"Valdibella Ãgape Nerello Mascalese";"2015";"209.9";"0.75";"279.87";"RÃ¸dvin";"Glass";"13.5";"2.0730863"
"Vinmonopolet";"10041701";"La Barbatella La Badessa Brut";"La Barbatella La Badessa Brut";"2013";"416";"0.75";"554.67";"Sparkling wine";"Glass";"13";"4.266667"
"Vinmonopolet";"10042301";"Bedouet Cogito 2017";"Bedouet Cogito";"2017";"149.9";"0.75";"199.87";"White wine";"Glass";"12";"1.6655555"
"Vinmonopolet";"10042501";"Poggiosecco Chianti 2017";"Poggiosecco Chianti";"2017";"199.9";"0.75";"266.53";"RÃ¸dvin";"Glass";"13.5";"1.9743209"
"Vinmonopolet";"10043101";"In the Mood for Bubbles Moscato d'Asti 2018";"In the Mood for Bubbles Moscato d'Asti";"2018";"159.9";"0.75";"213.2";"Sparkling white wine";"Glass";"5.5";"3.8763635"
"Vinmonopolet";"10043401";"Giovanni Barcelli Soave 2017";"Giovanni Barcelli Soave";"2017";"139.9";"0.75";"186.53";"White wine";"Glass";"11.5";"1.622029"
"Vinmonopolet";"10043501";"Dom. La Rigouline RosÃ©";"Dom. La Rigouline RosÃ©";"2019";"144.9";"0.75";"193.2";"RosÃ©vin";"Glass";"12.5";"1.5455999"
"Vinmonopolet";"10043601";"Dom. des MarÃ©chaux 2015";"Dom. des MarÃ©chaux";"2015";"146.7";"0.75";"195.6";"RÃ¸dvin";"Glass";"14";"1.3971429"
"Vinmonopolet";"10043701";"Dom. de la Loge Pouilly-FumÃ©";"Dom. de la Loge Pouilly-FumÃ©";"2018";"199.9";"0.75";"266.53";"White wine";"Glass";"12.5";"2.1322665"
"Vinmonopolet";"10044401";"ComplÃ©men'Terre Le Mortier Gobin 2017";"ComplÃ©men'Terre Le Mortier Gobin";"2017";"269.9";"0.75";"359.87";"White wine";"Glass";"12";"2.9988887"
"Vinmonopolet";"10044501";"Meinklang Foam SomlÃ³ PetNat";"Meinklang Foam SomlÃ³ PetNat";"2018";"185";"0.75";"246.67";"Sparkling white wine";"Glass";"10.5";"2.3492064"
"Vinmonopolet";"10044601";"Meinklang Foam rot PetNat";"Meinklang Foam rot PetNat";"2018";"265";"0.75";"353.33";"Perlende vin, rÃ¸d";"Glass";"11.5";"3.0724638"
"Vinmonopolet";"10044701";"Alta Alella Cau d'en GenÃ­s";"Alta Alella Cau d'en GenÃ­s";"2017";"249.9";"0.75";"333.2";"White wine";"Glass";"12.5";"2.6655998"
"Vinmonopolet";"10044801";"Les Vins Pirouettes Le Sylvaner d'Olivier";"Les Vins Pirouettes Le Sylvaner d'Olivier";"2016";"289.9";"0.75";"386.53";"White wine";"Glass";"13";"2.9733334"
"Vinmonopolet";"10044901";"Les Vins Pirouettes Saveurs de Julien";"Les Vins Pirouettes Saveurs de Julien";"2017";"239.9";"0.75";"319.87";"White wine";"Glass";"13";"2.4605129"
"Vinmonopolet";"10045006";"Carussin Completo";"Carussin Completo";"0";"489.9";"3";"163.3";"RÃ¸dvin";"Bag-in-box";"12";"1.3608333"
"Vinmonopolet";"10045101";"ComplÃ©men'Terre Ker Ma";"ComplÃ©men'Terre Ker Ma";"2018";"240";"0.75";"320";"RosÃ©vin";"Glass";"12.5";"2.56"
"Vinmonopolet";"10045201";"La Baronne Vermentino NW";"La Baronne Vermentino NW";"2016";"289.9";"0.75";"386.53";"White wine";"Glass";"12.5";"3.0922666"
"Vinmonopolet";"10045301";"La Baronne Les Chemins Blanc";"La Baronne Les Chemins Blanc";"2018";"269.9";"0.75";"359.87";"White wine";"Glass";"13";"2.7682052"
"Vinmonopolet";"10045401";"ComplÃ©men'Terre Tribute";"ComplÃ©men'Terre Tribute";"2017";"249.9";"0.75";"333.2";"White wine";"Glass";"12";"2.7766666"
"Vinmonopolet";"10045501";"ComplÃ©men'Terre La Croix Moriceau";"ComplÃ©men'Terre La Croix Moriceau";"2018";"219.9";"0.75";"293.2";"White wine";"Glass";"12.8";"2.2906249"
"Vinmonopolet";"10045701";"Original Series Swartland Cinsault 2017";"Original Series Swartland Cinsault";"2017";"118";"0.75";"157.33";"RÃ¸dvin";"Glass";"14";"1.1238096"
"Vinmonopolet";"10045801";"Armorik Sherry Cask";"Armorik Sherry Cask";"0";"799";"0.7";"1141.43";"Whisky";"Glass";"46";"2.4813664"
"Vinmonopolet";"10045901";"Armorik Maitre de Chai 2016 Whisky de Bretagne 7 YO No. 3348 et 3349";"Armorik Maitre de Chai  Whisky de Bretagne 7 YO No.  et";"0";"945";"0.7";"1350";"Whisky";"Glass";"46";"2.9347827"
"Vinmonopolet";"10046001";"Armorik 2002 Breton Single Malt Whisky 2016 Edition 13 YO";"Armorik  Breton Single Malt Whisky  Edition 13 YO";"0";"1399";"0.7";"1998.57";"Whisky";"Glass";"56.3";"3.5498605"
"Vinmonopolet";"10046201";"Armorik Triagoz";"Armorik Triagoz";"0";"899";"0.7";"1284.29";"Whisky";"Glass";"46";"2.7919254"
"Vinmonopolet";"10046301";"Duncan Taylor Octave Strathmill 1992 24 YO #9913699";"Duncan Taylor Octave Strathmill  24 YO #699";"1992";"2285";"0.7";"3264.29";"Whisky";"Glass";"51";"6.4005604"
"Vinmonopolet";"10046501";"Duncan Taylor Octave The Huntly 1997 19 YO #2213925";"Duncan Taylor Octave The Huntly  19 YO #925";"1997";"1499";"0.7";"2141.43";"Whisky";"Glass";"53.6";"3.9952028"
"Vinmonopolet";"10046601";"Duncan Taylor Octave Iconic Speyside 2008 8 YO #2914784";"Duncan Taylor Octave Iconic Speyside  8 YO #784";"2008";"985";"0.7";"1407.14";"Whisky";"Glass";"53.4";"2.635099"
"Vinmonopolet";"10048601";"Deutz Brut RosÃ©";"Deutz Brut RosÃ©";"0";"549.9";"0.75";"733.2";"Champagne, rosÃ©";"Glass";"12";"6.11"
"Vinmonopolet";"10049402";"Orchard Pig Charmer";"Orchard Pig Charmer";"0";"44.8";"0.5";"89.6";"Cider";"Glass";"6";"1.4933333"
"Vinmonopolet";"10049602";"Orchard Pig Truffler";"Orchard Pig Truffler";"0";"44.8";"0.5";"89.6";"Cider";"Glass";"6";"1.4933333"
"Vinmonopolet";"10050102";"Arctic Blue Gin";"Arctic Blue Gin";"0";"499.9";"0.5";"999.8";"Gin";"Glass";"46.2";"2.1640692"
"Vinmonopolet";"10050302";"Bergslagen Gin";"Bergslagen Gin";"0";"469.9";"0.5";"939.8";"Gin";"Glass";"45.7";"2.0564551"
"Vinmonopolet";"10050502";"KÃ¸benhavn klassisk gin";"KÃ¸benhavn klassisk gin";"0";"469.9";"0.5";"939.8";"Gin";"Glass";"46";"2.0430434"
"Vinmonopolet";"10050701";"Valdibella Isolano Cataratto Extra Lucido";"Valdibella Isolano Cataratto Extra Lucido";"2016";"209.9";"0.75";"279.87";"White wine";"Glass";"13";"2.1528203"
"Vinmonopolet";"10050902";"Ekangersmuget Holigong! IPA";"Ekangersmuget Holigong! IPA";"0";"54.9";"0.33";"166.36";"India pale ale";"Glass";"6";"2.7727273"
"Vinmonopolet";"10051002";"Ekangersmuget Luun Porter";"Ekangersmuget Luun Porter";"0";"58.9";"0.33";"178.49";"Porter and stout";"Glass";"6";"2.9747474"
"Vinmonopolet";"10055602";"Ego Egoisten";"Ego Egoisten";"0";"41.9";"0.33";"120.91";"Pale ale";"Emballasje med pant";"5";"2.539394"
"Vinmonopolet";"10055702";"Koskenkorva Vargtass 21%";"Koskenkorva Vargtass 21%";"0";"172.9";"0.5";"345.8";"LikÃ¸r";"Glass";"21";"1.6466666"
"Vinmonopolet";"10055801";"Tyrrell`s Beyond Broke Road Shiraz";"Tyrrell`s Beyond Broke Road Shiraz";"2017";"247";"0.75";"329.33";"RÃ¸dvin";"Glass";"14";"2.352381"
"Vinmonopolet";"10056001";"Tyrrell`s Beyond Broke road Cabernet Sauvignon";"Tyrrell`s Beyond Broke road Cabernet Sauvignon";"2016";"242";"0.75";"322.67";"RÃ¸dvin";"Glass";"13.5";"2.3901234"
"Vinmonopolet";"10056308";"24 Ice Vodka Energy (5x6,5cl)";"24 Ice Vodka Energy (5x6,5cl)";"0";"114.9";"0.32";"353.54";"Other spirit";"Ãvrig";"5";"7.18125"
"Vinmonopolet";"10056401";"Chianti Classico DOCG";"Chianti Classico DOCG";"2016";"288.1";"0.75";"384.13";"RÃ¸dvin";"Glass";"14";"2.7438097"
"Vinmonopolet";"10056601";"Lauder's 15 Y.O.";"Lauder's 15 Y.O.";"0";"899.9";"1";"899.9";"Whisky";"Glass";"40";"2.2497501"
"Vinmonopolet";"10056701";"Marabino Eureka Chardonnay";"Marabino Eureka Chardonnay";"2016";"234";"0.75";"312";"White wine";"Glass";"12.5";"2.496"
"Vinmonopolet";"10056801";"Marabino Muscatedda Moscato di Noto";"Marabino Muscatedda Moscato di Noto";"2016";"242";"0.75";"322.67";"White wine";"Glass";"13";"2.4820514"
"Vinmonopolet";"10057101";"Simonnet-Febvre Quintessence de Lyre 2015";"Simonnet-Febvre Quintessence de Lyre";"2015";"154.7";"0.75";"206.27";"White wine";"Glass";"13";"1.5866666"
"Vinmonopolet";"10057201";"Von Buhl SpÃ¤tburgunder 2016";"Von Buhl SpÃ¤tburgunder";"2016";"249.9";"0.75";"333.2";"RÃ¸dvin";"Glass";"13";"2.563077"
"Vinmonopolet";"10057301";"Von Buhl Riesling 2018";"Von Buhl Riesling";"2018";"149.9";"0.75";"199.87";"White wine";"Glass";"13";"1.5374359"
"Vinmonopolet";"10057401";"Von Buhl Armand Riesling Kabinett 2017";"Von Buhl Armand Riesling Kabinett";"2017";"134.9";"0.75";"179.87";"White wine";"Glass";"8";"2.2483332"
"Vinmonopolet";"10057701";"Becker Laisser Faire Riesling 2016";"Becker Laisser Faire Riesling";"2016";"154.7";"0.75";"206.27";"White wine";"Glass";"12";"1.7188889"
"Vinmonopolet";"10057801";"Cave de Tain Grand Classique Hermitage";"Cave de Tain Grand Classique Hermitage";"2013";"419.9";"0.75";"559.87";"RÃ¸dvin";"Glass";"13";"4.3066664"
"Vinmonopolet";"10058201";"Sangria Lola Mola";"Sangria Lola Mola";"0";"169.9";"1";"169.9";"Flavoured wine	";"Glass";"7";"2.4271429"
"Vinmonopolet";"10058304";"Sangria Lola Mola";"Sangria Lola Mola";"0";"69.9";"0.25";"279.6";"Flavoured wine	";"Glass";"7";"3.9942858"
"Vinmonopolet";"10058401";"Cachazo CarrasviÃ±as Dorado";"Cachazo CarrasviÃ±as Dorado";"0";"284.9";"0.75";"379.87";"Fortified wine";"Glass";"15";"2.5324445"
"Vinmonopolet";"10058501";"Ostatu Rosado";"Ostatu Rosado";"2017";"179.6";"0.75";"239.47";"RosÃ©vin";"Glass";"13.5";"1.7738272"
"Vinmonopolet";"10058905";"Villa Conchi Cava Brut SelecciÃ³n";"Villa Conchi Cava Brut SelecciÃ³n";"0";"299.9";"1.5";"199.93";"Sparkling wine";"Glass";"11.5";"1.7385507"
"Vinmonopolet";"10059006";"Giacosa Fratelli Piemonte Barbera";"Giacosa Fratelli Piemonte Barbera";"2019";"469.9";"3";"156.63";"RÃ¸dvin";"Bag-in-box";"13";"1.2048718"
"Vinmonopolet";"10059206";"Gran Passione Veneto Rosso";"Gran Passione Veneto Rosso";"2017";"469.9";"3";"156.63";"RÃ¸dvin";"Bag-in-box";"13.5";"1.1602468"
"Vinmonopolet";"10059301";"Aasgaard Strandbobler Prosecco Superiore";"Aasgaard Strandbobler Prosecco Superiore";"2018";"199.5";"0.75";"266";"Sparkling wine";"Glass";"11";"2.418182"
"Vinmonopolet";"10059401";"Vanlig akvavit";"Vanlig akvavit";"0";"289.9";"0.7";"414.14";"Aquavit";"Glass";"37.5";"1.104381"
"Vinmonopolet";"10059501";"La Valentina Spelt 2017";"La Valentina Spelt";"2017";"149.9";"0.75";"199.87";"RosÃ©vin";"Glass";"13.5";"1.4804938"
"Vinmonopolet";"10059701";"Het Anker CVD Keizer Imperial Dark";"Het Anker CVD Keizer Imperial Dark";"0";"149.9";"0.75";"199.87";"Trappist";"Glass";"11";"1.8169696"
"Vinmonopolet";"10059802";"Callejuela Manzanilla Fina";"Callejuela Manzanilla Fina";"0";"164.9";"0.38";"439.73";"Sherry";"Glass";"15";"2.8929825"
"Vinmonopolet";"10059902";"Callejuela Pedro Xim nez";"Callejuela Pedro Xim nez";"0";"194.9";"0.38";"519.73";"Sherry";"Glass";"15";"3.4192982"
"Vinmonopolet";"10060001";"Callejuela Blanco de Hornillos 2016";"Callejuela Blanco de Hornillos";"2016";"179.6";"0.75";"239.47";"White wine";"Glass";"12";"1.9955556"
"Vinmonopolet";"10061301";"Hiruzta Txakolina 2019";"Hiruzta Txakolina";"2019";"176.9";"0.75";"235.87";"White wine";"Glass";"12";"1.9655554"
"Vinmonopolet";"10061401";"Lodi Seleccion especial Antonio Alcaraz";"Lodi Seleccion especial Antonio Alcaraz";"2016";"386";"0.75";"514.67";"RÃ¸dvin";"Glass";"14.5";"3.5494254"
"Vinmonopolet";"10061501";"Lodi Blanco Antonio Alcaraz";"Lodi Blanco Antonio Alcaraz";"2016";"278.6";"0.75";"371.47";"White wine";"Glass";"12.5";"2.9717333"
"Vinmonopolet";"10061601";"El Abuelo Pedro de Antonio Alcaraz";"El Abuelo Pedro de Antonio Alcaraz";"2016";"320.8";"0.75";"427.73";"RÃ¸dvin";"Glass";"14.5";"2.949885"
"Vinmonopolet";"10062101";"Casa del Valle Seleccion Especial 2017";"Casa del Valle Seleccion Especial";"2017";"144.9";"0.75";"193.2";"RÃ¸dvin";"Glass";"13.5";"1.4311111"
"Vinmonopolet";"10062201";"Ondarre Seleccion Millennium Cava Brut";"Ondarre Seleccion Millennium Cava Brut";"0";"154.9";"0.75";"206.53";"Sparkling wine";"Glass";"11.5";"1.795942"
"Vinmonopolet";"10062301";"La Giribaldina Ferro di Cavallo Monterrato Bianco";"La Giribaldina Ferro di Cavallo Monterrato Bianco";"2015";"199.9";"0.75";"266.53";"White wine";"Glass";"14";"1.9038094"
"Vinmonopolet";"10062401";"Weinhaus Saar Riesling Trocken 2018";"Weinhaus Saar Riesling Trocken";"2018";"124.9";"0.75";"166.53";"White wine";"Glass";"11.5";"1.448116"
"Vinmonopolet";"10062501";"La Giribaldina Calla delle Mandrie";"La Giribaldina Calla delle Mandrie";"2014";"258.3";"0.75";"344.4";"RÃ¸dvin";"Glass";"15";"2.296"
"Vinmonopolet";"10062601";"La Giribaldina Moscato d'Asti";"La Giribaldina Moscato d'Asti";"2016";"177.4";"0.75";"236.53";"Sparkling wine";"Glass";"5.5";"4.300606"
"Vinmonopolet";"10063301";"Louis Guntrum Pinot Noir";"Louis Guntrum Pinot Noir";"2016";"219.9";"0.75";"293.2";"RÃ¸dvin";"Glass";"13.5";"2.1718519"
"Vinmonopolet";"10063502";"Grappa di Barbera Selezione di Ciliegio";"Grappa di Barbera Selezione di Ciliegio";"0";"418.5";"0.5";"837";"Grape spirit";"Glass";"45";"1.86"
"Vinmonopolet";"10063702";"Haandbryggeriet Dobbel Wit";"Haandbryggeriet Dobbel Wit";"0";"51.5";"0.33";"156.06";"HveteÃ¸l";"Glass";"6";"2.60101"
"Vinmonopolet";"10063902";"Haandbryggeriet Ardenne Blonde";"Haandbryggeriet Ardenne Blonde";"0";"54.5";"0.33";"165.15";"Saison farmhouse ale";"Glass";"7.5";"2.2020202"
"Vinmonopolet";"10064002";"Haandbryggeriet Norwegian Wood";"Haandbryggeriet Norwegian Wood";"0";"51.9";"0.33";"157.27";"Special";"Glass";"6.5";"2.4195805"
"Vinmonopolet";"10064101";"Dreissigacker Wunderwerk SpÃ¤tburgunder";"Dreissigacker Wunderwerk SpÃ¤tburgunder";"2014";"359.9";"0.75";"479.87";"RÃ¸dvin";"Glass";"12.5";"3.8389332"
"Vinmonopolet";"10064201";"Les BÃªtes Curieuses Ch.-ThÃ©baud 2012";"Les BÃªtes Curieuses Ch.-ThÃ©baud";"2012";"239";"0.75";"318.67";"White wine";"Glass";"12.5";"2.5493333"
"Vinmonopolet";"10064301";"Les BÃªtes Curieuses MonniÃ¨re-Saint Fiacre 2013";"Les BÃªtes Curieuses MonniÃ¨re-Saint Fiacre";"2013";"238";"0.75";"317.33";"White wine";"Glass";"12.5";"2.5386667"
"Vinmonopolet";"10064401";"Les BÃªtes Curieuses Goulaine 2012";"Les BÃªtes Curieuses Goulaine";"2012";"242";"0.75";"322.67";"White wine";"Glass";"12.5";"2.5813334"
"Vinmonopolet";"10064501";"Cruse Monkey Jacket 2018";"Cruse Monkey Jacket";"2018";"295";"0.75";"393.33";"RÃ¸dvin";"Glass";"12.5";"3.1466668"
"Vinmonopolet";"10064601";"Cruse Alder Springs Tannat 2017";"Cruse Alder Springs Tannat";"2017";"425";"0.75";"566.67";"RÃ¸dvin";"Glass";"13.5";"4.1975307"
"Vinmonopolet";"10064701";"Les BÃªtes Curieuses Gorges 2013";"Les BÃªtes Curieuses Gorges";"2013";"239";"0.75";"318.67";"White wine";"Glass";"12.5";"2.5493333"
"Vinmonopolet";"10064801";"Benanti Etna Rosso 2017";"Benanti Etna Rosso";"2017";"235";"0.75";"313.33";"RÃ¸dvin";"Glass";"13.5";"2.3209877"
"Vinmonopolet";"10064901";"Benanti Rovittello 2013";"Benanti Rovittello";"2013";"399.9";"0.75";"533.2";"RÃ¸dvin";"Glass";"13.5";"3.9496295"
"Vinmonopolet";"10065101";"Cruse Rancho Chimiles ValdiguiÃ© 2017";"Cruse Rancho Chimiles ValdiguiÃ©";"2017";"360";"0.75";"480";"RÃ¸dvin";"Glass";"12";"4"
"Vinmonopolet";"10065201";"Benanti Etna Bianco 2017";"Benanti Etna Bianco";"2017";"240";"0.75";"320";"White wine";"Glass";"12.5";"2.56"
"Vinmonopolet";"10065301";"Benanti Serra della Contessa 2013";"Benanti Serra della Contessa";"2013";"394.9";"0.75";"526.53";"RÃ¸dvin";"Glass";"13.5";"3.9002469"
"Vinmonopolet";"10065501";"Stoli Gold";"Stoli Gold";"0";"569.9";"0.7";"814.14";"Vodka";"Glass";"40";"2.0353572"
"Vinmonopolet";"10065901";"Leroux Blagny La PiÃ¨ce Sous le Bois 2016";"Leroux Blagny La PiÃ¨ce Sous le Bois";"2016";"536.1";"0.75";"714.8";"RÃ¸dvin";"Glass";"13.5";"5.2948146"
"Vinmonopolet";"10066001";"Dom. Berthelemot Monthelie";"Dom. Berthelemot Monthelie";"2016";"329";"0.75";"438.67";"RÃ¸dvin";"Glass";"13";"3.374359"
"Vinmonopolet";"10066201";"Bereche Montagne Premier Cru 1999";"Bereche Montagne Premier Cru";"1999";"809.7";"0.75";"1079.6";"Champagne extra brut";"Glass";"12.5";"8.6368"
"Vinmonopolet";"10066401";"Suertes del Marques Candio 2017";"Suertes del Marques Candio";"2017";"369.9";"0.75";"493.2";"RÃ¸dvin";"Glass";"13.5";"3.6533332"
"Vinmonopolet";"10066901";"Les Fenouils";"Les Fenouils";"2019";"199.9";"0.75";"266.53";"RosÃ©vin";"Glass";"12";"2.221111"
"Vinmonopolet";"10067001";"La Venne";"La Venne";"2016";"199.6";"0.75";"266.13";"RÃ¸dvin";"Glass";"13.5";"1.9713581"
"Vinmonopolet";"10067801";"Fichet Bourgogne Blanc Vieilles Vignes 2015";"Fichet Bourgogne Blanc Vieilles Vignes";"2015";"332";"0.75";"442.67";"White wine";"Glass";"13";"3.4051282"
"Vinmonopolet";"10067901";"Fichet MonthÃ©lie Blanc 2015";"Fichet MonthÃ©lie Blanc";"2015";"348.9";"0.75";"465.2";"White wine";"Glass";"13";"3.5784614"
"Vinmonopolet";"10068001";"Fichet Meursault Le Tesson 2014";"Fichet Meursault Le Tesson";"2014";"664.8";"0.75";"886.4";"White wine";"Glass";"13";"6.8184614"
"Vinmonopolet";"10068101";"Girardin Meursault Blagny Premier Cru 2015";"Girardin Meursault Blagny Premier Cru";"2015";"655";"0.75";"873.33";"White wine";"Glass";"13.5";"6.4691358"
"Vinmonopolet";"10068201";"Girardin Chassagne-Montrachet 1er Cru Les ChaumÃ©es 2015";"Girardin Chassagne-Montrachet 1er Cru Les ChaumÃ©es";"2015";"685";"0.75";"913.33";"White wine";"Glass";"13.5";"6.765432"
"Vinmonopolet";"10068301";"Girardin Chassagne-Montrachet 1er Cru Les Blanchots 2015";"Girardin Chassagne-Montrachet 1er Cru Les Blanchots";"2015";"759.9";"0.75";"1013.2";"White wine";"Glass";"13.5";"7.5051856"
"Vinmonopolet";"10068501";"Alois Lageder RÃ¶migberg Schiava 2017";"Alois Lageder RÃ¶migberg Schiava";"2017";"224.9";"0.75";"299.87";"RÃ¸dvin";"Glass";"11.5";"2.607536"
"Vinmonopolet";"10068601";"Alois Lageder Oberingram St. Magdalener 2016";"Alois Lageder Oberingram St. Magdalener";"2016";"209.9";"0.75";"279.87";"RÃ¸dvin";"Glass";"12.5";"2.2389333"
"Vinmonopolet";"10068701";"Frecciarossa Margherita Pinot Nero Rosato 2018";"Frecciarossa Margherita Pinot Nero Rosato";"2018";"184.9";"0.75";"246.53";"RosÃ©vin";"Glass";"13";"1.8964102"
"Vinmonopolet";"10068801";"Lustau Solera Gran Reserva Brandy de Jerez";"Lustau Solera Gran Reserva Brandy de Jerez";"0";"610";"0.7";"871.43";"Grape spirit";"Glass";"40";"2.1785715"
"Vinmonopolet";"10068902";"Lustau Palo Cortado Almacenista Cayetano Del Pino";"Lustau Palo Cortado Almacenista Cayetano Del Pino";"0";"328.9";"0.5";"657.8";"Sherry";"Glass";"21";"3.132381"
"Vinmonopolet";"10069001";"Haute FÃ©vrie Muscadet de SÃ¨vre et Maine sur Lie 2018";"Haute FÃ©vrie Muscadet de SÃ¨vre et Maine sur Lie";"2018";"171";"0.75";"228";"White wine";"Glass";"12";"1.9"
"Vinmonopolet";"10069101";"Haute FÃ©vrie Gras Moutons Muscadet de SÃ¨vre et Maine sur Lie 2018";"Haute FÃ©vrie Gras Moutons Muscadet de SÃ¨vre et Maine sur Lie";"2018";"185";"0.75";"246.67";"White wine";"Glass";"12";"2.0555556"
"Vinmonopolet";"10069201";"Haute FÃ©vrie Gras Moutons Muscadet de SÃ¨vre et Maine sur Lie 2009";"Haute FÃ©vrie Gras Moutons Muscadet de SÃ¨vre et Maine sur Lie";"2009";"288";"0.75";"384";"White wine";"Glass";"12";"3.2"
"Vinmonopolet";"10069301";"Arnaud Lambert Saumur Clos David 2016";"Arnaud Lambert Saumur Clos David";"2016";"325";"0.75";"433.33";"White wine";"Glass";"13";"3.3333333"
"Vinmonopolet";"10069401";"Arnaud Lambert Saumur Les PerriÃ¨res 2018";"Arnaud Lambert Saumur Les PerriÃ¨res";"2018";"245";"0.75";"326.67";"White wine";"Glass";"13";"2.5128205"
"Vinmonopolet";"10069501";"Fichet MonthÃ©lie 1er Cru Les Clous Rouge 2014";"Fichet MonthÃ©lie 1er Cru Les Clous Rouge";"2014";"384.9";"0.75";"513.2";"RÃ¸dvin";"Glass";"13";"3.9476922"
"Vinmonopolet";"10069705";"Comando G Rozas 1er Garnacha 2017";"Comando G Rozas 1er Garnacha";"2017";"890";"1.5";"593.33";"RÃ¸dvin";"Glass";"14.5";"4.091954"
"Vinmonopolet";"10069801";"Mourat Moulin Blanc Blanc de Noirs";"Mourat Moulin Blanc Blanc de Noirs";"2018";"229.9";"0.75";"306.53";"White wine";"Glass";"13";"2.3579485"
"Vinmonopolet";"10069901";"Ch. Miraval Blanc 2015";"Ch. Miraval Blanc";"2015";"279";"0.75";"372";"White wine";"Glass";"13";"2.8615384"
"Vinmonopolet";"10070001";"Patrice Rion Chambolle-Musigny 1er Cru Les Gruenchers 2015";"Patrice Rion Chambolle-Musigny 1er Cru Les Gruenchers";"2015";"816.4";"0.75";"1088.53";"RÃ¸dvin";"Glass";"13.5";"8.0632105"
"Vinmonopolet";"10070102";"Bordelet Sidre Nouvelle Vague";"Bordelet Sidre Nouvelle Vague";"2018";"74.9";"0.33";"226.97";"Cider";"Glass";"6.5";"3.4918413"
"Vinmonopolet";"10070201";"Bailly-Reverdy Sancerre Le Mercy-Dieu 2017";"Bailly-Reverdy Sancerre Le Mercy-Dieu";"2017";"229.8";"0.75";"306.4";"RosÃ©vin";"Glass";"13";"2.356923"
"Vinmonopolet";"10070301";"Pertinace Barbaresco 2010";"Pertinace Barbaresco";"2010";"205";"0.75";"273.33";"RÃ¸dvin";"Glass";"14";"1.9523809"
"Vinmonopolet";"10070502";"Homborsund Sundholmen Saison";"Homborsund Sundholmen Saison";"0";"64.8";"0.33";"196.36";"Saison farmhouse ale";"Glass";"6.5";"3.020979"
"Vinmonopolet";"10070701";"Howard Park Porongurup Riesling 2017";"Howard Park Porongurup Riesling";"2017";"199.9";"0.75";"266.53";"White wine";"Glass";"12";"2.221111"
"Vinmonopolet";"10070801";"Howard Park Mount Barker Riesling 2017";"Howard Park Mount Barker Riesling";"2017";"210";"0.75";"280";"White wine";"Glass";"12";"2.3333333"
"Vinmonopolet";"10071401";"SchÃ¤fer-FrÃ¶hlich Bockenauer Stromberg GG 2016";"SchÃ¤fer-FrÃ¶hlich Bockenauer Stromberg GG";"2016";"545";"0.75";"726.67";"White wine";"Glass";"12.5";"5.8133335"
"Vinmonopolet";"10074301";"St. Antony Les Ãtoiles CuvÃ©e Prestige Brut 2012";"St. Antony Les Ãtoiles CuvÃ©e Prestige Brut";"2012";"349.8";"0.75";"466.4";"Sparkling wine";"Glass";"12";"3.8866665"
"Vinmonopolet";"10074401";"St. Antony Madame Brut Blanc 2013";"St. Antony Madame Brut Blanc";"2013";"279.8";"0.75";"373.07";"Sparkling wine";"Glass";"12";"3.1088889"
"Vinmonopolet";"10074501";"San Felice Bell'Aja Bolgheri 2016";"San Felice Bell'Aja Bolgheri";"2016";"349";"0.75";"465.33";"RÃ¸dvin";"Glass";"13.5";"3.4469135"
"Vinmonopolet";"10074602";"San Felice Belcaro Vin Santo 2009";"San Felice Belcaro Vin Santo";"2009";"246.2";"0.38";"656.53";"White wine";"Glass";"15";"4.3192983"
"Vinmonopolet";"10074802";"Voss Kveika RugÃ¸l";"Voss Kveika RugÃ¸l";"0";"69";"0.33";"203.03";"Saison farmhouse ale";"Emballasje med pant";"7";"2.9870129"
"Vinmonopolet";"10074901";"Don Abraham Tequila";"Don Abraham Tequila";"0";"539.9";"0.7";"771.29";"Fruit spirit";"Glass";"40";"1.9282144"
"Vinmonopolet";"10075001";"St. Antony Pinot Noir 2015";"St. Antony Pinot Noir";"2015";"295.9";"0.75";"394.53";"RÃ¸dvin";"Glass";"12.5";"3.1562667"
"Vinmonopolet";"10075101";"St. Antony Paterberg Pinot Noir GG 2015";"St. Antony Paterberg Pinot Noir GG";"2015";"498";"0.75";"664";"RÃ¸dvin";"Glass";"13";"5.1076922"
"Vinmonopolet";"10075201";"St. Antony Kranzberg Pinot Noir GG 2015";"St. Antony Kranzberg Pinot Noir GG";"2015";"378.9";"0.75";"505.2";"RÃ¸dvin";"Glass";"12.5";"4.0415998"
"Vinmonopolet";"10075301";"St. Antony Am Turm BlaufrÃ¤nkisch 2015";"St. Antony Am Turm BlaufrÃ¤nkisch";"2015";"268.9";"0.75";"358.53";"RÃ¸dvin";"Glass";"12.5";"2.8682666"
"Vinmonopolet";"10075501";"St. Antony Rotschiefer Riesling 2016";"St. Antony Rotschiefer Riesling";"2016";"248.9";"0.75";"331.87";"White wine";"Glass";"12";"2.7655554"
"Vinmonopolet";"10075601";"St. Antony Orbel Riesling GG 2016";"St. Antony Orbel Riesling GG";"2016";"319.9";"0.75";"426.53";"White wine";"Glass";"13";"3.2810256"
"Vinmonopolet";"10075701";"St. Antony Hipping Riesling GG 2016";"St. Antony Hipping Riesling GG";"2016";"379";"0.75";"505.33";"White wine";"Glass";"12.5";"4.0426664"
"Vinmonopolet";"10075901";"St. Antony Ãlberg Riesling GG 2016";"St. Antony Ãlberg Riesling GG";"2016";"348.9";"0.75";"465.2";"White wine";"Glass";"12.5";"3.7215998"
"Vinmonopolet";"10076101";"St. Antony Weissburgunder 2017";"St. Antony Weissburgunder";"2017";"228.9";"0.75";"305.2";"White wine";"Glass";"11.5";"2.653913"
"Vinmonopolet";"10076201";"St. Antony Chardonnay 2017";"St. Antony Chardonnay";"2017";"229";"0.75";"305.33";"White wine";"Glass";"12";"2.5444446"
"Vinmonopolet";"10076601";"Ch. Sociando-Mallet 2015";"Ch. Sociando-Mallet";"2015";"709.9";"0.75";"946.53";"RÃ¸dvin";"Glass";"13.5";"7.0113583"
"Vinmonopolet";"10076801";"Heyl zu Herrnsheim Pettenthal Riesling 2012";"Heyl zu Herrnsheim Pettenthal Riesling";"2012";"349";"0.75";"465.33";"White wine";"Glass";"11.5";"4.0463767"
"Vinmonopolet";"10076901";"Ch. Citran 2015";"Ch. Citran";"2015";"398";"0.75";"530.67";"RÃ¸dvin";"Glass";"13.5";"3.930864"
"Vinmonopolet";"10077001";"Heyl zu Herrnsheim Brudersberg Riesling GG 2016";"Heyl zu Herrnsheim Brudersberg Riesling GG";"2016";"397.9";"0.75";"530.53";"White wine";"Glass";"12.5";"4.2442665"
"Vinmonopolet";"10077101";"Heyl zu Herrnsheim Riesling Kabinett 2014";"Heyl zu Herrnsheim Riesling Kabinett";"2014";"219";"0.75";"292";"White wine";"Glass";"9.5";"3.0736842"
"Vinmonopolet";"10077201";"Heyl zu Herrnsheim Riesling Kabinett 2017";"Heyl zu Herrnsheim Riesling Kabinett";"2017";"220";"0.75";"293.33";"White wine";"Glass";"8.5";"3.4509804"
"Vinmonopolet";"10077301";"Heyl zu Herrnsheim Riesling Trocken 2017";"Heyl zu Herrnsheim Riesling Trocken";"2017";"219.9";"0.75";"293.2";"White wine";"Glass";"11.5";"2.549565"
"Vinmonopolet";"10077401";"Janson Bernhard Pinot Noir RosÃ© 2018";"Janson Bernhard Pinot Noir RosÃ©";"2018";"99.9";"0.75";"133.2";"RosÃ©vin";"Plast";"12";"1.11"
"Vinmonopolet";"10077502";"Malmio Original Cream Liqueur";"Malmio Original Cream Liqueur";"0";"109.9";"0.35";"314";"LikÃ¸r";"Plast";"17";"1.8470589"
"Vinmonopolet";"10077601";"AndrÃ© Brunel Le Mistral Chardonnay";"AndrÃ© Brunel Le Mistral Chardonnay";"0";"129.9";"0.75";"173.2";"White wine";"Glass";"13";"1.3323076"
"Vinmonopolet";"10077606";"AndrÃ© Brunel Le Mistral Chardonnay";"AndrÃ© Brunel Le Mistral Chardonnay";"2018";"429.9";"3";"143.3";"White wine";"Bag-in-box";"13";"1.1023077"
"Vinmonopolet";"10077702";"Ginger Bear";"Ginger Bear";"0";"38.8";"0.33";"117.58";"Flavoured wine	";"Glass";"4.8";"2.4494946"
"Vinmonopolet";"10078301";"Dom. Cavalier rouge";"Dom. Cavalier rouge";"2016";"167";"0.75";"222.67";"RÃ¸dvin";"Glass";"13.5";"1.6493827"
"Vinmonopolet";"10078401";"Smak blanc";"Smak blanc";"2017";"149.5";"0.75";"199.33";"White wine";"Glass";"13.5";"1.4765432"
"Vinmonopolet";"10078801";"Ch. Cantenac Brown 2015";"Ch. Cantenac Brown";"2015";"1175";"0.75";"1566.67";"RÃ¸dvin";"Glass";"14";"11.190476"
"Vinmonopolet";"10078901";"Jon Josh Matra 2018";"Jon Josh Matra";"2018";"109.9";"0.75";"146.53";"White wine";"Glass";"12";"1.2211112"
"Vinmonopolet";"10079305";"Kinn Jubel";"Kinn Jubel";"0";"274.9";"1.5";"183.27";"Trappist";"Glass";"9.5";"1.9291228"
"Vinmonopolet";"10079402";"To Ãl Cloudy 9";"To Ãl Cloudy 9";"0";"62.9";"0.33";"190.61";"Special";"Glass";"5.5";"3.4655647"
"Vinmonopolet";"10080301";"Duncan Taylor Girvan Rare Auld Grain 2011 6 YO Cask No. 2114253";"Duncan Taylor Girvan Rare Auld Grain  6 YO Cask No. 253";"2011";"865";"0.7";"1235.71";"Whisky";"Glass";"53.1";"2.3271456"
"Vinmonopolet";"10080501";"Pizzolato Live Bio l Apertivo";"Pizzolato Live Bio l Apertivo";"0";"199.5";"0.7";"285";"Other spirit";"Glass";"15";"1.9"
"Vinmonopolet";"10080601";"Ice RosÃ© SignÃ© Mouton Cadet";"Ice RosÃ© SignÃ© Mouton Cadet";"0";"199.9";"0.75";"266.53";"RosÃ©vin";"Glass";"12";"2.221111"
"Vinmonopolet";"10080701";"Marchand Tawse Gevrey-Chambertin";"Marchand Tawse Gevrey-Chambertin";"2016";"526.9";"0.75";"702.53";"RÃ¸dvin";"Glass";"13";"5.404103"
"Vinmonopolet";"10080801";"Marchand Tawse Chambolle-Musigny";"Marchand Tawse Chambolle-Musigny";"2014";"668.5";"0.75";"891.33";"RÃ¸dvin";"Glass";"13.5";"6.602469"
"Vinmonopolet";"10080901";"Marchand Tawse Volnay 1er Cru Fremiets";"Marchand Tawse Volnay 1er Cru Fremiets";"2014";"709.5";"0.75";"946";"RÃ¸dvin";"Glass";"13";"7.276923"
"Vinmonopolet";"10081001";"Stephane Ogier CÃ´te-RÃ´tie Mon Village";"Stephane Ogier CÃ´te-RÃ´tie Mon Village";"2016";"583.6";"0.75";"778.13";"RÃ¸dvin";"Glass";"13";"5.985641"
"Vinmonopolet";"10081101";"Boekenhoutskloof Semillon";"Boekenhoutskloof Semillon";"2016";"399.9";"0.75";"533.2";"White wine";"Glass";"13.5";"3.9496295"
"Vinmonopolet";"10081201";"Asio Otus Pinot Grigio";"Asio Otus Pinot Grigio";"0";"154.9";"1";"154.9";"White wine";"Ãvrig";"12";"1.2908332"
"Vinmonopolet";"10081301";"Tombacco Pecorino Terre di Chieti";"Tombacco Pecorino Terre di Chieti";"0";"154.4";"0.75";"205.87";"White wine";"Glass";"13.5";"1.5249382"
"Vinmonopolet";"10081702";"Haandbryggeriet Earthkveik";"Haandbryggeriet Earthkveik";"0";"61.6";"0.33";"186.67";"Saison farmhouse ale";"Glass";"7.4";"2.5225222"
"Vinmonopolet";"10082006";"Vigna Paradiso Soave";"Vigna Paradiso Soave";"2019";"439.9";"3";"146.63";"White wine";"Bag-in-box";"11.5";"1.2750725"
"Vinmonopolet";"10082301";"Dreissigacker Silvaner Trocken 2018";"Dreissigacker Silvaner Trocken";"2018";"169.9";"0.75";"226.53";"White wine";"Glass";"12.5";"1.8122666"
"Vinmonopolet";"10082502";"Ulvik Kvitanesen Poesider 2016";"Ulvik Kvitanesen Poesider";"0";"114.9";"0.5";"229.8";"Cider";"Glass";"7.5";"3.0640001"
"Vinmonopolet";"10082601";"Mackmyra Ten Years Swedish Single Malt Whisky";"Mackmyra Ten Years Swedish Single Malt Whisky";"0";"999.9";"0.7";"1428.43";"Whisky";"Glass";"46.1";"3.098544"
"Vinmonopolet";"10082801";"Mackmyra SkÃ¶rdetid Swedish Single Malt Whisky";"Mackmyra SkÃ¶rdetid Swedish Single Malt Whisky";"0";"999.9";"0.7";"1428.43";"Whisky";"Glass";"46.1";"3.098544"
"Vinmonopolet";"10082901";"Lapeyre JuranÃ§on Sec 2017";"Lapeyre JuranÃ§on Sec";"2017";"189.9";"0.75";"253.2";"White wine";"Glass";"12.5";"2.0256"
"Vinmonopolet";"10083001";"Lapeyre Vitatge Vielh JuranÃ§on Sec 2013";"Lapeyre Vitatge Vielh JuranÃ§on Sec";"2013";"224.9";"0.75";"299.87";"White wine";"Glass";"13";"2.3066666"
"Vinmonopolet";"10083101";"Lapeyre EvidÃ©ncia 2016";"Lapeyre EvidÃ©ncia";"2016";"239.9";"0.75";"319.87";"White wine";"Glass";"13";"2.4605129"
"Vinmonopolet";"10083401";"KÃ¼hn Sankt Nikolaus Riesling Trocken 2016";"KÃ¼hn Sankt Nikolaus Riesling Trocken";"2016";"448.9";"0.75";"598.53";"White wine";"Glass";"13";"4.6041026"
"Vinmonopolet";"10083501";"KÃ¼hn Doosberg Riesling Trocken 2015";"KÃ¼hn Doosberg Riesling Trocken";"2015";"399";"0.75";"532";"White wine";"Glass";"13";"4.0923076"
"Vinmonopolet";"10083602";"Schneider Weisse TAP7 Original";"Schneider Weisse TAP7 Original";"0";"39.8";"0.33";"120.61";"HveteÃ¸l";"Glass";"5.4";"2.2334454"
"Vinmonopolet";"10083801";"Kimerud Gin";"Kimerud Gin";"0";"499.9";"0.7";"714.14";"Gin";"Glass";"40";"1.7853571"
"Vinmonopolet";"10083906";"Mosaic Alvarinho 2019";"Mosaic Alvarinho";"2019";"469.9";"3";"156.63";"White wine";"Bag-in-box";"12";"1.3052777"
"Vinmonopolet";"10084101";"Querciabella Mongrana";"Querciabella Mongrana";"2015";"235";"0.75";"313.33";"RÃ¸dvin";"Glass";"14";"2.2380953"
"Vinmonopolet";"10084302";"Schneider Weisse TAP6 Aventinus";"Schneider Weisse TAP6 Aventinus";"0";"52.9";"0.33";"160.3";"HveteÃ¸l";"Glass";"8.2";"1.954915"
"Vinmonopolet";"10084502";"Westons Caple RD Cider";"Westons Caple RD Cider";"0";"32.9";"0.33";"99.7";"Cider";"Metall";"5.2";"1.9172494"
"Vinmonopolet";"10084701";"Dom. des Tourelles RosÃ© 2018";"Dom. des Tourelles RosÃ©";"2018";"199.9";"0.75";"266.53";"RosÃ©vin";"Glass";"13";"2.0502563"
"Vinmonopolet";"10084901";"Col del Lupo Notae Prosecco Col Fondo";"Col del Lupo Notae Prosecco Col Fondo";"0";"176.1";"0.75";"234.8";"Sparkling white wine";"Glass";"11";"2.1345456"
"Vinmonopolet";"10085701";"SunnmÃ¸re fjordvin nÃ¥ke kvitt";"SunnmÃ¸re fjordvin nÃ¥ke kvitt";"2017";"150";"0.75";"200";"White wine";"Glass";"11.5";"1.7391304"
"Vinmonopolet";"10085801";"SunnmÃ¸re vestavin nÃ¥ke rÃ¸dt";"SunnmÃ¸re vestavin nÃ¥ke rÃ¸dt";"0";"155";"0.75";"206.67";"RÃ¸dvin";"Glass";"12.5";"1.6533333"
"Vinmonopolet";"10085902";"Chimay Trappist Blue Grande RÃ©serve Whisky BA";"Chimay Trappist Blue Grande RÃ©serve Whisky BA";"2018";"159.9";"0.38";"426.4";"Trappist";"Glass";"10.5";"4.007519"
"Vinmonopolet";"10086001";"Chimay Trappist Blue Grande RÃ©serve Whisky BA";"Chimay Trappist Blue Grande RÃ©serve Whisky BA";"2018";"269.9";"0.75";"359.87";"Trappist";"Glass";"10.5";"3.4273014"
"Vinmonopolet";"10086102";"Schneider Weisse TAP5 Hopfenweisse";"Schneider Weisse TAP5 Hopfenweisse";"0";"49.8";"0.33";"150.91";"HveteÃ¸l";"Glass";"8.2";"1.8403547"
"Vinmonopolet";"10086201";"Mekhong";"Mekhong";"0";"399.9";"0.7";"571.29";"Other spirit";"Glass";"35";"1.632245"
"Vinmonopolet";"10086401";"Lavradores de Feitoria 8 Bagos 2016";"Lavradores de Feitoria 8 Bagos";"2016";"139.6";"0.75";"186.13";"RÃ¸dvin";"Glass";"13";"1.4317949"
"Vinmonopolet";"10086501";"Ch. Bela Riesling 2017";"Ch. Bela Riesling";"2017";"249.9";"0.75";"333.2";"White wine";"Glass";"14.5";"2.297931"
"Vinmonopolet";"10086601";"Kanta Riesling 2015";"Kanta Riesling";"2015";"299.9";"0.75";"399.87";"White wine";"Glass";"12";"3.3322222"
"Vinmonopolet";"10086706";"Rocca di Montemassi Vermentino 2017";"Rocca di Montemassi Vermentino";"2017";"429.9";"3";"143.3";"White wine";"Bag-in-box";"13";"1.1023077"
"Vinmonopolet";"10087701";"TrÃ¸ndelag En god hvit";"TrÃ¸ndelag En god hvit";"2017";"150";"0.75";"200";"White wine";"Glass";"11.5";"1.7391304"
"Vinmonopolet";"10088201";"Ressi TÃ¸rr Riesling 2017";"Ressi TÃ¸rr Riesling";"2017";"147.9";"0.75";"197.2";"White wine";"Glass";"11";"1.7927272"
"Vinmonopolet";"10088301";"Colares Chitas Reserva Branco";"Colares Chitas Reserva Branco";"2015";"425";"0.75";"566.67";"White wine";"Glass";"12";"4.7222223"
"Vinmonopolet";"10088401";"MjÃ¸sa Noe hvitt";"MjÃ¸sa Noe hvitt";"2018";"150";"0.75";"200";"White wine";"Glass";"11.5";"1.7391304"
"Vinmonopolet";"10088501";"Arbois Poulsard Pinte Bien";"Arbois Poulsard Pinte Bien";"2016";"399.9";"0.75";"533.2";"RÃ¸dvin";"Glass";"12.5";"4.2655997"
"Vinmonopolet";"10088601";"Charly Nicolle Chablis Per Aspera";"Charly Nicolle Chablis Per Aspera";"2018";"235";"0.75";"313.33";"White wine";"Glass";"12";"2.6111112"
"Vinmonopolet";"10088701";"Charly Nicolle Chablis Grand Cru Bougros 2017";"Charly Nicolle Chablis Grand Cru Bougros";"2017";"495";"0.75";"660";"White wine";"Glass";"13";"5.076923"
"Vinmonopolet";"10088901";"Wine & Soul Pintas Vintage Port 2015";"Wine & Soul Pintas Vintage Port";"2015";"684.8";"0.75";"913.07";"Port wine";"Glass";"20";"4.5653334"
"Vinmonopolet";"10089001";"Wine & Soul Tawny Port 10 YO";"Wine & Soul Tawny Port 10 YO";"0";"384.8";"0.75";"513.07";"Port wine";"Glass";"20";"2.5653334"
"Vinmonopolet";"10089101";"Kreinbacher Juhfark 2016";"Kreinbacher Juhfark";"2016";"145";"0.75";"193.33";"White wine";"Glass";"13";"1.4871795"
"Vinmonopolet";"10089301";"Maison Chanzy Bourgogne Chardonnay";"Maison Chanzy Bourgogne Chardonnay";"2016";"240";"0.75";"320";"White wine";"Glass";"13";"2.4615386"
"Vinmonopolet";"10089508";"Brenneriets Sommerkasse (10x5cl)";"Brenneriets Sommerkasse (10x5cl)";"0";"429";"0.5";"858";"Aquavit";"Ãvrig";"39.5";"2.1721518"
"Vinmonopolet";"10089901";"Monte del FrÃ¡ Bardolino";"Monte del FrÃ¡ Bardolino";"2016";"125";"0.75";"166.67";"RÃ¸dvin";"Glass";"12.5";"1.3333334"
"Vinmonopolet";"10090001";"Monte del FrÃ¡ Bardolino Chiaretto";"Monte del FrÃ¡ Bardolino Chiaretto";"2017";"124.9";"0.75";"166.53";"RosÃ©vin";"Glass";"12.5";"1.3322667"
"Vinmonopolet";"10090101";"Monte del FrÃ¡ Valpolicella Classico";"Monte del FrÃ¡ Valpolicella Classico";"2018";"179.9";"0.75";"239.87";"RÃ¸dvin";"Glass";"12.5";"1.9189333"
"Vinmonopolet";"10090201";"Monte del FrÃ¡ Soave Classico";"Monte del FrÃ¡ Soave Classico";"2018";"141.7";"0.75";"188.93";"White wine";"Glass";"12.5";"1.5114666"
"Vinmonopolet";"10090301";"Monte del FrÃ¡ Lugana Bianco";"Monte del FrÃ¡ Lugana Bianco";"2017";"159.9";"0.75";"213.2";"White wine";"Glass";"13";"1.64"
"Vinmonopolet";"10090401";"Giol Pinot Grigio 2019";"Giol Pinot Grigio";"2019";"134.9";"0.75";"179.87";"White wine";"Glass";"12.5";"1.4389333"
"Vinmonopolet";"10090501";"Fleurs de Prairie CÃ´tes de Provence RosÃ© 2018";"Fleurs de Prairie CÃ´tes de Provence RosÃ©";"2018";"169.9";"0.75";"226.53";"RosÃ©vin";"Glass";"12.5";"1.8122666"
"Vinmonopolet";"10090504";"Fleurs de Prairie RosÃ©";"Fleurs de Prairie RosÃ©";"2018";"67.9";"0.19";"363.1";"RosÃ©vin";"Glass";"12.5";"2.8589475"
"Vinmonopolet";"10090604";"J.P. Chenet Ice Edition RosÃ©";"J.P. Chenet Ice Edition RosÃ©";"0";"59.9";"0.2";"299.5";"Musserende vin, rosÃ©";"Glass";"11";"2.7227273"
"Vinmonopolet";"10090701";"Hiedler Ried Schenkenbichl GrÃ¼ner Veltliner";"Hiedler Ried Schenkenbichl GrÃ¼ner Veltliner";"2017";"339";"0.75";"452";"White wine";"Glass";"13.5";"3.348148"
"Vinmonopolet";"10090801";"Hiedler GrÃ¼ner Veltliner LÃ¶ss";"Hiedler GrÃ¼ner Veltliner LÃ¶ss";"2017";"189";"0.75";"252";"White wine";"Glass";"12";"2.1"
"Vinmonopolet";"10091001";"Movia Rebula Ribolla 2017";"Movia Rebula Ribolla";"2017";"279.9";"0.75";"373.2";"White wine";"Glass";"12";"3.11"
"Vinmonopolet";"10091101";"Movia Lunar 2014";"Movia Lunar";"2014";"399.8";"1";"399.8";"White wine";"Glass";"12";"3.3316665"
"Vinmonopolet";"10091501";"b.io Catarratto Chardonnay";"b.io Catarratto Chardonnay";"2018";"174.9";"0.75";"233.2";"White wine";"Glass";"13";"1.7938461"
"Vinmonopolet";"10092001";"Bruichladdich Bere Barley 2008";"Bruichladdich Bere Barley";"2008";"1149.9";"0.7";"1642.71";"Whisky";"Glass";"50";"3.2854288"
"Vinmonopolet";"10092101";"Bruichladdich The Organic 2009";"Bruichladdich The Organic";"2009";"1149.9";"0.7";"1642.71";"Whisky";"Glass";"50";"3.2854288"
"Vinmonopolet";"10092201";"Bruichladdich Octomore Masterclass 08.4 Virgin Oak";"Bruichladdich Octomore Masterclass 08.4 Virgin Oak";"0";"2289.9";"0.7";"3271.29";"Whisky";"Glass";"58.7";"5.5728884"
"Vinmonopolet";"10092401";"Mount Gay 1703 Barbados Rum";"Mount Gay  Barbados Rum";"0";"1749.9";"0.7";"2499.86";"Rum";"Glass";"43";"5.8136215"
"Vinmonopolet";"10093601";"Fru Haugans RÃ¸de Valpolicella Classico";"Fru Haugans RÃ¸de Valpolicella Classico";"2016";"234.9";"0.75";"313.2";"RÃ¸dvin";"Glass";"12.5";"2.5056"
"Vinmonopolet";"10093701";"Fru Haugans hvite Custoza";"Fru Haugans hvite Custoza";"2016";"228.6";"0.75";"304.8";"White wine";"Glass";"12.5";"2.4384"
"Vinmonopolet";"10093801";"Negro Angelo Moscato";"Negro Angelo Moscato";"2019";"124.9";"0.75";"166.53";"White wine";"Glass";"5";"3.3306668"
"Vinmonopolet";"10093901";"Ten. Perano Chianti Classico";"Ten. Perano Chianti Classico";"2015";"224.9";"0.75";"299.87";"RÃ¸dvin";"Glass";"13.5";"2.2212346"
"Vinmonopolet";"10094001";"Dom. Gueguen Chablis 2017";"Dom. Gueguen Chablis";"2017";"239";"0.75";"318.67";"White wine";"Glass";"12";"2.6555555"
"Vinmonopolet";"10094106";"Bibi Graetz Rosso Toscana";"Bibi Graetz Rosso Toscana";"0";"499.9";"3";"166.63";"RÃ¸dvin";"Bag-in-box";"12.5";"1.3330667"
"Vinmonopolet";"10094201";"Leda the Truffle Hunter Moscato d'Asti";"Leda the Truffle Hunter Moscato d'Asti";"2018";"87.9";"0.75";"117.2";"White wine";"Glass";"5.5";"2.1309092"
"Vinmonopolet";"10094301";"Dom. Berthelemot Puligny-Montrachet Les Levrons";"Dom. Berthelemot Puligny-Montrachet Les Levrons";"2016";"498";"0.75";"664";"White wine";"Glass";"13";"5.1076922"
"Vinmonopolet";"10094401";"Dom. Berthelemot Puligny-Montrachet 1er Cru La Garenne 2016";"Dom. Berthelemot Puligny-Montrachet 1er Cru La Garenne";"2016";"639";"0.75";"852";"White wine";"Glass";"13";"6.5538464"
"Vinmonopolet";"10094601";"Moncaro Bianco 2017";"Moncaro Bianco";"2017";"89.6";"0.75";"119.47";"White wine";"Glass";"12.5";"0.9557333"
"Vinmonopolet";"10094801";"Dom. Berthelemot Beaune 1er Cru Greves 2016";"Dom. Berthelemot Beaune 1er Cru Greves";"2016";"409";"0.75";"545.33";"RÃ¸dvin";"Glass";"13.5";"4.039506"
"Vinmonopolet";"10094901";"Dom. Berthelemot Pommard Noizons 2016";"Dom. Berthelemot Pommard Noizons";"2016";"409";"0.75";"545.33";"RÃ¸dvin";"Glass";"13.5";"4.039506"
"Vinmonopolet";"10095001";"Dom. Berthelemot Pommard 2016";"Dom. Berthelemot Pommard";"2016";"379";"0.75";"505.33";"RÃ¸dvin";"Glass";"13";"3.8871794"
"Vinmonopolet";"10095201";"Elementi Trebbiano d'Abruzzo 2017";"Elementi Trebbiano d'Abruzzo";"2017";"168.7";"0.75";"224.93";"White wine";"Glass";"12.5";"1.7994666"
"Vinmonopolet";"10095401";"Dom. Vocoret Chablis 1er Cru Montee De Tonnere 2016";"Dom. Vocoret Chablis 1er Cru Montee De Tonnere";"2016";"289.9";"0.75";"386.53";"White wine";"Glass";"13";"2.9733334"
"Vinmonopolet";"10095501";"Dom. Vocoret Chablis Grand Cru Les Clos 2015";"Dom. Vocoret Chablis Grand Cru Les Clos";"2015";"495";"0.75";"660";"White wine";"Glass";"13";"5.076923"
"Vinmonopolet";"10095601";"Berthier L'Instant Sauvignon Blanc 2018";"Berthier L'Instant Sauvignon Blanc";"2018";"149.9";"0.75";"199.87";"White wine";"Glass";"12.5";"1.5989332"
"Vinmonopolet";"10095701";"Le FaÃ®te Saint Mont";"Le FaÃ®te Saint Mont";"2014";"309.9";"0.75";"413.2";"White wine";"Glass";"13.5";"3.0607407"
"Vinmonopolet";"10095901";"Bolney Estate CuvÃ©e RosÃ© Brut";"Bolney Estate CuvÃ©e RosÃ© Brut";"2014";"399.9";"0.75";"533.2";"Musserende vin, rosÃ©";"Glass";"12.5";"4.2655997"
"Vinmonopolet";"10096001";"Highland Park The Light 17 YO";"Highland Park The Light 17 YO";"0";"2149.9";"0.7";"3071.29";"Whisky";"Glass";"52.9";"5.805833"
"Vinmonopolet";"10096201";"Highland Park Full Volume";"Highland Park Full Volume";"0";"1009.9";"0.7";"1442.71";"Whisky";"Glass";"47.2";"3.0565982"
"Vinmonopolet";"10096301";"Highland Park The Dark 17 YO";"Highland Park The Dark 17 YO";"0";"2149.9";"0.7";"3071.29";"Whisky";"Glass";"52.9";"5.805833"
"Vinmonopolet";"10096401";"Borgogno Derthona Timorasso Colli Tortonesi";"Borgogno Derthona Timorasso Colli Tortonesi";"2016";"499.9";"0.75";"666.53";"White wine";"Glass";"14";"4.7609525"
"Vinmonopolet";"10096601";"Poggio al Tesoro Il Seggio 2017";"Poggio al Tesoro Il Seggio";"2017";"389.9";"0.75";"519.87";"RÃ¸dvin";"Glass";"14.5";"3.5852873"
"Vinmonopolet";"10096701";"Poggio al Tesoro Cassiopea Rosato 2017";"Poggio al Tesoro Cassiopea Rosato";"2017";"219.9";"0.75";"293.2";"RosÃ©vin";"Glass";"12.5";"2.3456"
"Vinmonopolet";"10096805";"Rabl Dechant Alte Reben GrÃ¼ner Veltliner 2015";"Rabl Dechant Alte Reben GrÃ¼ner Veltliner";"2015";"669.9";"1.5";"446.6";"White wine";"Glass";"13.5";"3.3081484"
"Vinmonopolet";"10096901";"Rabl Steinhaus Rote Erde Riesling";"Rabl Steinhaus Rote Erde Riesling";"2015";"349.9";"0.75";"466.53";"White wine";"Glass";"13";"3.588718"
"Vinmonopolet";"10097002";"Rabl Blauer Zweigelt Eiswein 2013";"Rabl Blauer Zweigelt Eiswein";"2013";"299.9";"0.38";"799.73";"RÃ¸dvin";"Glass";"10.5";"7.5162907"
"Vinmonopolet";"10097105";"Rabl GrÃ¼ner Veltliner Grosse Reserve 2013";"Rabl GrÃ¼ner Veltliner Grosse Reserve";"2013";"699.9";"1.5";"466.6";"White wine";"Glass";"13.5";"3.4562964"
"Vinmonopolet";"10097201";"Digby Fine English Non Vintage Brut";"Digby Fine English Non Vintage Brut";"0";"409.9";"0.75";"546.53";"Sparkling wine";"Glass";"12";"4.5544443"
"Vinmonopolet";"10097301";"Cono Sur Organic Chardonnay";"Cono Sur Organic Chardonnay";"2017";"159.9";"0.75";"213.2";"White wine";"Glass";"13";"1.64"
"Vinmonopolet";"10097501";"Artajona Garnacha 2017";"Artajona Garnacha";"2017";"149.6";"0.75";"199.47";"RosÃ©vin";"Glass";"13.5";"1.477531"
"Vinmonopolet";"10097606";"Monocolo Corvina";"Monocolo Corvina";"0";"465.9";"3";"155.3";"RÃ¸dvin";"Bag-in-box";"13";"1.1946154"
"Vinmonopolet";"10097701";"Vialade Reserve Les Terrasses du Domaine 2014";"Vialade Reserve Les Terrasses du Domaine";"2014";"250";"0.75";"333.33";"RÃ¸dvin";"Glass";"14";"2.3809524"
"Vinmonopolet";"10098001";"El Coto Garnacha Crianza";"El Coto Garnacha Crianza";"2018";"189.9";"0.75";"253.2";"RÃ¸dvin";"Glass";"14";"1.8085713"
"Vinmonopolet";"10098101";"875 Meters by El Coto de Rioja";"875 Meters by El Coto de Rioja";"2018";"192";"0.75";"256";"White wine";"Glass";"13";"1.9692308"
"Vinmonopolet";"10098201";"Baron de Ley Varietales Garnacha Blanca";"Baron de Ley Varietales Garnacha Blanca";"2017";"209.9";"0.75";"279.87";"White wine";"Glass";"13";"2.1528203"
"Vinmonopolet";"10098302";"Jazz Brewery Money Jungle";"Jazz Brewery Money Jungle";"0";"96.9";"0.5";"193.8";"Porter and stout";"Glass";"9";"2.1533334"
"Vinmonopolet";"10098402";"Jazz Brewery Bitches Brew";"Jazz Brewery Bitches Brew";"0";"83.2";"0.5";"166.4";"Light lager";"Glass";"5.2";"3.2"
"Vinmonopolet";"10098502";"Jazz Brewery Love Supreme";"Jazz Brewery Love Supreme";"0";"82.2";"0.5";"164.4";"Brown ale";"Glass";"5.6";"2.9357142"
"Vinmonopolet";"10098602";"Jazz Brewery Kind of Blue";"Jazz Brewery Kind of Blue";"0";"85.8";"0.5";"171.6";"Pale ale";"Glass";"6.5";"2.64"
"Vinmonopolet";"10098702";"Finca Antigua Moscatel";"Finca Antigua Moscatel";"2016";"194.9";"0.38";"519.73";"White wine";"Glass";"13";"3.945344"
"Vinmonopolet";"10098901";"Monocolo Corvina";"Monocolo Corvina";"2017";"129.5";"0.75";"172.67";"RÃ¸dvin";"Glass";"13";"1.3282051"
"Vinmonopolet";"10099001";"Dreissigacker Pinot Noir RosÃ©";"Dreissigacker Pinot Noir RosÃ©";"2018";"125";"0.75";"166.67";"RosÃ©vin";"Glass";"12";"1.3888888"
"Vinmonopolet";"10099101";"Ch. Suau 2017";"Ch. Suau";"2017";"118";"0.75";"157.33";"White wine";"Glass";"13";"1.2102565"
"Vinmonopolet";"10099201";"Bal De La Rose Blanc de Blancs";"Bal De La Rose Blanc de Blancs";"2018";"129.9";"0.75";"173.2";"White wine";"Glass";"9.5";"1.8231578"
"Vinmonopolet";"10099401";"Iuzzolini Lumare";"Iuzzolini Lumare";"2017";"89.7";"0.75";"119.6";"RosÃ©vin";"Glass";"13";"0.91999996"
"Vinmonopolet";"10099501";"Musserende Vennevin";"Musserende Vennevin";"0";"160";"0.75";"213.33";"Sparkling wine";"Glass";"12";"1.7777778"
"Vinmonopolet";"10099601";"Vennevin Hvit";"Vennevin Hvit";"2017";"150";"0.75";"200";"White wine";"Glass";"11.5";"1.7391304"
"Vinmonopolet";"10099801";"Pierre Chavin RosÃ© 2018";"Pierre Chavin RosÃ©";"2018";"129.9";"0.75";"173.2";"RosÃ©vin";"Plast";"12";"1.4433333"
"Vinmonopolet";"10099804";"Pierre Chavin RosÃ© 2019";"Pierre Chavin RosÃ©";"2019";"44.9";"0.19";"240.11";"RosÃ©vin";"Plast";"12";"1.9692984"
"Vinmonopolet";"10099901";"Pittnauer Mash Pitt 2018";"Pittnauer Mash Pitt";"2018";"323";"0.75";"430.67";"White wine";"Glass";"12";"3.588889"
"Vinmonopolet";"10100001";"Pittnauer Dogma RosÃ© 2019";"Pittnauer Dogma RosÃ©";"2019";"284";"0.75";"378.67";"RosÃ©vin";"Glass";"12.5";"3.0293334"
"Vinmonopolet";"10100201";"Casoni Classic Negroni Cocktail";"Casoni Classic Negroni Cocktail";"0";"231.2";"0.7";"330.29";"Other spirit";"Glass";"26";"1.2703297"
"Vinmonopolet";"10100401";"Niersteiner MÃ¼ller-Thurgau";"Niersteiner MÃ¼ller-Thurgau";"2018";"139.9";"0.75";"186.53";"White wine";"Glass";"11.5";"1.622029"
"Vinmonopolet";"10100501";"Valdo Prosecco Bio Brut";"Valdo Prosecco Bio Brut";"0";"145";"0.75";"193.33";"Sparkling wine";"Glass";"11";"1.7575758"
"Vinmonopolet";"10100701";"Luigi Pira Barolo Serralunga 2016";"Luigi Pira Barolo Serralunga";"2016";"399.9";"0.75";"533.2";"RÃ¸dvin";"Glass";"14.5";"3.6772413"
"Vinmonopolet";"10100801";"Ch. Lamothe Vincent Sauvignon Blanc 2017";"Ch. Lamothe Vincent Sauvignon Blanc";"2017";"174.9";"0.75";"233.2";"White wine";"Glass";"12.5";"1.8656"
"Vinmonopolet";"10100901";"Luigi Pira Barbera d'Alba 2018";"Luigi Pira Barbera d'Alba";"2018";"269.9";"0.75";"359.87";"RÃ¸dvin";"Glass";"14.5";"2.481839"
"Vinmonopolet";"10101107";"Piper-Heidsieck CuvÃ©e Brut";"Piper-Heidsieck CuvÃ©e Brut";"0";"2409.9";"3";"803.3";"Champagne, brut";"Glass";"12";"6.694166"
"Vinmonopolet";"10101601";"La Manufacture Benjamin Laroche Chablis 2016";"La Manufacture Benjamin Laroche Chablis";"2016";"289.9";"0.75";"386.53";"White wine";"Glass";"12.5";"3.0922666"
"Vinmonopolet";"10101701";"La Manufacture Benjamin Laroche Chablis Premier Cru FÃ´rets 2018";"La Manufacture Benjamin Laroche Chablis Premier Cru FÃ´rets";"2018";"369.9";"0.75";"493.2";"White wine";"Glass";"13";"3.7938461"
"Vinmonopolet";"10101801";"Silex Sancerre";"Silex Sancerre";"2017";"260";"0.75";"346.67";"White wine";"Glass";"13";"2.6666667"
"Vinmonopolet";"10101901";"No. 3 London Dry Gin";"No. 3 London Dry Gin";"0";"596.9";"0.7";"852.71";"Gin";"Glass";"46";"1.8537269"
"Vinmonopolet";"10102001";"Ronchi di Cialla Schioppettino 1996";"Ronchi di Cialla Schioppettino";"1996";"651.6";"0.75";"868.8";"RÃ¸dvin";"Glass";"13";"6.683077"
"Vinmonopolet";"10104001";"Clos des Mourres A Table! 2017";"Clos des Mourres A Table!";"2017";"239";"0.75";"318.67";"RÃ¸dvin";"Glass";"12.5";"2.5493333"
"Vinmonopolet";"10104401";"Ch. Cantenac 2016";"Ch. Cantenac";"2016";"299";"0.75";"398.67";"RÃ¸dvin";"Glass";"13.5";"2.9530864"
"Vinmonopolet";"10104501";"Ch. Moulin de Grenet 2014";"Ch. Moulin de Grenet";"2014";"189.6";"0.75";"252.8";"RÃ¸dvin";"Glass";"13";"1.9446155"
"Vinmonopolet";"10104601";"Clos des Mourres Cairanne Origines 2015";"Clos des Mourres Cairanne Origines";"2015";"313";"0.75";"417.33";"RÃ¸dvin";"Glass";"14";"2.9809523"
"Vinmonopolet";"10104701";"Fox & Fox Mosaic Brut 2014";"Fox & Fox Mosaic Brut";"2014";"399";"0.75";"532";"Sparkling wine";"Glass";"12";"4.4333334"
"Vinmonopolet";"10104801";"Dom. les CaprÃ©oles L'Amourgandise 2017";"Dom. les CaprÃ©oles L'Amourgandise";"2017";"219.9";"0.75";"293.2";"RÃ¸dvin";"Glass";"13.3";"2.2045112"
"Vinmonopolet";"10105201";"HÃ©ritage Sancerre";"HÃ©ritage Sancerre";"2014";"279.9";"0.75";"373.2";"White wine";"Glass";"13";"2.8707693"
"Vinmonopolet";"10105801";"Pax Buddha's Dharma Chenin Blanc 2015";"Pax Buddha's Dharma Chenin Blanc";"2015";"399";"0.75";"532";"White wine";"Glass";"12.3";"4.3252034"
"Vinmonopolet";"10105901";"Lock & Worth Merlot";"Lock & Worth Merlot";"2018";"249.9";"0.75";"333.2";"RÃ¸dvin";"Glass";"12.6";"2.6444442"
"Vinmonopolet";"10106201";"Hajszan-Neumann Natural Gemischter Satz";"Hajszan-Neumann Natural Gemischter Satz";"2016";"329";"0.75";"438.67";"White wine";"Glass";"13.5";"3.2493827"
"Vinmonopolet";"10106301";"Hajszan-Neumann Natural Muskateller";"Hajszan-Neumann Natural Muskateller";"2018";"319";"0.75";"425.33";"White wine";"Glass";"11";"3.8666666"
"Vinmonopolet";"10106401";"Kracher CuvÃ©e SpÃ¤tlese 2016";"Kracher CuvÃ©e SpÃ¤tlese";"2016";"179.9";"0.75";"239.87";"White wine";"Glass";"9.5";"2.524912"
"Vinmonopolet";"10106501";"Reverdy & Fils La Villaudiere Sancerre";"Reverdy & Fils La Villaudiere Sancerre";"2016";"289.9";"0.75";"386.53";"RÃ¸dvin";"Glass";"13";"2.9733334"
"Vinmonopolet";"10106602";"Silver Tail Norwegian Gin";"Silver Tail Norwegian Gin";"0";"449.9";"0.5";"899.8";"Gin";"Glass";"46";"1.9560869"
"Vinmonopolet";"10106901";"Niepoort Nat Cool Bairrada Tinto 2018";"Niepoort Nat Cool Bairrada Tinto";"2018";"229.9";"1";"229.9";"RÃ¸dvin";"Glass";"12";"1.9158332"
"Vinmonopolet";"10107406";"Sewnsawine AirÃ©n";"Sewnsawine AirÃ©n";"2018";"378.8";"3";"126.27";"White wine";"Bag-in-box";"12";"1.0522221"
"Vinmonopolet";"10107506";"Sensawine RosÃ© 2019";"Sensawine RosÃ©";"2019";"378.8";"3";"126.27";"RosÃ©vin";"Bag-in-box";"12";"1.0522221"
"Vinmonopolet";"10107601";"Vegalfaro Caprasia Brut Nature Reserva";"Vegalfaro Caprasia Brut Nature Reserva";"2015";"169.6";"0.75";"226.13";"Sparkling wine";"Glass";"11.5";"1.9663769"
"Vinmonopolet";"10107701";"Nodus En La Parra";"Nodus En La Parra";"2016";"129.5";"0.75";"172.67";"White wine";"Glass";"12.5";"1.3813334"
"Vinmonopolet";"10107801";"Pago de los Capellanes Crianza 2017";"Pago de los Capellanes Crianza";"2017";"269.8";"0.75";"359.73";"RÃ¸dvin";"Glass";"13.5";"2.6646912"
"Vinmonopolet";"10107901";"Karma do Sil Maga Ribera Sacra 2016";"Karma do Sil Maga Ribera Sacra";"2016";"188.8";"0.75";"251.73";"White wine";"Glass";"13";"1.9364103"
"Vinmonopolet";"10108001";"Karma do Sil Demo Ribera Sacra";"Karma do Sil Demo Ribera Sacra";"2015";"188.8";"0.75";"251.73";"RÃ¸dvin";"Glass";"13";"1.9364103"
"Vinmonopolet";"10108801";"Drew The Ornbaun Mendocino Ridge Syrah";"Drew The Ornbaun Mendocino Ridge Syrah";"2015";"429";"0.75";"572";"RÃ¸dvin";"Glass";"13.4";"4.2686567"
"Vinmonopolet";"10108901";"Drew Fog-Eater Anderson Valley Pinot Noir";"Drew Fog-Eater Anderson Valley Pinot Noir";"2017";"519";"0.75";"692";"RÃ¸dvin";"Glass";"13.4";"5.1641793"
"Vinmonopolet";"10109001";"Drew Mid-Elevation Mendocino Ridge Pinot Noir";"Drew Mid-Elevation Mendocino Ridge Pinot Noir";"2018";"429";"0.75";"572";"RÃ¸dvin";"Glass";"13.4";"4.2686567"
"Vinmonopolet";"10109101";"Dom. la Realtiere Pastel";"Dom. la Realtiere Pastel";"2017";"269";"0.75";"358.67";"RosÃ©vin";"Glass";"13.5";"2.65679"
"Vinmonopolet";"10109201";"Dom. la Realtiere Cul-Sec!";"Dom. la Realtiere Cul-Sec!";"2017";"254";"0.75";"338.67";"RÃ¸dvin";"Glass";"12.5";"2.7093334"
"Vinmonopolet";"10109301";"Vacheron Le RosÃ© XVII";"Vacheron Le RosÃ© XVII";"2017";"329.9";"0.75";"439.87";"RosÃ©vin";"Glass";"14.5";"3.0335631"
"Vinmonopolet";"10109601";"Rhys Horseshoe Vineyard Chardonnay 2014";"Rhys Horseshoe Vineyard Chardonnay";"2014";"798";"0.75";"1064";"White wine";"Glass";"13.5";"7.8814816"
"Vinmonopolet";"10109701";"Rhys Horseshoe Vineyard Pinot Noir 2012";"Rhys Horseshoe Vineyard Pinot Noir";"2012";"898";"0.75";"1197.33";"RÃ¸dvin";"Glass";"13.5";"8.869136"
"Vinmonopolet";"10109801";"Rhys Horseshoe Vineyard Syrah 2012";"Rhys Horseshoe Vineyard Syrah";"2012";"798";"0.75";"1064";"RÃ¸dvin";"Glass";"13";"8.184615"
"Vinmonopolet";"10109901";"Rhys Alpine Vineyard Pinot Noir 2014";"Rhys Alpine Vineyard Pinot Noir";"2014";"898";"0.75";"1197.33";"RÃ¸dvin";"Glass";"13";"9.210257"
"Vinmonopolet";"10110101";"Vietti Roero Arneis";"Vietti Roero Arneis";"2018";"249.9";"0.75";"333.2";"White wine";"Glass";"13.5";"2.468148"
"Vinmonopolet";"10111501";"Foradori LezÃ¨r";"Foradori LezÃ¨r";"2019";"239.9";"0.75";"319.87";"RÃ¸dvin";"Glass";"12.5";"2.5589333"
"Vinmonopolet";"10111601";"Leusciatti Del Negus Rosso di Valtellina 2014";"Leusciatti Del Negus Rosso di Valtellina";"2014";"199.9";"0.75";"266.53";"RÃ¸dvin";"Glass";"12";"2.221111"
"Vinmonopolet";"10112301";"Massican Annia";"Massican Annia";"2016";"369.9";"0.75";"493.2";"White wine";"Glass";"12.8";"3.8531249"
"Vinmonopolet";"10112401";"Massican Sauvignon";"Massican Sauvignon";"2016";"369.9";"0.75";"493.2";"White wine";"Glass";"13.8";"3.5739129"
"Vinmonopolet";"10112602";"Geiranger Bryggeri Sur & Snasen";"Geiranger Bryggeri Sur & Snasen";"0";"59.9";"0.33";"181.52";"SurÃ¸l";"Glass";"6";"3.0252526"
"Vinmonopolet";"10112701";"Dom. Bulliat Bibine Beaujolais Village 2019";"Dom. Bulliat Bibine Beaujolais Village";"2019";"189.9";"0.75";"253.2";"RÃ¸dvin";"Glass";"12.5";"2.0256"
"Vinmonopolet";"10112801";"KrÃ¼ger-Rumpf Pinot Noir RosÃ© Dry 2019";"KrÃ¼ger-Rumpf Pinot Noir RosÃ© Dry";"2019";"164.9";"0.75";"219.87";"RosÃ©vin";"Glass";"11.5";"1.911884"
"Vinmonopolet";"10112901";"Fosse-SÃ¨che Arcane Saumur Blanc 2017";"Fosse-SÃ¨che Arcane Saumur Blanc";"2017";"314.9";"0.75";"419.87";"White wine";"Glass";"12.5";"3.3589332"
"Vinmonopolet";"10113001";"Fosse-SÃ¨che Eolithe Saumur Rouge 2016";"Fosse-SÃ¨che Eolithe Saumur Rouge";"2016";"286.9";"0.75";"382.53";"RÃ¸dvin";"Glass";"12";"3.1877778"
"Vinmonopolet";"10113101";"Fosse-SÃ¨che Gondwana Saumur Rouge 2016";"Fosse-SÃ¨che Gondwana Saumur Rouge";"2016";"379.9";"0.75";"506.53";"RÃ¸dvin";"Glass";"12";"4.221111"
"Vinmonopolet";"10113201";"Dom. De Montrose 1701";"Dom. De Montrose";"2018";"259.9";"0.75";"346.53";"RosÃ©vin";"Glass";"13.5";"2.5669136"
"Vinmonopolet";"10113306";"Dom. Montrose Pinknik RosÃ©";"Dom. Montrose Pinknik RosÃ©";"2018";"239.9";"1.5";"159.93";"RosÃ©vin";"Bag-in-box";"12";"1.3327777"
"Vinmonopolet";"10113501";"La Jara Special CuvÃ©e Frizzante RosÃ©";"La Jara Special CuvÃ©e Frizzante RosÃ©";"0";"112";"0.75";"149.33";"Perlende vin, rosÃ©";"Glass";"10";"1.4933333"
"Vinmonopolet";"10113602";"Lindheim Farmer's Reserve CuvÃ©e CuvÃ©e";"Lindheim Farmer's Reserve CuvÃ©e CuvÃ©e";"0";"145.9";"0.38";"389.07";"Special";"Glass";"8.5";"4.517028"
"Vinmonopolet";"10113801";"ParÃ©s BaltÃ  Indigena";"ParÃ©s BaltÃ  Indigena";"2017";"159.9";"0.75";"213.2";"White wine";"Glass";"11.5";"1.853913"
"Vinmonopolet";"10113901";"Ch. Kirwan 2012";"Ch. Kirwan";"2012";"549.9";"0.75";"733.2";"RÃ¸dvin";"Glass";"13";"5.6400003"
"Vinmonopolet";"10113905";"Ch. Kirwan 2012";"Ch. Kirwan";"2012";"999.7";"1.5";"666.47";"RÃ¸dvin";"Glass";"13";"5.1266665"
"Vinmonopolet";"10114001";"Ch. Kirwan 2014";"Ch. Kirwan";"2014";"549.9";"0.75";"733.2";"RÃ¸dvin";"Glass";"13.5";"5.4311113"
"Vinmonopolet";"10114005";"Ch. Kirwan 2014";"Ch. Kirwan";"2014";"999.7";"1.5";"666.47";"RÃ¸dvin";"Glass";"13.5";"4.93679"
"Vinmonopolet";"10114101";"Bonnaire Grand Cru Extra Brut Blanc de Blanc";"Bonnaire Grand Cru Extra Brut Blanc de Blanc";"0";"379.9";"0.75";"506.53";"Champagne extra brut";"Glass";"12";"4.221111"
"Vinmonopolet";"10114201";"O. Horiot Champagne MÃ©tisse Noirs & Blancs Extra Brut";"O. Horiot Champagne MÃ©tisse Noirs & Blancs Extra Brut";"2016";"425.9";"0.75";"567.87";"Champagne extra brut";"Glass";"12";"4.732222"
"Vinmonopolet";"10114301";"O. Horiot Champagne Solera 7 Cepages Brut Nature";"O. Horiot Champagne Solera 7 Cepages Brut Nature";"2010";"599.9";"0.75";"799.87";"Champagne extra brut";"Glass";"12";"6.665556"
"Vinmonopolet";"10114401";"O. Horiot RosÃ© des Riceys En Valingrain 2015";"O. Horiot RosÃ© des Riceys En Valingrain";"2015";"426.9";"0.75";"569.2";"RosÃ©vin";"Glass";"12";"4.7433333"
"Vinmonopolet";"10115501";"O. Horiot Coteaux Champenois Riceys Rouge En Barmont 2015";"O. Horiot Coteaux Champenois Riceys Rouge En Barmont";"2015";"425.9";"0.75";"567.87";"RÃ¸dvin";"Glass";"12";"4.732222"
"Vinmonopolet";"10116001";"Dom. Bulliat Cou de Jus Morgon Amphore 2018";"Dom. Bulliat Cou de Jus Morgon Amphore";"2018";"289.9";"0.75";"386.53";"RÃ¸dvin";"Glass";"13";"2.9733334"
"Vinmonopolet";"10116201";"Adega de MonÃ§Ã£o Escolha";"Adega de MonÃ§Ã£o Escolha";"2018";"139.9";"0.75";"186.53";"White wine";"Glass";"12";"1.5544444"
"Vinmonopolet";"10116301";"MarquÃ©s de Nombrevilla Blanco";"MarquÃ©s de Nombrevilla Blanco";"2018";"119.9";"0.75";"159.87";"White wine";"Glass";"13.5";"1.1841975"
"Vinmonopolet";"10116401";"MarquÃ©s de Nombrevilla Rosado 2019";"MarquÃ©s de Nombrevilla Rosado";"2019";"119.9";"0.75";"159.87";"RosÃ©vin";"Glass";"13";"1.2297436"
"Vinmonopolet";"10116501";"Duncan Taylor Rum Caribbean Blend";"Duncan Taylor Rum Caribbean Blend";"2001";"795";"0.7";"1135.71";"Rum";"Glass";"46";"2.468944"
"Vinmonopolet";"10116701";"Vadio Tinto";"Vadio Tinto";"2014";"205.8";"0.75";"274.4";"RÃ¸dvin";"Glass";"13";"2.1107693"
"Vinmonopolet";"10116801";"Vadio Branco";"Vadio Branco";"2016";"206";"0.75";"274.67";"White wine";"Glass";"12.5";"2.1973333"
"Vinmonopolet";"10116901";"Vadio Espumante";"Vadio Espumante";"2016";"232.1";"0.75";"309.47";"Sparkling wine";"Glass";"12.5";"2.4757333"
"Vinmonopolet";"10117006";"Legado Anna AlbariÃ±o";"Legado Anna AlbariÃ±o";"2018";"435.6";"3";"145.2";"White wine";"Bag-in-box";"12.5";"1.1616"
"Vinmonopolet";"10117501";"Trossen Schiefergold Purus Riesling";"Trossen Schiefergold Purus Riesling";"2016";"529.9";"0.75";"706.53";"White wine";"Glass";"13";"5.434872"
"Vinmonopolet";"10117601";"Jacquesson CuvÃ©e no 735 D.T.";"Jacquesson CuvÃ©e no 735 D.T.";"0";"1169.9";"0.75";"1559.87";"Champagne extra brut";"Glass";"12";"12.998889"
"Vinmonopolet";"10117901";"Jean David Rousanne";"Jean David Rousanne";"2017";"310";"0.75";"413.33";"White wine";"Glass";"15";"2.7555556"
"Vinmonopolet";"10118102";"En underlig akevitt";"En underlig akevitt";"0";"299.9";"0.5";"599.8";"Aquavit";"Plast";"38";"1.578421"
"Vinmonopolet";"10119201";"Baron Di Pauli Exilissi GewÃ¼rztraminer Riserva 2012";"Baron Di Pauli Exilissi GewÃ¼rztraminer Riserva";"2012";"497.6";"0.75";"663.47";"White wine";"Glass";"15";"4.423111"
"Vinmonopolet";"10119701";"ElusÃ¬a Refosco 2016";"ElusÃ¬a Refosco";"2016";"150";"0.75";"200";"RÃ¸dvin";"Glass";"12.5";"1.6"
"Vinmonopolet";"10119801";"ElusÃ¬a Pinot Grigio 2018";"ElusÃ¬a Pinot Grigio";"2018";"159.9";"0.75";"213.2";"White wine";"Glass";"12.5";"1.7055999"
"Vinmonopolet";"10119902";"Mongozo Premium Pils";"Mongozo Premium Pils";"0";"56.9";"0.33";"172.42";"Light lager";"Glass";"5";"3.448485"
"Vinmonopolet";"10120002";"Mongozo Buckwheat";"Mongozo Buckwheat";"0";"56.9";"0.33";"172.42";"HveteÃ¸l";"Glass";"4.8";"3.5921714"
"Vinmonopolet";"10120802";"Braufactum Soleya Saison";"Braufactum Soleya Saison";"0";"47.9";"0.35";"134.93";"Saison farmhouse ale";"Glass";"6.5";"2.1054945"
"Vinmonopolet";"10120902";"Lagunitas IPA";"Lagunitas IPA";"0";"45.1";"0.35";"127.04";"India pale ale";"Glass";"6.2";"2.078341"
"Vinmonopolet";"10121102";"Lagunitas Pale Ale";"Lagunitas Pale Ale";"0";"46.2";"0.35";"130.14";"Pale ale";"Glass";"5.9";"2.2372882"
"Vinmonopolet";"10121202";"Lagunitas Little Sumpin' Sumpin";"Lagunitas Little Sumpin' Sumpin";"0";"51.9";"0.35";"146.2";"India pale ale";"Glass";"5.9";"2.5133173"
"Vinmonopolet";"10121601";"Jacquesson D.T. MillÃ©sime 2002";"Jacquesson D.T. MillÃ©sime";"2002";"1719.9";"0.75";"2293.2";"Champagne extra brut";"Glass";"12.5";"18.3456"
"Vinmonopolet";"10122501";"Trimbach Grand Cru Schlossberg Riesling 2016";"Trimbach Grand Cru Schlossberg Riesling";"2016";"599";"0.75";"798.67";"White wine";"Glass";"12.5";"6.3893332"
"Vinmonopolet";"10122601";"Sybille Kuntz Riesling Trocken";"Sybille Kuntz Riesling Trocken";"0";"249.5";"0.75";"332.67";"White wine";"Glass";"12";"2.7722223"
"Vinmonopolet";"10122701";"Riedlin Rot SpÃ¤tburgunder";"Riedlin Rot SpÃ¤tburgunder";"0";"399.8";"0.75";"533.07";"RÃ¸dvin";"Glass";"13.5";"3.9486418"
"Vinmonopolet";"10122801";"Sybille Kuntz Riesling SpÃ¤tlese Trocken";"Sybille Kuntz Riesling SpÃ¤tlese Trocken";"0";"390.7";"0.75";"520.93";"White wine";"Glass";"12.5";"4.1674666"
"Vinmonopolet";"10122901";"Sybille Kuntz Riesling Kabinett Trocken";"Sybille Kuntz Riesling Kabinett Trocken";"0";"299.8";"0.75";"399.73";"White wine";"Glass";"12";"3.331111"
"Vinmonopolet";"10123001";"Sybille Kuntz Riesling Auslese Feinherb";"Sybille Kuntz Riesling Auslese Feinherb";"0";"547.5";"0.75";"730";"White wine";"Glass";"11.5";"6.347826"
"Vinmonopolet";"10123101";"Dom. de Dragon Castrum";"Dom. de Dragon Castrum";"2019";"220.7";"0.75";"294.27";"White wine";"Glass";"13";"2.2635896"
"Vinmonopolet";"10123205";"Sandrone Barbera d'Alba 2016";"Sandrone Barbera d'Alba";"2016";"642";"1.5";"428";"RÃ¸dvin";"Glass";"14";"3.057143"
"Vinmonopolet";"10124101";"Baron di Pauli Enosi 2017";"Baron di Pauli Enosi";"2017";"314.4";"0.75";"419.2";"White wine";"Glass";"13.5";"3.105185"
"Vinmonopolet";"10124201";"Baron di Pauli Kalkofen 2016";"Baron di Pauli Kalkofen";"2016";"274.1";"0.75";"365.47";"RÃ¸dvin";"Glass";"13.5";"2.7071605"
"Vinmonopolet";"10124301";"Baron di Pauli Carano 2015";"Baron di Pauli Carano";"2015";"416.9";"0.75";"555.87";"RÃ¸dvin";"Glass";"13";"4.2758975"
"Vinmonopolet";"10124401";"Baron di Pauli Kinesis 2017";"Baron di Pauli Kinesis";"2017";"311.8";"0.75";"415.73";"White wine";"Glass";"14.5";"2.8671262"
"Vinmonopolet";"10125001";"Dom. des ArdoisiÃ¨res Argile Blanc 2018";"Dom. des ArdoisiÃ¨res Argile Blanc";"2018";"299.9";"0.75";"399.87";"White wine";"Glass";"12";"3.3322222"
"Vinmonopolet";"10125101";"Dom. des ArdoisiÃ¨res Argile Rouge 2017";"Dom. des ArdoisiÃ¨res Argile Rouge";"2017";"349.9";"0.75";"466.53";"RÃ¸dvin";"Glass";"11.5";"4.0568113"
"Vinmonopolet";"10125201";"NordÃ©s Atlantic Galician Gin";"NordÃ©s Atlantic Galician Gin";"0";"534.9";"0.7";"764.14";"Gin";"Glass";"40";"1.9103572"
"Vinmonopolet";"10125701";"Roger Manceaux HÃ©ritage 2006";"Roger Manceaux HÃ©ritage";"2006";"599";"0.75";"798.67";"Champagne extra brut";"Glass";"12";"6.6555557"
"Vinmonopolet";"10125801";"TrÃ©sor du Dragon";"TrÃ©sor du Dragon";"2017";"238.2";"0.75";"317.6";"RosÃ©vin";"Glass";"14.5";"2.1903448"
"Vinmonopolet";"10125901";"Castignano Montemisio Offida Pecorino 2019";"Castignano Montemisio Offida Pecorino";"2019";"129.9";"0.75";"173.2";"White wine";"Glass";"12.5";"1.3856"
"Vinmonopolet";"10129405";"Legras St. Vincent Brut 2008";"Legras St. Vincent Brut";"2008";"1939.9";"1.5";"1293.27";"Champagne, brut";"Glass";"12";"10.777223"
"Vinmonopolet";"10129501";"Legras Extra Brut Blanc de Blanc";"Legras Extra Brut Blanc de Blanc";"0";"479.9";"0.75";"639.87";"Champagne extra brut";"Glass";"12";"5.332222"
"Vinmonopolet";"10129601";"Roger Manceaux 2009";"Roger Manceaux";"2009";"399.9";"0.75";"533.2";"Champagne extra brut";"Glass";"12";"4.443333"
"Vinmonopolet";"10130201";"Turckheim Riesling Grand Cru Brand";"Turckheim Riesling Grand Cru Brand";"2013";"269.9";"0.75";"359.87";"White wine";"Glass";"12.5";"2.8789332"
"Vinmonopolet";"10130301";"Ultimate Provence";"Ultimate Provence";"2019";"235";"0.75";"313.33";"RosÃ©vin";"Glass";"12.5";"2.5066667"
"Vinmonopolet";"10130401";"Poniatowski";"Poniatowski";"0";"459.3";"0.7";"656.14";"Vodka";"Glass";"40";"1.6403571"
"Vinmonopolet";"10130501";"Pure Diamond Vodka";"Pure Diamond Vodka";"0";"297.8";"0.7";"425.43";"Vodka";"Glass";"37.5";"1.1344762"
"Vinmonopolet";"10130601";"Polish Land Vodka Original";"Polish Land Vodka Original";"0";"299";"0.7";"427.14";"Vodka";"Glass";"37.5";"1.1390476"
"Vinmonopolet";"10131705";"Fleury Sonate NÂ°9 Extra Brut";"Fleury Sonate NÂ°9 Extra Brut";"2011";"1850";"1.5";"1233.33";"Champagne extra brut";"Glass";"12";"10.277778"
"Vinmonopolet";"10131801";"Girlan Trattmann Pinot Noir Riserva 2015";"Girlan Trattmann Pinot Noir Riserva";"2015";"452";"0.75";"602.67";"RÃ¸dvin";"Glass";"14.5";"4.156322"
"Vinmonopolet";"10132001";"Philizot & Fils Brut numÃ©ro 3";"Philizot & Fils Brut numÃ©ro 3";"0";"289.9";"0.75";"386.53";"Champagne, brut";"Glass";"12";"3.221111"
"Vinmonopolet";"10132002";"Philizot & Fils Brut numÃ©ro 3";"Philizot & Fils Brut numÃ©ro 3";"0";"173.9";"0.38";"463.73";"Champagne, brut";"Glass";"12";"3.8135965"
"Vinmonopolet";"10132202";"Sider frÃ¥ Hardanger";"Sider frÃ¥ Hardanger";"2018";"59.8";"0.33";"175.15";"Cider";"Emballasje med pant";"6.2";"2.922776"
"Vinmonopolet";"10132901";"Ch. Franc-Cardinal 2014";"Ch. Franc-Cardinal";"2014";"125";"0.75";"166.67";"RÃ¸dvin";"Glass";"13.5";"1.2345679"
"Vinmonopolet";"10134002";"Eiker Hylleblomst";"Eiker Hylleblomst";"0";"63";"0.33";"190.91";"Light ale";"Glass";"5.7";"3.3492823"
"Vinmonopolet";"10134101";"A.A.Badenhorst Papegaai Cinsault 2019";"A.A.Badenhorst Papegaai Cinsault";"2019";"169.9";"0.75";"226.53";"RÃ¸dvin";"Glass";"14";"1.6180952"
"Vinmonopolet";"10134201";"La Cappuccina RosÃ©";"La Cappuccina RosÃ©";"2018";"219.9";"0.75";"293.2";"RosÃ©vin";"Glass";"12.5";"2.3456"
"Vinmonopolet";"10134302";"To Ãl 8 Fruit";"To Ãl 8 Fruit";"0";"71.4";"0.33";"216.36";"SurÃ¸l";"Glass";"8";"2.7045455"
"Vinmonopolet";"10134502";"To Ãl Nul";"To Ãl Nul";"0";"67.9";"0.33";"205.76";"India pale ale";"Glass";"6.9";"2.9819937"
"Vinmonopolet";"10134601";"Alma de Tango Malbec RosÃ© 2017";"Alma de Tango Malbec RosÃ©";"2017";"99.9";"0.75";"133.2";"RosÃ©vin";"Glass";"12.5";"1.0656"
"Vinmonopolet";"10134702";"Coral TÃ³nica Stout";"Coral TÃ³nica Stout";"2018";"35.9";"0.33";"108.79";"MÃ¸rk lager";"Glass";"5.1";"2.1330957"
"Vinmonopolet";"10134802";"Coral Cerveja";"Coral Cerveja";"2018";"35.3";"0.33";"106.97";"Light lager";"Glass";"5.1";"2.097445"
"Vinmonopolet";"10135101";"Bod. Argonesas ViÃ±a Temprana Viura 2019";"Bod. Argonesas ViÃ±a Temprana Viura";"2019";"114.9";"0.75";"153.2";"White wine";"Glass";"13.5";"1.1348149"
"Vinmonopolet";"10135701";"Malteser KrÃ¤uterlikÃ¶r";"Malteser KrÃ¤uterlikÃ¶r";"0";"314.9";"0.7";"449.86";"Bitter	";"Glass";"30";"1.4995238"
"Vinmonopolet";"10135801";"Skudenes Aquavit";"Skudenes Aquavit";"0";"484.9";"0.7";"692.71";"Aquavit";"Glass";"40";"1.7317858"
"Vinmonopolet";"10136001";"Querciabella Camartina";"Querciabella Camartina";"2011";"800";"0.75";"1066.67";"RÃ¸dvin";"Glass";"13.5";"7.9012346"
"Vinmonopolet";"10136101";"Querciabella BatÃ r";"Querciabella BatÃ r";"2015";"720";"0.75";"960";"White wine";"Glass";"14";"6.857143"
"Vinmonopolet";"10136201";"Querciabella Chianti Classico Riserva";"Querciabella Chianti Classico Riserva";"2015";"380";"0.75";"506.67";"RÃ¸dvin";"Glass";"14.5";"3.494253"
"Vinmonopolet";"10136301";"Querciabella Chianti Classico 2014";"Querciabella Chianti Classico";"2014";"310";"0.75";"413.33";"RÃ¸dvin";"Glass";"14";"2.952381"
"Vinmonopolet";"10136401";"Querciabella Turpino";"Querciabella Turpino";"2013";"390";"0.75";"520";"RÃ¸dvin";"Glass";"14";"3.7142856"
"Vinmonopolet";"10136501";"A. ThÃ©venet Beaujolais-Villages";"A. ThÃ©venet Beaujolais-Villages";"2019";"229.9";"0.75";"306.53";"RÃ¸dvin";"Glass";"12.5";"2.4522667"
"Vinmonopolet";"10136601";"A. ThÃ©venet Morgon Vieilles-Vignes";"A. ThÃ©venet Morgon Vieilles-Vignes";"2018";"300";"0.75";"400";"RÃ¸dvin";"Glass";"13";"3.0769231"
"Vinmonopolet";"10136701";"A. ThÃ©venet Morgon 2018";"A. ThÃ©venet Morgon";"2018";"259";"0.75";"345.33";"RÃ¸dvin";"Glass";"12.5";"2.7626667"
"Vinmonopolet";"10136801";"Carinus Syrah";"Carinus Syrah";"2017";"229";"0.75";"305.33";"RÃ¸dvin";"Glass";"13";"2.348718"
"Vinmonopolet";"10136901";"Carinus Chenin Blanc";"Carinus Chenin Blanc";"2018";"219.9";"0.75";"293.2";"White wine";"Glass";"12.5";"2.3456"
"Vinmonopolet";"10137001";"Lyrarakis Assyrtiko VÃ³ila";"Lyrarakis Assyrtiko VÃ³ila";"2019";"199.9";"0.75";"266.53";"White wine";"Glass";"13.5";"1.9743209"
"Vinmonopolet";"10137202";"Dom. Huet CuvÃ©e Constance";"Dom. Huet CuvÃ©e Constance";"2009";"1250";"0.5";"2500";"White wine";"Glass";"11.5";"21.73913"
"Vinmonopolet";"10137501";"Jolie-Laide Melon de Bourgogne 2018";"Jolie-Laide Melon de Bourgogne";"2018";"349.9";"0.75";"466.53";"White wine";"Glass";"11.5";"4.0568113"
"Vinmonopolet";"10137601";"Jolie-Laide Gamay Noir 2018";"Jolie-Laide Gamay Noir";"2018";"379.9";"0.75";"506.53";"RÃ¸dvin";"Glass";"12";"4.221111"
"Vinmonopolet";"10138801";"Tesselaarsdal Pinot Noir";"Tesselaarsdal Pinot Noir";"2018";"419";"0.75";"558.67";"RÃ¸dvin";"Glass";"13";"4.2974358"
"Vinmonopolet";"10138901";"Fram Shiraz";"Fram Shiraz";"2017";"194.9";"0.75";"259.87";"RÃ¸dvin";"Glass";"13";"1.9989743"
"Vinmonopolet";"10139001";"Van Loggerenberg Kameraderie";"Van Loggerenberg Kameraderie";"2018";"419";"0.75";"558.67";"White wine";"Glass";"13.5";"4.138272"
"Vinmonopolet";"10139101";"Van Loggerenberg Geronimo";"Van Loggerenberg Geronimo";"2018";"289.9";"0.75";"386.53";"RÃ¸dvin";"Glass";"12.5";"3.0922666"
"Vinmonopolet";"10140501";"Ch. Prieure Lichine 2015";"Ch. Prieure Lichine";"2015";"915";"0.75";"1220";"RÃ¸dvin";"Glass";"14";"8.714286"
"Vinmonopolet";"10142102";"Homborsund Merrefua Blonde";"Homborsund Merrefua Blonde";"0";"64.8";"0.33";"196.36";"Light ale";"Glass";"6";"3.2727273"
"Vinmonopolet";"10142201";"Combe Vin Gris de Trousseau 2017";"Combe Vin Gris de Trousseau";"2017";"299.9";"0.75";"399.87";"RosÃ©vin";"Glass";"13";"3.0758975"
"Vinmonopolet";"10144501";"Massimago Conte Gastone Amarone della Valpolicella 2014";"Massimago Conte Gastone Amarone della Valpolicella";"2014";"399.3";"0.75";"532.4";"RÃ¸dvin";"Glass";"16";"3.3274999"
"Vinmonopolet";"10144601";"Magnolia Chardonnay";"Magnolia Chardonnay";"2018";"191";"0.75";"254.67";"White wine";"Glass";"12.5";"2.0373333"
"Vinmonopolet";"10144701";"Massimago MagÃ² Brut RosÃ©";"Massimago MagÃ² Brut RosÃ©";"2017";"249.5";"0.75";"332.67";"Musserende vin, rosÃ©";"Glass";"12.5";"2.6613333"
"Vinmonopolet";"10144801";"Massimago Amarone della Valpolicella 2013";"Massimago Amarone della Valpolicella";"2013";"499.2";"0.75";"665.6";"RÃ¸dvin";"Glass";"16.5";"4.0339394"
"Vinmonopolet";"10144901";"Massimago Garganega";"Massimago Garganega";"2017";"229.9";"0.75";"306.53";"White wine";"Glass";"12.5";"2.4522667"
"Vinmonopolet";"10145001";"Massimago Profasio Valpolicella Superiore";"Massimago Profasio Valpolicella Superiore";"2014";"298.3";"0.75";"397.73";"RÃ¸dvin";"Glass";"13";"3.059487"
"Vinmonopolet";"10145101";"Magnolia Sauvignon";"Magnolia Sauvignon";"2018";"190.5";"0.75";"254";"White wine";"Glass";"13";"1.9538461"
"Vinmonopolet";"10145201";"Marchesa Mariabella Ripasso";"Marchesa Mariabella Ripasso";"2016";"287.8";"0.75";"383.73";"RÃ¸dvin";"Glass";"14.5";"2.6464367"
"Vinmonopolet";"10145301";"Magnolia Ribolla Gialla";"Magnolia Ribolla Gialla";"2018";"190.5";"0.75";"254";"White wine";"Glass";"13";"1.9538461"
"Vinmonopolet";"10145401";"David & Nadia Chenin Blanc";"David & Nadia Chenin Blanc";"2017";"329.9";"0.75";"439.87";"White wine";"Glass";"12.5";"3.5189333"
"Vinmonopolet";"10145501";"David & Nadia Aristargos";"David & Nadia Aristargos";"2017";"339.9";"0.75";"453.2";"White wine";"Glass";"13";"3.4861538"
"Vinmonopolet";"10145601";"David & Nadia Red";"David & Nadia Red";"2018";"234.9";"0.75";"313.2";"RÃ¸dvin";"Glass";"12";"2.61"
"Vinmonopolet";"10145701";"David & Nadia Elpidios";"David & Nadia Elpidios";"2016";"339.9";"0.75";"453.2";"RÃ¸dvin";"Glass";"13";"3.4861538"
"Vinmonopolet";"10145801";"David & Nadia Grenache";"David & Nadia Grenache";"2016";"399.9";"0.75";"533.2";"RÃ¸dvin";"Glass";"13";"4.101538"
"Vinmonopolet";"10147306";"NON DOS GrÃ¼ner Veltliner 2018";"NON DOS GrÃ¼ner Veltliner";"2018";"449.9";"3";"149.97";"White wine";"Bag-in-box";"10.5";"1.428254"
"Vinmonopolet";"10148001";"Torrevilla Pinot Nero Frizzante";"Torrevilla Pinot Nero Frizzante";"2017";"99";"0.75";"132";"Sparkling white wine";"Glass";"12";"1.1"
"Vinmonopolet";"10148201";"Blankbottle Pseudonym Cinsault";"Blankbottle Pseudonym Cinsault";"2018";"319";"0.75";"425.33";"RÃ¸dvin";"Glass";"12";"3.5444446"
"Vinmonopolet";"10148402";"Pizza lovers rosso";"Pizza lovers rosso";"0";"75";"0.5";"150";"RÃ¸dvin";"Glass";"11.5";"1.3043479"
"Vinmonopolet";"10148502";"Pizza lovers rosato";"Pizza lovers rosato";"0";"75";"0.5";"150";"RosÃ©vin";"Glass";"11";"1.3636364"
"Vinmonopolet";"10149306";"Calvet Beaujolais Village";"Calvet Beaujolais Village";"2019";"429.9";"3";"143.3";"RÃ¸dvin";"Bag-in-box";"13";"1.1023077"
"Vinmonopolet";"10149901";"Ch. Les Grandes Murailles 2015";"Ch. Les Grandes Murailles";"2015";"895";"0.75";"1193.33";"RÃ¸dvin";"Glass";"15";"7.9555554"
"Vinmonopolet";"10150001";"Sarget de Gruaud Larose 2015";"Sarget de Gruaud Larose";"2015";"615";"0.75";"820";"RÃ¸dvin";"Glass";"13";"6.3076925"
"Vinmonopolet";"10150101";"Clos Floridene 2015";"Clos Floridene";"2015";"398";"0.75";"530.67";"RÃ¸dvin";"Glass";"13.5";"3.930864"
"Vinmonopolet";"10150301";"Dom. Vocoret Chablis Vieilles Vignes 2016";"Dom. Vocoret Chablis Vieilles Vignes";"2016";"234.9";"0.75";"313.2";"White wine";"Glass";"12.5";"2.5056"
"Vinmonopolet";"10150401";"Montesol Rueda 2018";"Montesol Rueda";"2018";"145";"0.75";"193.33";"White wine";"Glass";"13";"1.4871795"
"Vinmonopolet";"10150501";"Montesol Verdejo";"Montesol Verdejo";"2017";"174.9";"0.75";"233.2";"White wine";"Glass";"13";"1.7938461"
"Vinmonopolet";"10150601";"Ramos 2016";"Ramos";"2016";"199.9";"0.75";"266.53";"RÃ¸dvin";"Glass";"14";"1.9038094"
"Vinmonopolet";"10150801";"Natte Valleij Cinsault";"Natte Valleij Cinsault";"2018";"192.5";"0.75";"256.67";"RÃ¸dvin";"Glass";"12.5";"2.0533333"
"Vinmonopolet";"10150901";"Natte Valleij P.O.W.";"Natte Valleij P.O.W.";"2015";"234.9";"0.75";"313.2";"RÃ¸dvin";"Glass";"14.5";"2.1599998"
"Vinmonopolet";"10151001";"B Vintners Black Bream Pinot Noir 2018";"B Vintners Black Bream Pinot Noir";"2018";"279";"0.75";"372";"RÃ¸dvin";"Glass";"13.5";"2.7555556"
"Vinmonopolet";"10151201";"Raats Dolomite Cabernet Franc";"Raats Dolomite Cabernet Franc";"2016";"229.9";"0.75";"306.53";"RÃ¸dvin";"Glass";"13.5";"2.2706172"
"Vinmonopolet";"10151301";"Blankbottle Master of None";"Blankbottle Master of None";"2019";"239";"0.75";"318.67";"RÃ¸dvin";"Glass";"13.5";"2.360494"
"Vinmonopolet";"10151401";"Blankbottle Orbitofrontal Cortex";"Blankbottle Orbitofrontal Cortex";"2018";"279";"0.75";"372";"White wine";"Glass";"13.5";"2.7555556"
"Vinmonopolet";"10151701";"Blankbottle Little William";"Blankbottle Little William";"2018";"319";"0.75";"425.33";"RÃ¸dvin";"Glass";"13";"3.2717948"
"Vinmonopolet";"10152001";"Narrative Cabernet Franc";"Narrative Cabernet Franc";"2017";"309";"0.75";"412";"RÃ¸dvin";"Glass";"13";"3.1692307"
"Vinmonopolet";"10152101";"El Loco de Finca La Colina 2017";"El Loco de Finca La Colina";"2017";"179.9";"0.75";"239.87";"White wine";"Glass";"13";"1.8451282"
"Vinmonopolet";"10152201";"Finca La Colina Verdejo 2017";"Finca La Colina Verdejo";"2017";"198";"0.75";"264";"White wine";"Glass";"13";"2.0307693"
"Vinmonopolet";"10152301";"Hardanger Cideri Sider frÃ¥ Hardanger Stille";"Hardanger Cideri Sider frÃ¥ Hardanger Stille";"2018";"144.9";"0.75";"193.2";"Cider";"Glass";"7";"2.76"
"Vinmonopolet";"10152501";"Kottabos Chenin Blanc";"Kottabos Chenin Blanc";"2018";"179";"0.75";"238.67";"White wine";"Glass";"13";"1.8358974"
"Vinmonopolet";"10152601";"S de Siran 2015";"S de Siran";"2015";"405";"0.75";"540";"RÃ¸dvin";"Glass";"14";"3.857143"
"Vinmonopolet";"10152701";"Clos du Marquis 2015";"Clos du Marquis";"2015";"1085";"0.75";"1446.67";"RÃ¸dvin";"Glass";"13.5";"10.716049"
"Vinmonopolet";"10152801";"Ch. Cantemerle 2015";"Ch. Cantemerle";"2015";"665";"0.75";"886.67";"RÃ¸dvin";"Glass";"13";"6.820513"
"Vinmonopolet";"10152901";"PongrÃ¡cz Desiderius";"PongrÃ¡cz Desiderius";"2009";"369.9";"0.75";"493.2";"Sparkling wine";"Glass";"11.5";"4.288696"
"Vinmonopolet";"10153201";"Les Griffons de Pichon Baron 2015";"Les Griffons de Pichon Baron";"2015";"829";"0.75";"1105.33";"RÃ¸dvin";"Glass";"13.5";"8.1876545"
"Vinmonopolet";"10153301";"Le Marquis de Calon Segur 2015";"Le Marquis de Calon Segur";"2015";"605";"0.75";"806.67";"RÃ¸dvin";"Glass";"13.5";"5.9753084"
"Vinmonopolet";"10153401";"Enrique Mendoza Chardonnay Joven 2017";"Enrique Mendoza Chardonnay Joven";"2017";"149.6";"0.75";"199.47";"White wine";"Glass";"13";"1.534359"
"Vinmonopolet";"10153501";"Enrique Mendoza Chardonnay Fermentado 2016";"Enrique Mendoza Chardonnay Fermentado";"2016";"217.8";"0.75";"290.4";"White wine";"Glass";"13";"2.2338462"
"Vinmonopolet";"10153601";"Ch. Pibran";"Ch. Pibran";"2011";"399";"0.75";"532";"RÃ¸dvin";"Glass";"13";"4.0923076"
"Vinmonopolet";"10153701";"Moreau-Naudet Chablis Premier Cru Vaillons";"Moreau-Naudet Chablis Premier Cru Vaillons";"2017";"349";"0.75";"465.33";"White wine";"Glass";"13";"3.579487"
"Vinmonopolet";"10153801";"Moreau-Naudet Chablis Grand Cru Valmur";"Moreau-Naudet Chablis Grand Cru Valmur";"2017";"599";"0.75";"798.67";"White wine";"Glass";"13";"6.14359"
"Vinmonopolet";"10153901";"Fugue de Nenin 2015";"Fugue de Nenin";"2015";"595";"0.75";"793.33";"RÃ¸dvin";"Glass";"14.5";"5.4712644"
"Vinmonopolet";"10154001";"Ch. Carbonnieux 2015";"Ch. Carbonnieux";"2015";"769";"0.75";"1025.33";"RÃ¸dvin";"Glass";"14";"7.3238096"
"Vinmonopolet";"10154101";"Ch. Poujeaux 2015";"Ch. Poujeaux";"2015";"665";"0.75";"886.67";"RÃ¸dvin";"Glass";"14";"6.3333335"
"Vinmonopolet";"10154601";"Canti Asti Secco Cuvee C.21";"Canti Asti Secco Cuvee C.21";"0";"109.9";"0.75";"146.53";"Sparkling wine";"Glass";"11";"1.3321213"
"Vinmonopolet";"10154901";"Castell d'Age Fragments";"Castell d'Age Fragments";"2017";"199.9";"0.75";"266.53";"White wine";"Glass";"12.5";"2.1322665"
"Vinmonopolet";"10155001";"Castell d'Age Cava Brut Nature Reserva Anne Marie";"Castell d'Age Cava Brut Nature Reserva Anne Marie";"2015";"199.9";"0.75";"266.53";"Sparkling wine";"Glass";"12";"2.221111"
"Vinmonopolet";"10155101";"Marc Morey Rully 1er Cru RabourcÃ©";"Marc Morey Rully 1er Cru RabourcÃ©";"2017";"529.9";"0.75";"706.53";"White wine";"Glass";"13.5";"5.2335806"
"Vinmonopolet";"10155301";"Ismael Gozalo Nieva York PÃ©t-Nat RosÃ©";"Ismael Gozalo Nieva York PÃ©t-Nat RosÃ©";"2018";"299.9";"0.75";"399.87";"Perlende vin, rosÃ©";"Glass";"12";"3.3322222"
"Vinmonopolet";"10155401";"Clandestin Les Grandes Lignes Chardonnay Brut Nature 2015";"Clandestin Les Grandes Lignes Chardonnay Brut Nature";"2015";"449.8";"0.75";"599.73";"Champagne, brut";"Glass";"12";"4.9977775"
"Vinmonopolet";"10155501";"Conceito Legitimo 2016";"Conceito Legitimo";"2016";"269.9";"0.75";"359.87";"RÃ¸dvin";"Glass";"13.5";"2.665679"
"Vinmonopolet";"10155601";"El Hombre Bala 2016";"El Hombre Bala";"2016";"299.9";"0.75";"399.87";"RÃ¸dvin";"Glass";"14.5";"2.7577012"
"Vinmonopolet";"10155702";"Soalheiro Vinho Verde Alvarinho";"Soalheiro Vinho Verde Alvarinho";"2019";"109.9";"0.38";"293.07";"White wine";"Glass";"12.5";"2.3136842"
"Vinmonopolet";"10156001";"Cristiano Guttarolo Primitivo Anfora 2016";"Cristiano Guttarolo Primitivo Anfora";"2016";"299";"0.75";"398.67";"RÃ¸dvin";"Glass";"12.7";"3.1391077"
"Vinmonopolet";"10156101";"Guiseppe Cortese Barbaresco RabajÃ¡ 2015";"Guiseppe Cortese Barbaresco RabajÃ¡";"2015";"475";"0.75";"633.33";"RÃ¸dvin";"Glass";"14.5";"4.367816"
"Vinmonopolet";"10156201";"Cristiano Guttarolo Primitivo Lamie delle Vigne 2016";"Cristiano Guttarolo Primitivo Lamie delle Vigne";"2016";"249";"0.75";"332";"RÃ¸dvin";"Glass";"13.5";"2.4592593"
"Vinmonopolet";"10156301";"Rizieri Barolo";"Rizieri Barolo";"2013";"340.1";"0.75";"453.47";"RÃ¸dvin";"Glass";"14.5";"3.1273563"
"Vinmonopolet";"10156502";"Cervisiam Seppuku NE Pale Ale";"Cervisiam Seppuku NE Pale Ale";"0";"61.9";"0.33";"181.52";"Pale ale";"Emballasje med pant";"5.5";"3.4104683"
"Vinmonopolet";"10156601";"Ca nÂ´Estruc BI XarelÂ·lo II 2018";"Ca nÂ´Estruc BI XarelÂ·lo II";"2018";"399.9";"0.75";"533.2";"White wine";"Glass";"12.5";"4.2655997"
"Vinmonopolet";"10156701";"La Mujer Canon 2015";"La Mujer Canon";"2015";"849";"0.75";"1132";"RÃ¸dvin";"Glass";"14.5";"7.8068967"
"Vinmonopolet";"10156801";"Kopparberg Sparkling RosÃ© Strawberry";"Kopparberg Sparkling RosÃ© Strawberry";"0";"104.9";"0.75";"139.87";"Cider";"Glass";"7";"1.9980953"
"Vinmonopolet";"10157001";"LhÃ©raud Petite Champagne 1972";"LhÃ©raud Petite Champagne";"1972";"4875";"0.7";"6964.29";"Grape spirit";"Glass";"45";"15.476191"
"Vinmonopolet";"10157102";"Lejay Cassis Original Noir de Bourgogne";"Lejay Cassis Original Noir de Bourgogne";"0";"199.9";"0.35";"571.14";"LikÃ¸r";"Glass";"20";"2.8557143"
"Vinmonopolet";"10157201";"Pascerette des Vignes Bourgogne Pinot Noir 2015";"Pascerette des Vignes Bourgogne Pinot Noir";"2015";"199.9";"0.75";"266.53";"RÃ¸dvin";"Glass";"13";"2.0502563"
"Vinmonopolet";"10157401";"Ch. Malartic Lagraviere 2015";"Ch. Malartic Lagraviere";"2015";"859";"0.75";"1145.33";"RÃ¸dvin";"Glass";"13.5";"8.483951"
"Vinmonopolet";"10157501";"Ch. de Camensac 2015";"Ch. de Camensac";"2015";"615";"0.75";"820";"RÃ¸dvin";"Glass";"13.5";"6.0740743"
"Vinmonopolet";"10157801";"Ch. Beychevelle 2015";"Ch. Beychevelle";"2015";"1795";"0.75";"2393.33";"RÃ¸dvin";"Glass";"13.5";"17.728395"
"Vinmonopolet";"10157901";"Ch. Branaire-Ducru 2015";"Ch. Branaire-Ducru";"2015";"1185";"0.75";"1580";"RÃ¸dvin";"Glass";"13.5";"11.703704"
"Vinmonopolet";"10158001";"Ch. Leoville PoyferrÃ© 2015";"Ch. Leoville PoyferrÃ©";"2015";"1765";"0.75";"2353.33";"RÃ¸dvin";"Glass";"13.5";"17.432098"
"Vinmonopolet";"10158101";"Dom. de Chevalier Blanc 2015";"Dom. de Chevalier Blanc";"2015";"1679";"0.75";"2238.67";"White wine";"Glass";"13.5";"16.582716"
"Vinmonopolet";"10158201";"OntaÃ±on Clarete 2017";"OntaÃ±on Clarete";"2017";"225";"0.75";"300";"RosÃ©vin";"Glass";"12.5";"2.4"
"Vinmonopolet";"10158301";"OntaÃ±on Antologica Crianza 2015";"OntaÃ±on Antologica Crianza";"2015";"295";"0.75";"393.33";"RÃ¸dvin";"Glass";"13.5";"2.9135802"
"Vinmonopolet";"10158401";"Altos de OntaÃ±on Roble 2016";"Altos de OntaÃ±on Roble";"2016";"244";"0.75";"325.33";"RÃ¸dvin";"Glass";"14";"2.3238096"
"Vinmonopolet";"10158601";"Altos de OntaÃ±on Reserva 2011";"Altos de OntaÃ±on Reserva";"2011";"358";"0.75";"477.33";"RÃ¸dvin";"Glass";"14";"3.4095237"
"Vinmonopolet";"10158701";"Vetiver Verdejo 2017";"Vetiver Verdejo";"2017";"229";"0.75";"305.33";"White wine";"Glass";"13";"2.348718"
"Vinmonopolet";"10158801";"Benito Ferrara Irpinia Aglianico Vigna Quattro Confini 2017";"Benito Ferrara Irpinia Aglianico Vigna Quattro Confini";"2017";"257.3";"0.75";"343.07";"RÃ¸dvin";"Glass";"13.5";"2.5412345"
"Vinmonopolet";"10159201";"Claude Dugat Charmes-Chambertin Grand Cru";"Claude Dugat Charmes-Chambertin Grand Cru";"2014";"2750";"0.75";"3666.67";"RÃ¸dvin";"Glass";"12.5";"29.333334"
"Vinmonopolet";"10159301";"Dom. de la Grand'Cour Brouilly Vieilles Vignes 2017";"Dom. de la Grand'Cour Brouilly Vieilles Vignes";"2017";"369";"0.75";"492";"RÃ¸dvin";"Glass";"13";"3.7846153"
"Vinmonopolet";"10159401";"Vetiver Sauvignon Blanc 2017";"Vetiver Sauvignon Blanc";"2017";"229";"0.75";"305.33";"White wine";"Glass";"13";"2.348718"
"Vinmonopolet";"10159501";"Dominio de la Abadesa Crianza 2014";"Dominio de la Abadesa Crianza";"2014";"394";"0.75";"525.33";"RÃ¸dvin";"Glass";"14";"3.7523808"
"Vinmonopolet";"10159601";"Dominio de la Abadesa Reserva 2011";"Dominio de la Abadesa Reserva";"2011";"522";"0.75";"696";"RÃ¸dvin";"Glass";"14";"4.9714284"
"Vinmonopolet";"10159701";"Dominio de la Abadesa Verdejo 2016";"Dominio de la Abadesa Verdejo";"2016";"298";"0.75";"397.33";"White wine";"Glass";"13";"3.0564103"
"Vinmonopolet";"10159801";"OntaÃ±Ã³n 2016";"OntaÃ±Ã³n";"2016";"236";"0.75";"314.67";"RÃ¸dvin";"Glass";"14";"2.2476192"
"Vinmonopolet";"10159901";"Famille Lancon La Solitude CÃ´tes du RhÃ´ne Rouge 2016";"Famille Lancon La Solitude CÃ´tes du RhÃ´ne Rouge";"2016";"239.9";"0.75";"319.87";"RÃ¸dvin";"Glass";"14.5";"2.205977"
"Vinmonopolet";"10160101";"Famille Lancon La Solitude CÃ´tes du RhÃ´ne Blanc 2017";"Famille Lancon La Solitude CÃ´tes du RhÃ´ne Blanc";"2017";"235";"0.75";"313.33";"White wine";"Glass";"13.5";"2.3209877"
"Vinmonopolet";"10161201";"Ch. Malartic Lagraviere Grand Cru ClassÃ© 2015";"Ch. Malartic Lagraviere Grand Cru ClassÃ©";"2015";"945";"0.75";"1260";"White wine";"Glass";"13.5";"9.333333"
"Vinmonopolet";"10161301";"Ch. Canon La GaffeliÃ¨re 2015";"Ch. Canon La GaffeliÃ¨re";"2015";"1925";"0.75";"2566.67";"RÃ¸dvin";"Glass";"14";"18.333334"
"Vinmonopolet";"10161501";"Ch. Suduiraut 2015";"Ch. Suduiraut";"2015";"1125";"0.75";"1500";"White wine";"Glass";"14";"10.714286"
"Vinmonopolet";"10161601";"Ch. Petit-Village 2015";"Ch. Petit-Village";"2015";"1279";"0.75";"1705.33";"RÃ¸dvin";"Glass";"14.5";"11.76092"
"Vinmonopolet";"10161701";"Weing. E. Wehrheim Niersteiner Bildstock Riesling Kabinett 2017";"Weing. E. Wehrheim Niersteiner Bildstock Riesling Kabinett";"2017";"225";"0.75";"300";"White wine";"Glass";"10";"3"
"Vinmonopolet";"10162105";"Ch. PrieurÃ©-Lichine 2015";"Ch. PrieurÃ©-Lichine";"2015";"1739";"1.5";"1159.33";"RÃ¸dvin";"Glass";"14";"8.280952"
"Vinmonopolet";"10163001";"Dom. de la Solitude ChÃ¢teauneuf-du-Pape Tradition Blanc 2017";"Dom. de la Solitude ChÃ¢teauneuf-du-Pape Tradition Blanc";"2017";"445";"0.75";"593.33";"White wine";"Glass";"14";"4.2380953"
"Vinmonopolet";"10163101";"Dom. de la Solitude ChÃ¢teauneuf-du-Pape 2016";"Dom. de la Solitude ChÃ¢teauneuf-du-Pape";"2016";"445";"0.75";"593.33";"RÃ¸dvin";"Glass";"14.5";"4.091954"
"Vinmonopolet";"10163201";"Dom. de la Solitude ChÃ¢teauneuf-du-Pape Barberini Rouge 2015";"Dom. de la Solitude ChÃ¢teauneuf-du-Pape Barberini Rouge";"2015";"629";"0.75";"838.67";"RÃ¸dvin";"Glass";"15";"5.591111"
"Vinmonopolet";"10163301";"Dom. de la Solitude ChÃ¢teauneuf-du-Pape Barberini Blanc 2016";"Dom. de la Solitude ChÃ¢teauneuf-du-Pape Barberini Blanc";"2016";"585";"0.75";"780";"White wine";"Glass";"15";"5.2"
"Vinmonopolet";"10163801";"Dom. de la Solitude ChÃ¢teauneuf-du-Pape Cornelia Constanza 2016";"Dom. de la Solitude ChÃ¢teauneuf-du-Pape Cornelia Constanza";"2016";"798";"0.75";"1064";"RÃ¸dvin";"Glass";"15";"7.0933332"
"Vinmonopolet";"10163901";"Dom. de la Solitude ChÃ¢teauneuf-du-Pape RÃ©serve SecrÃ¨te 2015";"Dom. de la Solitude ChÃ¢teauneuf-du-Pape RÃ©serve SecrÃ¨te";"2015";"1225";"0.75";"1633.33";"RÃ¸dvin";"Glass";"15";"10.888889"
"Vinmonopolet";"10164301";"Val de Rance Cidre de Bretagne Brut";"Val de Rance Cidre de Bretagne Brut";"2017";"79.9";"0.75";"106.53";"Cider";"Glass";"6";"1.7755556"
"Vinmonopolet";"10164801";"Marc Kreydenweiss Or Ange";"Marc Kreydenweiss Or Ange";"2017";"344.9";"0.75";"459.87";"White wine";"Glass";"13.5";"3.4064198"
"Vinmonopolet";"10165101";"Pepe RaventÃ³s Vinya del Mas Ancestral";"Pepe RaventÃ³s Vinya del Mas Ancestral";"2015";"329.9";"0.75";"439.87";"Sparkling wine";"Glass";"12";"3.6655555"
"Vinmonopolet";"10165201";"Can Sumoi Xarell-o";"Can Sumoi Xarell-o";"2019";"239.9";"0.75";"319.87";"White wine";"Glass";"11.5";"2.7814493"
"Vinmonopolet";"10165301";"Can Sumoi Ancestral Sumoll";"Can Sumoi Ancestral Sumoll";"2017";"249.9";"0.75";"333.2";"Musserende vin, rosÃ©";"Glass";"11";"3.029091"
"Vinmonopolet";"10166301";"David & Nadia Topography Chenin Blanc";"David & Nadia Topography Chenin Blanc";"2018";"229.9";"0.75";"306.53";"White wine";"Glass";"13";"2.3579485"
"Vinmonopolet";"10166405";"Felsina Berardenga Chianti Classico";"Felsina Berardenga Chianti Classico";"2016";"429.9";"1.5";"286.6";"RÃ¸dvin";"Glass";"13";"2.2046154"
"Vinmonopolet";"10166501";"Privat Cava Brut Nature Reserva";"Privat Cava Brut Nature Reserva";"2017";"214.9";"0.75";"286.53";"Sparkling wine";"Glass";"11.5";"2.491594"
"Vinmonopolet";"10166601";"Privat Cava Brut Nature RosÃ©";"Privat Cava Brut Nature RosÃ©";"2016";"214.9";"0.75";"286.53";"Musserende vin, rosÃ©";"Glass";"12";"2.3877778"
"Vinmonopolet";"10166701";"Privat Cava Brut Nature Selected CuvÃ©e";"Privat Cava Brut Nature Selected CuvÃ©e";"2016";"214.9";"0.75";"286.53";"Sparkling wine";"Glass";"12";"2.3877778"
"Vinmonopolet";"10166801";"J. De Telmont Heritage 1969";"J. De Telmont Heritage";"1969";"2300";"0.75";"3066.67";"Champagne extra brut";"Glass";"12";"25.555555"
"Vinmonopolet";"10166901";"Antiche Terre Mezzo Monte Valpolicella Superiore";"Antiche Terre Mezzo Monte Valpolicella Superiore";"2016";"199.9";"0.75";"266.53";"RÃ¸dvin";"Glass";"13";"2.0502563"
"Vinmonopolet";"10167101";"Le Petit Haut Lafitte Blanc 2016";"Le Petit Haut Lafitte Blanc";"2016";"587";"0.75";"782.67";"White wine";"Glass";"13.5";"5.7975307"
"Vinmonopolet";"10167201";"Weing. E. Wehrheim Niersteiner Bergkirche Riesling Auslese Halbtrocken 2015";"Weing. E. Wehrheim Niersteiner Bergkirche Riesling Auslese Halbtrocken";"2015";"289";"0.75";"385.33";"White wine";"Glass";"14";"2.7523808"
"Vinmonopolet";"10167301";"Weing. E. Wehrheim Niersteiner Oelberg Riesling Kabinett 2017";"Weing. E. Wehrheim Niersteiner Oelberg Riesling Kabinett";"2017";"210";"0.75";"280";"White wine";"Glass";"10";"2.8"
"Vinmonopolet";"10167401";"Weing. E. Wehrheim Niersteiner Oelberg Riesling SpÃ¤tlese Trocken 2017";"Weing. E. Wehrheim Niersteiner Oelberg Riesling SpÃ¤tlese Trocken";"2017";"235";"0.75";"313.33";"White wine";"Glass";"12.5";"2.5066667"
"Vinmonopolet";"10167502";"Weing. E. Wehrheim Niersteiner Oelberg Riesling Beerenauslese 2015";"Weing. E. Wehrheim Niersteiner Oelberg Riesling Beerenauslese";"2015";"315";"0.5";"630";"White wine";"Glass";"8";"7.875"
"Vinmonopolet";"10167701";"Weing. E. Wehrheim Niersteiner Rehbach Riesling Auslese 2015";"Weing. E. Wehrheim Niersteiner Rehbach Riesling Auslese";"2015";"259";"0.75";"345.33";"White wine";"Glass";"8.5";"4.062745"
"Vinmonopolet";"10167801";"Weing. E. Wehrheim Niersteiner Pinot Brut";"Weing. E. Wehrheim Niersteiner Pinot Brut";"0";"295";"0.75";"393.33";"Sparkling wine";"Glass";"13.5";"2.9135802"
"Vinmonopolet";"10167901";"Vetiver Viura Blanco 2017";"Vetiver Viura Blanco";"2017";"225";"0.75";"300";"White wine";"Glass";"12.5";"2.4"
"Vinmonopolet";"10168006";"Bod. LuzÃ²n Carmina Luna";"Bod. LuzÃ²n Carmina Luna";"2018";"447.6";"3";"149.2";"RÃ¸dvin";"Bag-in-box";"14.5";"1.0289655"
"Vinmonopolet";"10168101";"Rhys Bearwallow Vineyard Pinot Noir 2013";"Rhys Bearwallow Vineyard Pinot Noir";"2013";"498";"0.75";"664";"RÃ¸dvin";"Glass";"13";"5.1076922"
"Vinmonopolet";"10168401";"Kutch Bohan Vineyard Pinot Noir 2016";"Kutch Bohan Vineyard Pinot Noir";"2016";"498";"0.75";"664";"RÃ¸dvin";"Glass";"11.3";"5.8761063"
"Vinmonopolet";"10168501";"Brick & Mortar Cougar Rock Vineyard Pinot Noir 2016";"Brick & Mortar Cougar Rock Vineyard Pinot Noir";"2016";"449";"0.75";"598.67";"RÃ¸dvin";"Glass";"13";"4.6051283"
"Vinmonopolet";"10168701";"Massimo Rivetti Barbera d'Alba Superiore Froi 2017";"Massimo Rivetti Barbera d'Alba Superiore Froi";"2017";"219";"0.75";"292";"RÃ¸dvin";"Glass";"14";"2.0857143"
"Vinmonopolet";"10168801";"Massimo Rivetti Garasin Langhe Rosso 2015";"Massimo Rivetti Garasin Langhe Rosso";"2015";"249.9";"0.75";"333.2";"RÃ¸dvin";"Glass";"13.5";"2.468148"
"Vinmonopolet";"10168901";"Massimo Rivetti Avene Langhe Nebbiolo 2018";"Massimo Rivetti Avene Langhe Nebbiolo";"2018";"249.9";"0.75";"333.2";"RÃ¸dvin";"Glass";"13.5";"2.468148"
"Vinmonopolet";"10169001";"Massimo Rivetti Barbaresco Froi 2015";"Massimo Rivetti Barbaresco Froi";"2015";"389";"0.75";"518.67";"RÃ¸dvin";"Glass";"14";"3.704762"
"Vinmonopolet";"10169101";"Massimo Rivetti Barbaresco Serraboella 2013";"Massimo Rivetti Barbaresco Serraboella";"2013";"400";"0.75";"533.33";"RÃ¸dvin";"Glass";"14";"3.8095238"
"Vinmonopolet";"10169201";"Massimo Rivetti Langhe ViaRivetti22 Rosato 2018";"Massimo Rivetti Langhe ViaRivetti22 Rosato";"2018";"209.9";"0.75";"279.87";"RosÃ©vin";"Glass";"12.5";"2.2389333"
"Vinmonopolet";"10169301";"Ch. Les Carmes Haut-Brion 2015";"Ch. Les Carmes Haut-Brion";"2015";"1825";"0.75";"2433.33";"RÃ¸dvin";"Glass";"14";"17.380953"
"Vinmonopolet";"10169401";"Ch. Nenin 2015";"Ch. Nenin";"2015";"1110";"0.75";"1480";"RÃ¸dvin";"Glass";"14.5";"10.206897"
"Vinmonopolet";"10169501";"Ch. Pichon Longueville Baron 2015";"Ch. Pichon Longueville Baron";"2015";"2575";"0.75";"3433.33";"RÃ¸dvin";"Glass";"13.5";"25.432098"
"Vinmonopolet";"10169601";"El Dorado Rum 3 YO";"El Dorado Rum 3 YO";"0";"439.9";"0.7";"628.43";"Rum";"Glass";"40";"1.5710714"
"Vinmonopolet";"10169901";"JÃ¤germeister Scharf";"JÃ¤germeister Scharf";"0";"424.9";"0.7";"607";"LikÃ¸r";"Glass";"33";"1.839394"
"Vinmonopolet";"10170002";"Strand BrÃ¦nderi Jubileum";"Strand BrÃ¦nderi Jubileum";"0";"439.9";"0.5";"879.8";"Aquavit";"Glass";"41.5";"2.12"
"Vinmonopolet";"10173401";"Gevrey-Chambertin 1. Cru Lavaux St. Jacques";"Gevrey-Chambertin 1. Cru Lavaux St. Jacques";"2015";"1529.9";"0.75";"2039.87";"RÃ¸dvin";"Glass";"12";"16.99889"
"Vinmonopolet";"10173501";"Claude Dugat Chapelle-Chambertin Grand Cru";"Claude Dugat Chapelle-Chambertin Grand Cru";"2016";"2419.9";"0.75";"3226.53";"RÃ¸dvin";"Glass";"12.5";"25.812265"
"Vinmonopolet";"10173701";"Massimo Rivetti Barbaresco 2016";"Massimo Rivetti Barbaresco";"2016";"334.9";"0.75";"446.53";"RÃ¸dvin";"Glass";"14";"3.1895237"
"Vinmonopolet";"10174401";"Marc Kreydenweiss Moenchberg Grand Cru 2016";"Marc Kreydenweiss Moenchberg Grand Cru";"2016";"409.9";"0.75";"546.53";"White wine";"Glass";"13.5";"4.048395"
"Vinmonopolet";"10174801";"Zorz Zelen 2018";"Zorz Zelen";"2018";"109.7";"0.75";"146.27";"White wine";"Glass";"12";"1.2188889"
"Vinmonopolet";"10180502";"Ãnima Negra Ãn/2 2016";"Ãnima Negra Ãn/2";"2016";"219";"0.5";"438";"RÃ¸dvin";"Glass";"13";"3.3692307"
"Vinmonopolet";"10181201";"K Broncho Malbec";"K Broncho Malbec";"2015";"830";"0.75";"1106.67";"RÃ¸dvin";"Glass";"14.5";"7.632184"
"Vinmonopolet";"10181402";"Sagene IPA";"Sagene IPA";"0";"62.9";"0.33";"190.61";"India pale ale";"Glass";"6.5";"2.932401"
"Vinmonopolet";"10181501";"Ca'delle Rose Imperiale Millesimato Extra Dry";"Ca'delle Rose Imperiale Millesimato Extra Dry";"2019";"119.9";"0.75";"159.87";"Sparkling wine";"Glass";"10.5";"1.5225397"
"Vinmonopolet";"10182701";"Veuve Clicquot Extra Brut";"Veuve Clicquot Extra Brut";"0";"599.9";"0.75";"799.87";"Champagne extra brut";"Glass";"12";"6.665556"
"Vinmonopolet";"10182801";"Oslo HÃ¥ndverksdestilleri FjÃ¦ra rosÃ© Gin";"Oslo HÃ¥ndverksdestilleri FjÃ¦ra rosÃ© Gin";"2018";"509.9";"0.7";"728.43";"Gin";"Glass";"43";"1.6940199"
"Vinmonopolet";"10185306";"Red Rock Zin Zinfandel";"Red Rock Zin Zinfandel";"2017";"399.9";"3";"133.3";"RÃ¸dvin";"Bag-in-box";"12.5";"1.0663999"
"Vinmonopolet";"10185501";"Christer Berens Organico Prosecco";"Christer Berens Organico Prosecco";"0";"145";"0.75";"193.33";"Sparkling wine";"Glass";"11";"1.7575758"
"Vinmonopolet";"10186101";"LÃ©zerguÃ© Cidre de Bretagne Brut";"LÃ©zerguÃ© Cidre de Bretagne Brut";"0";"99.5";"0.75";"132.67";"Cider";"Glass";"5.5";"2.4121213"
"Vinmonopolet";"10186901";"Helt Fransk Cotes du Rhones Villages 2017";"Helt Fransk Cotes du Rhones Villages";"2017";"139.9";"0.75";"186.53";"RÃ¸dvin";"Plast";"13.5";"1.3817283"
"Vinmonopolet";"10188201";"Maxime Trijol Petite Champagne 1968";"Maxime Trijol Petite Champagne";"1968";"2400";"0.7";"3428.57";"Grape spirit";"Glass";"40";"8.571428"
"Vinmonopolet";"10188401";"Maxime Trijol Ancestral Grand Champagne";"Maxime Trijol Ancestral Grand Champagne";"0";"4600";"0.7";"6571.43";"Grape spirit";"Glass";"40";"16.428572"
"Vinmonopolet";"10190701";"Passo dei Sani Rosso Premium";"Passo dei Sani Rosso Premium";"2016";"150";"0.75";"200";"RÃ¸dvin";"Glass";"14";"1.4285715"
"Vinmonopolet";"10192101";"Ten. di Carleone Il Guercio 2017";"Ten. di Carleone Il Guercio";"2017";"428.9";"0.75";"571.87";"RÃ¸dvin";"Glass";"12.5";"4.574933"
"Vinmonopolet";"10192201";"Ten. di Carleone Chianti Classico 2017";"Ten. di Carleone Chianti Classico";"2017";"265";"0.75";"353.33";"RÃ¸dvin";"Glass";"13.5";"2.617284"
"Vinmonopolet";"10192205";"Ten. di Carleone Chianti Classico 2017";"Ten. di Carleone Chianti Classico";"2017";"559";"1.5";"372.67";"RÃ¸dvin";"Glass";"13.5";"2.7604938"
"Vinmonopolet";"10192301";"Ten. di Carleone Rosato 2017";"Ten. di Carleone Rosato";"2017";"225";"0.75";"300";"RosÃ©vin";"Glass";"12.5";"2.4"
"Vinmonopolet";"10193201";"Charles Sparr CrÃ©mant d'Alsace Brut RosÃ©";"Charles Sparr CrÃ©mant d'Alsace Brut RosÃ©";"0";"198";"0.75";"264";"Musserende vin, rosÃ©";"Glass";"12.5";"2.112"
"Vinmonopolet";"10193301";"Charles Sparr CrÃ©mant d'Alsace Brut";"Charles Sparr CrÃ©mant d'Alsace Brut";"0";"198";"0.75";"264";"Sparkling wine";"Glass";"12.5";"2.112"
"Vinmonopolet";"10193401";"Charles Sparr Alsace Grand Cru Mambourg GewÃ¼rztraminer 2013";"Charles Sparr Alsace Grand Cru Mambourg GewÃ¼rztraminer";"2013";"319.9";"0.75";"426.53";"White wine";"Glass";"13";"3.2810256"
"Vinmonopolet";"10193501";"Charles Sparr Alsace Grand Cru Schoenenbourg Riesling 2010";"Charles Sparr Alsace Grand Cru Schoenenbourg Riesling";"2010";"299.9";"0.75";"399.87";"White wine";"Glass";"13";"3.0758975"
"Vinmonopolet";"10193701";"Charles Sparr Alsace Grand Cru Riesling Brand 2013";"Charles Sparr Alsace Grand Cru Riesling Brand";"2013";"274.9";"0.75";"366.53";"White wine";"Glass";"13";"2.819487"
"Vinmonopolet";"10194501";"Manuel Olivier Chambolle-Musigny 2017";"Manuel Olivier Chambolle-Musigny";"2017";"589";"0.75";"785.33";"RÃ¸dvin";"Glass";"13.5";"5.817284"
"Vinmonopolet";"10196202";"Bareksten Illsint Absint";"Bareksten Illsint Absint";"0";"570";"0.5";"1140";"Other spirit";"Glass";"60";"1.9"
"Vinmonopolet";"10196502";"Bareksten Navy Strength Gin";"Bareksten Navy Strength Gin";"0";"600";"0.5";"1200";"Gin";"Glass";"58";"2.0689654"
"Vinmonopolet";"10198601";"Thillardon ChÃ©nas Les Vibrations 2018";"Thillardon ChÃ©nas Les Vibrations";"2018";"289.9";"0.75";"386.53";"RÃ¸dvin";"Glass";"12.5";"3.0922666"
"Vinmonopolet";"10198701";"Thillardon ChÃ©nas Les BlÃ©monts 2017";"Thillardon ChÃ©nas Les BlÃ©monts";"2017";"289.9";"0.75";"386.53";"RÃ¸dvin";"Glass";"13";"2.9733334"
"Vinmonopolet";"10198801";"Thillardon ChÃ©nas Chassignol 2016";"Thillardon ChÃ©nas Chassignol";"2016";"339.8";"0.75";"453.07";"RÃ¸dvin";"Glass";"12.5";"3.6245332"
"Vinmonopolet";"10198901";"Barrat-Masson Fleur de craie Extra Brut";"Barrat-Masson Fleur de craie Extra Brut";"0";"440";"0.75";"586.67";"Champagne extra brut";"Glass";"12";"4.888889"
"Vinmonopolet";"10199001";"Barrat-Masson Grain d'Argile Extra Brut";"Barrat-Masson Grain d'Argile Extra Brut";"0";"459.9";"0.75";"613.2";"Champagne extra brut";"Glass";"12";"5.11"
"Vinmonopolet";"10199101";"Jean Fournier Marsannay CuvÃ©e Saint Urbain 2017";"Jean Fournier Marsannay CuvÃ©e Saint Urbain";"2017";"332.1";"0.75";"442.8";"RÃ¸dvin";"Glass";"12.5";"3.5424001"
"Vinmonopolet";"10199201";"Jean Fournier Marsannay Es Chezots 2015";"Jean Fournier Marsannay Es Chezots";"2015";"398.1";"0.75";"530.8";"RÃ¸dvin";"Glass";"13";"4.083077"
"Vinmonopolet";"10199301";"Jean Fournier Marsannay Clos du Roy 2015";"Jean Fournier Marsannay Clos du Roy";"2015";"398.1";"0.75";"530.8";"RÃ¸dvin";"Glass";"13";"4.083077"
"Vinmonopolet";"10199401";"Dom. de Fa Beaujolais En Besset 2017";"Dom. de Fa Beaujolais En Besset";"2017";"224.9";"0.75";"299.87";"RÃ¸dvin";"Glass";"13";"2.3066666"
"Vinmonopolet";"10199501";"Dom. de Fa Fleurie Roche Guillon 2016";"Dom. de Fa Fleurie Roche Guillon";"2016";"288.9";"0.75";"385.2";"RÃ¸dvin";"Glass";"13";"2.9630768"
"Vinmonopolet";"10199601";"Leroux Nuits-Saint-Georges 1er Cru Boudots 2015";"Leroux Nuits-Saint-Georges 1er Cru Boudots";"2015";"952.9";"0.75";"1270.53";"RÃ¸dvin";"Glass";"13";"9.773334"
"Vinmonopolet";"10200401";"Malfy Gin Con Arancia";"Malfy Gin Con Arancia";"0";"469.9";"0.7";"671.29";"Gin";"Glass";"41";"1.6372823"
"Vinmonopolet";"10200501";"La CofradÃ­a Tequila Blanco";"La CofradÃ­a Tequila Blanco";"0";"489";"0.7";"698.57";"Fruit spirit";"Glass";"38";"1.8383459"
"Vinmonopolet";"10200601";"La CofradÃ­a Tequila Reposado";"La CofradÃ­a Tequila Reposado";"0";"525";"0.7";"750";"Fruit spirit";"Glass";"38";"1.9736842"
"Vinmonopolet";"10200701";"Amets Prosecco Extra Dry";"Amets Prosecco Extra Dry";"2017";"199";"0.75";"265.33";"Sparkling wine";"Glass";"11";"2.4121213"
"Vinmonopolet";"10200801";"Amets Prosecco Brut";"Amets Prosecco Brut";"2017";"199";"0.75";"265.33";"Sparkling wine";"Glass";"11";"2.4121213"
"Vinmonopolet";"10200902";"Six Degrees North Brevet Saison";"Six Degrees North Brevet Saison";"0";"49.9";"0.33";"151.21";"Saison farmhouse ale";"Glass";"6";"2.520202"
"Vinmonopolet";"10201001";"Paco Garcia Seis 2016";"Paco Garcia Seis";"2016";"185.6";"0.75";"247.47";"RÃ¸dvin";"Glass";"13.5";"1.8330865"
"Vinmonopolet";"10201101";"Paco Garcia Tempranillo Blanco 2017";"Paco Garcia Tempranillo Blanco";"2017";"171.1";"0.75";"228.13";"White wine";"Glass";"13";"1.7548718"
"Vinmonopolet";"10201201";"Pomodolce Barbera Marsen";"Pomodolce Barbera Marsen";"2010";"238.7";"0.75";"318.27";"RÃ¸dvin";"Glass";"15";"2.1217778"
"Vinmonopolet";"10201302";"Nomad Jet Lag Finger Lime IPA";"Nomad Jet Lag Finger Lime IPA";"0";"55.9";"0.33";"169.39";"India pale ale";"Glass";"6";"2.8232322"
"Vinmonopolet";"10201801";"Cruse Deming ValdiguiÃ© PÃ©tillant Naturel 2018";"Cruse Deming ValdiguiÃ© PÃ©tillant Naturel";"2018";"335";"0.75";"446.67";"Sparkling white wine";"Glass";"10.5";"4.2539682"
"Vinmonopolet";"10202401";"Lindemans Oude Kriek CuvÃ©e RenÃ©";"Lindemans Oude Kriek CuvÃ©e RenÃ©";"2019";"124.9";"0.75";"166.53";"SurÃ¸l";"Glass";"7";"2.3790476"
"Vinmonopolet";"10203001";"Burja Estate Bela White 2017";"Burja Estate Bela White";"2017";"263";"0.75";"350.67";"White wine";"Glass";"12.5";"2.8053334"
"Vinmonopolet";"10203901";"Cooper Burns Grenache 2017";"Cooper Burns Grenache";"2017";"151";"0.75";"201.33";"RÃ¸dvin";"Glass";"15";"1.3422222"
"Vinmonopolet";"10204001";"Guillaumette L'Authentique GÃ©nÃ©pi";"Guillaumette L'Authentique GÃ©nÃ©pi";"0";"477.4";"0.7";"682";"LikÃ¸r";"Glass";"40";"1.705"
"Vinmonopolet";"10204401";"Tribaut Instant Gourmand Sec";"Tribaut Instant Gourmand Sec";"0";"229.9";"0.75";"306.53";"Champagne, sec";"Glass";"12.5";"2.4522667"
"Vinmonopolet";"10204601";"Johan Vineyard Petillant Naturel Pinot Noir 2017";"Johan Vineyard Petillant Naturel Pinot Noir";"2017";"249";"0.75";"332";"Perlende vin, rosÃ©";"Glass";"12.3";"2.699187"
"Vinmonopolet";"10204702";"7 Fjell Dopamine Addictive Pale Ale";"7 Fjell Dopamine Addictive Pale Ale";"0";"39.9";"0.33";"114.85";"Pale ale";"Emballasje med pant";"5";"2.418182"
"Vinmonopolet";"10204801";"Pasji Rep Zelen 2017";"Pasji Rep Zelen";"2017";"129.7";"0.75";"172.93";"White wine";"Glass";"11.5";"1.5037681"
"Vinmonopolet";"10205001";"Planeta Etna Rosso 2018";"Planeta Etna Rosso";"2018";"225";"0.75";"300";"RÃ¸dvin";"Glass";"14";"2.142857"
"Vinmonopolet";"10205106";"De Bortoli Family Selection Gewurztraminer Riesling";"De Bortoli Family Selection Gewurztraminer Riesling";"2017";"399.9";"3";"133.3";"White wine";"Bag-in-box";"12";"1.1108333"
"Vinmonopolet";"10205601";"De Moncel Brut";"De Moncel Brut";"0";"262";"0.75";"349.33";"Champagne, brut";"Glass";"12.5";"2.7946668"
"Vinmonopolet";"10205802";"XantÃ© Sour";"XantÃ© Sour";"0";"144.9";"0.5";"289.8";"LikÃ¸r";"Glass";"15";"1.9319999"
"Vinmonopolet";"10205901";"Pascal Lambert Chinon Terrasses 2018";"Pascal Lambert Chinon Terrasses";"2018";"224";"0.75";"298.67";"RÃ¸dvin";"Glass";"13";"2.297436"
"Vinmonopolet";"10206202";"Eiker Nordic Gose";"Eiker Nordic Gose";"0";"33.5";"0.33";"101.52";"SurÃ¸l";"Glass";"7";"1.4502164"
"Vinmonopolet";"10206302";"Eiker BringebÃ¦r";"Eiker BringebÃ¦r";"0";"69.8";"0.33";"211.52";"Saison farmhouse ale";"Glass";"6";"3.5252526"
"Vinmonopolet";"10206401";"Nomad Outland Whisky";"Nomad Outland Whisky";"0";"559.9";"0.7";"799.86";"Whisky";"Glass";"41.3";"1.9367002"
"Vinmonopolet";"10206501";"Heresztyn-Mazzini Gevrey-Chambertin Les Songes 2014";"Heresztyn-Mazzini Gevrey-Chambertin Les Songes";"2014";"575";"0.75";"766.67";"RÃ¸dvin";"Glass";"13";"5.8974357"
"Vinmonopolet";"10206601";"Arnaud Lambert Bourgenne Saumur Blanc BrÃ©zÃ© 2015";"Arnaud Lambert Bourgenne Saumur Blanc BrÃ©zÃ©";"2015";"469.9";"0.75";"626.53";"White wine";"Glass";"13";"4.819487"
"Vinmonopolet";"10206801";"Ostertag Fronholz Vendange Tardive de Gewurztraminer 2015";"Ostertag Fronholz Vendange Tardive de Gewurztraminer";"2015";"332.8";"0.75";"443.73";"White wine";"Glass";"13.5";"3.2869134"
"Vinmonopolet";"10206901";"Girardin Volnay Premier Cru Les Santenots 2016";"Girardin Volnay Premier Cru Les Santenots";"2016";"582";"0.75";"776";"RÃ¸dvin";"Glass";"13.5";"5.748148"
"Vinmonopolet";"10207001";"Barrat-Masson Les Margannes Brut Nature";"Barrat-Masson Les Margannes Brut Nature";"0";"535";"0.75";"713.33";"Champagne extra brut";"Glass";"12";"5.9444447"
"Vinmonopolet";"10207101";"Valfaccenda Roero Arneis 2017";"Valfaccenda Roero Arneis";"2017";"258";"0.75";"344";"White wine";"Glass";"13";"2.646154"
"Vinmonopolet";"10207201";"Emrich-SchÃ¶nleber Halenberg Riesling GG 2016";"Emrich-SchÃ¶nleber Halenberg Riesling GG";"2016";"519.9";"0.75";"693.2";"White wine";"Glass";"12.5";"5.5456004"
"Vinmonopolet";"10207301";"Dr. BÃ¼rklin-Wolf Ruppertsberger Hoheburg PC 2016";"Dr. BÃ¼rklin-Wolf Ruppertsberger Hoheburg PC";"2016";"319.9";"0.75";"426.53";"White wine";"Glass";"12.5";"3.4122665"
"Vinmonopolet";"10207405";"Dr. BÃ¼rklin-Wolf Wachenheimer BÃ¶hlig PC 2016";"Dr. BÃ¼rklin-Wolf Wachenheimer BÃ¶hlig PC";"2016";"649.9";"1.5";"433.27";"White wine";"Glass";"13";"3.3328207"
"Vinmonopolet";"10207501";"Luigi Baudana Barolo Cerretta 2013";"Luigi Baudana Barolo Cerretta";"2013";"512.8";"0.75";"683.73";"RÃ¸dvin";"Glass";"14.5";"4.715402"
"Vinmonopolet";"10207601";"Pavelot Savigny-les-Beaune 2017";"Pavelot Savigny-les-Beaune";"2017";"332";"0.75";"442.67";"RÃ¸dvin";"Glass";"13";"3.4051282"
"Vinmonopolet";"10207701";"Terras Gauda La Mar 2017";"Terras Gauda La Mar";"2017";"334.1";"0.75";"445.47";"White wine";"Glass";"12.5";"3.5637333"
"Vinmonopolet";"10207801";"Leroux Meursault Les Vireuils 2018";"Leroux Meursault Les Vireuils";"2018";"598";"0.75";"797.33";"White wine";"Glass";"14";"5.695238"
"Vinmonopolet";"10207901";"Massolino Barbera d'Alba Gisep 2016";"Massolino Barbera d'Alba Gisep";"2016";"299";"0.75";"398.67";"RÃ¸dvin";"Glass";"14.5";"2.7494252"
"Vinmonopolet";"10208101";"SmÃ¥ Sure Twisted Sour Fruit";"SmÃ¥ Sure Twisted Sour Fruit";"0";"299.9";"1";"299.9";"LikÃ¸r";"Glass";"16.4";"1.8286586"
"Vinmonopolet";"10208201";"MokaÃ¯ Spritzer Premium Cider";"MokaÃ¯ Spritzer Premium Cider";"0";"99.8";"0.75";"133.07";"Flavoured wine	";"Glass";"6";"2.2177777"
"Vinmonopolet";"10208304";"Nohrlund Cocktails Passion & Vanilje";"Nohrlund Cocktails Passion & Vanilje";"0";"59.8";"0.2";"299";"Other spirit";"Glass";"8.5";"3.517647"
"Vinmonopolet";"10208501";"Carnaval Bobal-Tempranillo";"Carnaval Bobal-Tempranillo";"2014";"149.9";"0.75";"199.87";"RÃ¸dvin";"Glass";"13";"1.5374359"
"Vinmonopolet";"10208601";"Lucie ThiÃ©blemont CrÃ©mant de Bourgogne";"Lucie ThiÃ©blemont CrÃ©mant de Bourgogne";"0";"255";"0.75";"340";"Sparkling wine";"Glass";"12.5";"2.72"
"Vinmonopolet";"10208701";"Charly Nicolle Chablis Premier Cru Les Fourneaux";"Charly Nicolle Chablis Premier Cru Les Fourneaux";"2017";"325";"0.75";"433.33";"White wine";"Glass";"13";"3.3333333"
"Vinmonopolet";"10209801";"Kentucky Gentleman Straight Bourbon";"Kentucky Gentleman Straight Bourbon";"0";"354.9";"0.7";"507";"Whisky";"Glass";"40";"1.2675"
"Vinmonopolet";"10210102";"Baladin Nazionale Gluten Free";"Baladin Nazionale Gluten Free";"0";"54.9";"0.33";"166.36";"Light ale";"Glass";"6.5";"2.5594406"
"Vinmonopolet";"10210602";"Voss Bryggeri Oregonian";"Voss Bryggeri Oregonian";"0";"61.9";"0.33";"181.52";"Pale ale";"Emballasje med pant";"6";"3.1262627"
"Vinmonopolet";"10210801";"Bachey-Legros Chassagne-Montrachet 1er Cru Morgeot Les Petit Clos 2016";"Bachey-Legros Chassagne-Montrachet 1er Cru Morgeot Les Petit Clos";"2016";"650";"0.75";"866.67";"White wine";"Glass";"13.5";"6.419753"
"Vinmonopolet";"10210901";"Girard Sancerre Les Monts DamnÃ©s 2017";"Girard Sancerre Les Monts DamnÃ©s";"2017";"295";"0.75";"393.33";"White wine";"Glass";"12.5";"3.1466668"
"Vinmonopolet";"10211001";"Kientz GewÃ¼rztraminer 2016";"Kientz GewÃ¼rztraminer";"2016";"199.9";"0.75";"266.53";"White wine";"Glass";"13";"2.0502563"
"Vinmonopolet";"10211101";"Kientz Pinot Gris Deli K Tess 2015";"Kientz Pinot Gris Deli K Tess";"2015";"234.9";"0.75";"313.2";"White wine";"Glass";"13.5";"2.32"
"Vinmonopolet";"10211401";"Malfy Gin Orginale";"Malfy Gin Orginale";"0";"469.9";"0.7";"671.29";"Gin";"Glass";"41";"1.6372823"
"Vinmonopolet";"10211501";"Malfy Gin Rosa";"Malfy Gin Rosa";"0";"469.9";"0.7";"671.29";"Gin";"Glass";"41";"1.6372823"
"Vinmonopolet";"10211601";"Charly Nicolle Chablis Premier Cru Mont de Milieu";"Charly Nicolle Chablis Premier Cru Mont de Milieu";"2017";"325";"0.75";"433.33";"White wine";"Glass";"13";"3.3333333"
"Vinmonopolet";"10211701";"Dom. du Carrou Sancerre Rouge";"Dom. du Carrou Sancerre Rouge";"2016";"255";"0.75";"340";"RÃ¸dvin";"Glass";"13";"2.6153846"
"Vinmonopolet";"10211801";"Gaia 4-6h Agiorgitiko RosÃ©";"Gaia 4-6h Agiorgitiko RosÃ©";"2017";"179.9";"0.75";"239.87";"RosÃ©vin";"Glass";"12.5";"1.9189333"
"Vinmonopolet";"10211901";"Bitouzet-Prieur Bourgogne Chardonnay 2016";"Bitouzet-Prieur Bourgogne Chardonnay";"2016";"268.9";"0.75";"358.53";"White wine";"Glass";"12";"2.9877777"
"Vinmonopolet";"10212001";"Vocoret Chablis 1er Cru Les Vaillons Vieilles Vignes 2016";"Vocoret Chablis 1er Cru Les Vaillons Vieilles Vignes";"2016";"279.9";"0.75";"373.2";"White wine";"Glass";"13";"2.8707693"
"Vinmonopolet";"10212201";"Bitouzet-Prieur Meursault Premier Cru PerriÃ¨res 2015";"Bitouzet-Prieur Meursault Premier Cru PerriÃ¨res";"2015";"745";"0.75";"993.33";"White wine";"Glass";"13.5";"7.3580246"
"Vinmonopolet";"10214101";"Vincent CaillÃ© X Bulles Rose";"Vincent CaillÃ© X Bulles Rose";"0";"219.9";"0.75";"293.2";"Musserende vin, rosÃ©";"Glass";"11.5";"2.549565"
"Vinmonopolet";"10214201";"Thanisch Riesling Kabinett 2016";"Thanisch Riesling Kabinett";"2016";"209.9";"0.75";"279.87";"White wine";"Glass";"9.5";"2.9459648"
"Vinmonopolet";"10214302";"San Miguel Gluten Free";"San Miguel Gluten Free";"0";"34.9";"0.33";"105.76";"Light lager";"Glass";"5.4";"1.9584736"
"Vinmonopolet";"10214602";"Baigorri Crianza Tempranillo 2014";"Baigorri Crianza Tempranillo";"2014";"145.4";"0.5";"290.8";"RÃ¸dvin";"Glass";"14.5";"2.0055172"
"Vinmonopolet";"10214701";"The London NÂº1 Gin";"The London NÂº1 Gin";"0";"659.9";"0.7";"942.71";"Gin";"Glass";"47";"2.0057752"
"Vinmonopolet";"10214906";"Stone Valley White Zinfandel";"Stone Valley White Zinfandel";"2018";"414.9";"3";"138.3";"RosÃ©vin";"Bag-in-box";"11";"1.2572727"
"Vinmonopolet";"10215101";"Johan Vineyard Konkret Chardonnay 2016";"Johan Vineyard Konkret Chardonnay";"2016";"324";"0.75";"432";"White wine";"Glass";"13.2";"3.2727273"
"Vinmonopolet";"10215301";"Lambert Harmonie Chinon 2015";"Lambert Harmonie Chinon";"2015";"389";"0.75";"518.67";"RÃ¸dvin";"Glass";"13";"3.9897435"
"Vinmonopolet";"10215501";"Riveyrac Rivesaltes 1970";"Riveyrac Rivesaltes";"1970";"760";"0.75";"1013.33";"Fortified wine";"Glass";"16.5";"6.141414"
"Vinmonopolet";"10215701";"Francesco Cirelli Rosso 2017";"Francesco Cirelli Rosso";"2017";"169.9";"0.75";"226.53";"RÃ¸dvin";"Glass";"13";"1.7425641"
"Vinmonopolet";"10215801";"Monocolo White";"Monocolo White";"2019";"134.9";"0.75";"179.87";"White wine";"Glass";"12";"1.4988889"
"Vinmonopolet";"10215806";"Monocolo White";"Monocolo White";"2017";"463.9";"3";"154.63";"White wine";"Bag-in-box";"12";"1.288611"
"Vinmonopolet";"10215904";"Wixo Vini d'Italia Chardonnay";"Wixo Vini d'Italia Chardonnay";"0";"49.5";"0.19";"264.71";"White wine";"Plast";"10.5";"2.481203"
"Vinmonopolet";"10216004";"Wixo Vini d'Italia Sangiovese";"Wixo Vini d'Italia Sangiovese";"0";"49.5";"0.19";"264.71";"RÃ¸dvin";"Plast";"11";"2.368421"
"Vinmonopolet";"10216201";"Baron de Brane 2014";"Baron de Brane";"2014";"349.9";"0.75";"466.53";"RÃ¸dvin";"Glass";"13";"3.588718"
"Vinmonopolet";"10216301";"Baron de Brane 2004";"Baron de Brane";"2004";"539.9";"0.75";"719.87";"RÃ¸dvin";"Glass";"13";"5.537436"
"Vinmonopolet";"10216401";"Baron de Brane 2015";"Baron de Brane";"2015";"389.9";"0.75";"519.87";"RÃ¸dvin";"Glass";"14";"3.7133334"
"Vinmonopolet";"10216501";"Haldenkanalen Pinot Noir";"Haldenkanalen Pinot Noir";"2017";"155";"0.75";"206.67";"RÃ¸dvin";"Glass";"13";"1.5897436"
"Vinmonopolet";"10216601";"Haldenkanalen Chardonnay";"Haldenkanalen Chardonnay";"2017";"129.9";"0.75";"173.2";"White wine";"Glass";"13";"1.3323076"
"Vinmonopolet";"10216702";"Akevitt fra Gudbrandsdalen";"Akevitt fra Gudbrandsdalen";"0";"369";"0.5";"738";"Aquavit";"Glass";"40";"1.845"
"Vinmonopolet";"10216902";"Jeger Snaps";"Jeger Snaps";"0";"337.9";"0.5";"675.8";"Aquavit";"Plast";"40";"1.6895"
"Vinmonopolet";"10217301";"Massimo Rivetti Langhe Arneis Aurelia 2018";"Massimo Rivetti Langhe Arneis Aurelia";"2018";"215.9";"0.75";"287.87";"White wine";"Glass";"13";"2.2143588"
"Vinmonopolet";"10217602";"Warenghem Roof Rye Double Maturation French Whisky";"Warenghem Roof Rye Double Maturation French Whisky";"0";"555";"0.5";"1110";"Whisky";"Glass";"43";"2.5813954"
"Vinmonopolet";"10218701";"Colinas do Douro reserva 2017";"Colinas do Douro reserva";"2017";"169.9";"0.75";"226.53";"RÃ¸dvin";"Glass";"14.5";"1.5622988"
"Vinmonopolet";"10218901";"MoltÃ¨s Sagesse Tradition 2018";"MoltÃ¨s Sagesse Tradition";"2018";"147.8";"0.75";"197.07";"White wine";"Glass";"12.5";"1.5765333"
"Vinmonopolet";"10219301";"Dom. Belleville Rully 1er Cru RabourcÃ© 2016";"Dom. Belleville Rully 1er Cru RabourcÃ©";"2016";"379.9";"0.75";"506.53";"White wine";"Glass";"13.5";"3.7520988"
"Vinmonopolet";"10219401";"Casa Belfi Naturalmentefrizzante";"Casa Belfi Naturalmentefrizzante";"0";"189.9";"0.75";"253.2";"Sparkling white wine";"Glass";"10.5";"2.4114285"
"Vinmonopolet";"10219501";"Dom. Belleville Mercurey Les PerriÃ¨res 2016";"Dom. Belleville Mercurey Les PerriÃ¨res";"2016";"349.9";"0.75";"466.53";"RÃ¸dvin";"Glass";"13";"3.588718"
"Vinmonopolet";"10219801";"OMA Rosato 2018";"OMA Rosato";"2018";"179.9";"0.75";"239.87";"RosÃ©vin";"Glass";"13";"1.8451282"
"Vinmonopolet";"10219901";"OMA Roero Arneis 2018";"OMA Roero Arneis";"2018";"189.9";"0.75";"253.2";"White wine";"Glass";"13.5";"1.8755555"
"Vinmonopolet";"10220001";"Ca' di Rajo Treviso Prosecco Extra Dry";"Ca' di Rajo Treviso Prosecco Extra Dry";"2017";"149.9";"0.75";"199.87";"Sparkling wine";"Glass";"11";"1.8169696"
"Vinmonopolet";"10220101";"Planeta Eruzione 1614 Riesling 2016";"Planeta Eruzione  Riesling";"2016";"399.9";"0.75";"533.2";"White wine";"Glass";"12.5";"4.2655997"
"Vinmonopolet";"10220201";"Ca' di Rajo Treviso Prosecco Brut";"Ca' di Rajo Treviso Prosecco Brut";"2017";"149.9";"0.75";"199.87";"Sparkling wine";"Glass";"11";"1.8169696"
"Vinmonopolet";"10220701";"Nighthawk Chardonnay 2016";"Nighthawk Chardonnay";"2016";"340";"0.75";"453.33";"White wine";"Glass";"14";"3.2380953"
"Vinmonopolet";"10220801";"Chevrot Maranges Sur le ChÃªne";"Chevrot Maranges Sur le ChÃªne";"2015";"329.9";"0.75";"439.87";"RÃ¸dvin";"Glass";"12.5";"3.5189333"
"Vinmonopolet";"10221201";"Josmeyer Hengst Grand Cru Riesling 2014";"Josmeyer Hengst Grand Cru Riesling";"2014";"509.9";"0.75";"679.87";"White wine";"Glass";"13.5";"5.0360494"
"Vinmonopolet";"10221301";"Josmeyer Le Dragon Riesling 2015";"Josmeyer Le Dragon Riesling";"2015";"339.9";"0.75";"453.2";"White wine";"Glass";"13";"3.4861538"
"Vinmonopolet";"10221401";"Josmeyer Le Kottabe Riesling 2017";"Josmeyer Le Kottabe Riesling";"2017";"274.9";"0.75";"366.53";"White wine";"Glass";"12.5";"2.9322667"
"Vinmonopolet";"10221501";"Josmeyer Mise du Printemps Pinot Blanc 2018";"Josmeyer Mise du Printemps Pinot Blanc";"2018";"214.9";"0.75";"286.53";"White wine";"Glass";"12.5";"2.2922666"
"Vinmonopolet";"10221601";"Josmeyer Grand Cru Brand Riesling 2016";"Josmeyer Grand Cru Brand Riesling";"2016";"529.9";"0.75";"706.53";"White wine";"Glass";"12.5";"5.652267"
"Vinmonopolet";"10221701";"Josmeyer Un Certain Regard Pinot Gris 2016";"Josmeyer Un Certain Regard Pinot Gris";"2016";"356.9";"0.75";"475.87";"White wine";"Glass";"14";"3.3990476"
"Vinmonopolet";"10222001";"Wiston CuvÃ©e RosÃ© NV";"Wiston CuvÃ©e RosÃ© NV";"0";"359.9";"0.75";"479.87";"Musserende vin, rosÃ©";"Glass";"12";"3.9988887"
"Vinmonopolet";"10222107";"Altesino Brunello di Montalcino Montesoli";"Altesino Brunello di Montalcino Montesoli";"2013";"6196";"5";"1239.2";"RÃ¸dvin";"Glass";"14";"8.851429"
"Vinmonopolet";"10224302";"Aja Weizenbock";"Aja Weizenbock";"0";"49.7";"0.33";"150.61";"HveteÃ¸l";"Glass";"7.5";"2.0080807"
"Vinmonopolet";"10225101";"La Staffa Rincrocca Classico Riserva 2015";"La Staffa Rincrocca Classico Riserva";"2015";"288";"0.75";"384";"White wine";"Glass";"14";"2.7428572"
"Vinmonopolet";"10225201";"La Staffa Classico Superiore 2017";"La Staffa Classico Superiore";"2017";"233.4";"0.75";"311.2";"White wine";"Glass";"13";"2.393846"
"Vinmonopolet";"10225301";"KrÃ¡snÃ¡ hora Blanc de Noir Brut Nature 2018";"KrÃ¡snÃ¡ hora Blanc de Noir Brut Nature";"2018";"280";"0.75";"373.33";"Sparkling wine";"Glass";"12";"3.1111112"
"Vinmonopolet";"10225401";"La Staffa L'Aurora Rosato 2017";"La Staffa L'Aurora Rosato";"2017";"252.7";"0.75";"336.93";"RosÃ©vin";"Glass";"12.5";"2.6954665"
"Vinmonopolet";"10225601";"Herr Gewurtz 2019";"Herr Gewurtz";"2019";"245";"0.75";"326.67";"White wine";"Glass";"12";"2.7222223"
"Vinmonopolet";"10225901";"LÃ¸itens Akevisitt Aquavit";"LÃ¸itens Akevisitt Aquavit";"0";"499.9";"0.7";"714.14";"Aquavit";"Glass";"40";"1.7853571"
"Vinmonopolet";"10226001";"Bonelli Gutturnio Superiore 2016";"Bonelli Gutturnio Superiore";"2016";"219";"0.75";"292";"RÃ¸dvin";"Glass";"12.5";"2.336"
"Vinmonopolet";"10226101";"Bonelli Gutturnio Vino Frizzante 2018";"Bonelli Gutturnio Vino Frizzante";"2018";"195";"0.75";"260";"Perlende vin, rÃ¸d";"Glass";"12.5";"2.08"
"Vinmonopolet";"10226202";"Wild Beer Spirit of Pogo";"Wild Beer Spirit of Pogo";"0";"399.9";"0.35";"1142.57";"LikÃ¸r";"Glass";"42.5";"2.6884034"
"Vinmonopolet";"10226401";"Ch. la Foliette 2014";"Ch. la Foliette";"2014";"219.9";"0.75";"293.2";"White wine";"Glass";"12";"2.4433331"
"Vinmonopolet";"10226601";"Bonelli La Madre Terra Spumante Brut";"Bonelli La Madre Terra Spumante Brut";"0";"193";"0.75";"257.33";"Musserende vin, rosÃ©";"Glass";"12";"2.1444445"
"Vinmonopolet";"10226701";"Dom. de la Foliette Vieilles Vignes Clos de la Fontaine 2017";"Dom. de la Foliette Vieilles Vignes Clos de la Fontaine";"2017";"159.9";"0.75";"213.2";"White wine";"Glass";"12";"1.7766666"
"Vinmonopolet";"10226902";"Graff Lupulicious Pale Ale";"Graff Lupulicious Pale Ale";"0";"59.9";"0.33";"181.52";"Pale ale";"Glass";"5.5";"3.3002753"
"Vinmonopolet";"10227002";"Graff Red Head Red Ale";"Graff Red Head Red Ale";"0";"59.9";"0.33";"181.52";"Red/amber";"Glass";"6";"3.0252526"
"Vinmonopolet";"10227102";"Graff Dead Cat Double IPA";"Graff Dead Cat Double IPA";"0";"69.9";"0.33";"211.82";"India pale ale";"Glass";"7.5";"2.8242424"
"Vinmonopolet";"10227201";"Dom. les CarrÃ©oles Diaclase 2016";"Dom. les CarrÃ©oles Diaclase";"2016";"289.6";"0.75";"386.13";"RÃ¸dvin";"Glass";"13";"2.9702566"
"Vinmonopolet";"10227601";"AverÃ¦n Wilamette Pinot Noir Oregon 2017";"AverÃ¦n Wilamette Pinot Noir Oregon";"2017";"289.9";"0.75";"386.53";"RÃ¸dvin";"Glass";"14";"2.7609522"
"Vinmonopolet";"10227801";"Terras de LantaÃ±o AlbariÃ±o 2017";"Terras de LantaÃ±o AlbariÃ±o";"2017";"240";"0.75";"320";"White wine";"Glass";"13";"2.4615386"
"Vinmonopolet";"10227901";"Kaapzicht Kliprug Chenin Blanc";"Kaapzicht Kliprug Chenin Blanc";"2016";"244.8";"0.75";"326.4";"White wine";"Glass";"13.5";"2.4177778"
"Vinmonopolet";"10228201";"Ch. Moulins de Citran 2006";"Ch. Moulins de Citran";"2006";"269.9";"0.75";"359.87";"RÃ¸dvin";"Glass";"13";"2.7682052"
"Vinmonopolet";"10228301";"MÃ¼ller-Catoir M-C Riesling 2018";"MÃ¼ller-Catoir M-C Riesling";"2018";"184.9";"0.75";"246.53";"White wine";"Glass";"12.5";"1.9722666"
"Vinmonopolet";"10228401";"MÃ¼ller-Catoir Herrenletten Riesling Erste Lage 2018";"MÃ¼ller-Catoir Herrenletten Riesling Erste Lage";"2018";"369.7";"0.75";"492.93";"White wine";"Glass";"13";"3.791795"
"Vinmonopolet";"10228501";"MÃ¼ller-Catoir BÃ¼rgergarten Im Breumel Riesling GG 2018";"MÃ¼ller-Catoir BÃ¼rgergarten Im Breumel Riesling GG";"2018";"439.7";"0.75";"586.27";"White wine";"Glass";"13";"4.5097437"
"Vinmonopolet";"10228601";"MÃ¼ller-Catoir Haardt Riesling 2018";"MÃ¼ller-Catoir Haardt Riesling";"2018";"239.7";"0.75";"319.6";"White wine";"Glass";"12.5";"2.5568"
"Vinmonopolet";"10228701";"Nicolas Gonin Brut ZÃ©ro 2016";"Nicolas Gonin Brut ZÃ©ro";"2016";"279";"0.75";"372";"Sparkling wine";"Glass";"12.5";"2.976"
"Vinmonopolet";"10228801";"Onward Wines Malvasia Bianca Capp Inn Ranch 2016";"Onward Wines Malvasia Bianca Capp Inn Ranch";"2016";"299";"0.75";"398.67";"White wine";"Glass";"12.6";"3.164021"
"Vinmonopolet";"10228901";"Onward Wines Zinfandel Knox Vineyard 2016";"Onward Wines Zinfandel Knox Vineyard";"2016";"434";"0.75";"578.67";"RÃ¸dvin";"Glass";"11.4";"5.0760236"
"Vinmonopolet";"10229001";"Antinori Castello della Sala Pinot Nero";"Antinori Castello della Sala Pinot Nero";"2016";"449";"0.75";"598.67";"RÃ¸dvin";"Glass";"14";"4.2761903"
"Vinmonopolet";"10229301";"Pampelle Ruby L'ApÃ©ro";"Pampelle Ruby L'ApÃ©ro";"0";"244";"0.7";"348.57";"Other spirit";"Glass";"15";"2.3238096"
"Vinmonopolet";"10229402";"Austmann Georgia Peach";"Austmann Georgia Peach";"0";"46.9";"0.33";"142.12";"SurÃ¸l";"Glass";"5.1";"2.7866905"
"Vinmonopolet";"10229501";"King's Bay Sauvignon Blanc";"King's Bay Sauvignon Blanc";"2019";"159.9";"0.75";"213.2";"White wine";"Glass";"13";"1.64"
"Vinmonopolet";"10229701";"Langmann Pet Nat 2016";"Langmann Pet Nat";"2016";"229.8";"0.75";"306.4";"Sparkling white wine";"Glass";"11.5";"2.664348"
"Vinmonopolet";"10229801";"Grande Vadio Tinto 2013";"Grande Vadio Tinto";"2013";"299.4";"0.75";"399.2";"RÃ¸dvin";"Glass";"13";"3.070769"
"Vinmonopolet";"10230001";"Cave de Tain Crozes-Hermitage Grand Classique Blanc 2017";"Cave de Tain Crozes-Hermitage Grand Classique Blanc";"2017";"179.6";"0.75";"239.47";"White wine";"Glass";"13";"1.8420514"
"Vinmonopolet";"10230202";"Klokk & Co Classic Stuff";"Klokk & Co Classic Stuff";"2018";"41.9";"0.33";"120.91";"India pale ale";"Emballasje med pant";"7.5";"1.6929293"
"Vinmonopolet";"10230302";"Klokk & Co Juicy Stuff";"Klokk & Co Juicy Stuff";"0";"51.9";"0.33";"151.21";"India pale ale";"Emballasje med pant";"6.5";"2.4195805"
"Vinmonopolet";"10230401";"Bosford Rose";"Bosford Rose";"0";"352.9";"0.7";"504.14";"Other spirit";"Glass";"37.5";"1.344381"
"Vinmonopolet";"10230501";"BK Wines Skin n Bones White 2017";"BK Wines Skin n Bones White";"2017";"249.9";"0.75";"333.2";"White wine";"Glass";"11.5";"2.8973913"
"Vinmonopolet";"10230601";"Maximin GrÃ¼nhaus Monopol Riesling 2018";"Maximin GrÃ¼nhaus Monopol Riesling";"2018";"219.9";"0.75";"293.2";"White wine";"Glass";"12";"2.4433331"
"Vinmonopolet";"10230701";"Maximin GrÃ¼nhaus Riesling Alte Reben 2017";"Maximin GrÃ¼nhaus Riesling Alte Reben";"2017";"269.9";"0.75";"359.87";"White wine";"Glass";"11.5";"3.1292753"
"Vinmonopolet";"10230801";"Maximin GrÃ¼nhaus Bruderberg Kabinett Riesling 2019";"Maximin GrÃ¼nhaus Bruderberg Kabinett Riesling";"2019";"249.9";"0.75";"333.2";"White wine";"Glass";"7.5";"4.4426665"
"Vinmonopolet";"10231301";"AutrÃ©au de Champillon Premier Cru Brut";"AutrÃ©au de Champillon Premier Cru Brut";"0";"349.9";"0.75";"466.53";"Champagne, brut";"Glass";"12.5";"3.7322667"
"Vinmonopolet";"10231401";"AutrÃ©au de Champillon Prestige Les Perles de la Dhuy Grand Cru Brut 2012";"AutrÃ©au de Champillon Prestige Les Perles de la Dhuy Grand Cru Brut";"2012";"539.9";"0.75";"719.87";"Champagne, brut";"Glass";"12.5";"5.7589335"
"Vinmonopolet";"10231501";"AutrÃ©au de Champillon Premier Cru RosÃ© Brut";"AutrÃ©au de Champillon Premier Cru RosÃ© Brut";"0";"369.9";"0.75";"493.2";"Champagne, rosÃ©";"Glass";"12.5";"3.9456"
"Vinmonopolet";"10231601";"AutrÃ©au de Champillon Grand Cru RÃ©serve Brut 2013";"AutrÃ©au de Champillon Grand Cru RÃ©serve Brut";"2013";"409.9";"0.75";"546.53";"Champagne, brut";"Glass";"12.5";"4.372267"
"Vinmonopolet";"10231701";"AutrÃ©au de Champillon Grand Cru Blanc de Blancs Brut";"AutrÃ©au de Champillon Grand Cru Blanc de Blancs Brut";"0";"359.8";"0.75";"479.73";"Champagne, brut";"Glass";"12.5";"3.8378665"
"Vinmonopolet";"10231801";"AutrÃ©au de Champillon Grand Cru Reserve Brut";"AutrÃ©au de Champillon Grand Cru Reserve Brut";"0";"394.9";"0.75";"526.53";"Champagne, brut";"Glass";"12.5";"4.2122664"
"Vinmonopolet";"10231901";"AutrÃ©au de Champillon Cuvee 1670 Grand Cru 2012";"AutrÃ©au de Champillon Cuvee  Grand Cru";"2012";"639.9";"0.75";"853.2";"Champagne, brut";"Glass";"12.5";"6.8256"
"Vinmonopolet";"10232001";"AutrÃ©au de Champillon Extra-Brut";"AutrÃ©au de Champillon Extra-Brut";"0";"359.9";"0.75";"479.87";"Champagne extra brut";"Glass";"12.5";"3.8389332"
"Vinmonopolet";"10232701";"Sobrero Barolo";"Sobrero Barolo";"2013";"380.5";"0.75";"507.33";"RÃ¸dvin";"Glass";"14";"3.6238096"
"Vinmonopolet";"10232801";"Sobrero Langhe";"Sobrero Langhe";"2014";"270.9";"0.75";"361.2";"RÃ¸dvin";"Glass";"13.5";"2.6755555"
"Vinmonopolet";"10232901";"Sobrero Barbera d'Alba 2017";"Sobrero Barbera d'Alba";"2017";"233.7";"0.75";"311.6";"RÃ¸dvin";"Glass";"14";"2.2257142"
"Vinmonopolet";"10233001";"Sobrero Barbaresco 2013";"Sobrero Barbaresco";"2013";"351.2";"0.75";"468.27";"RÃ¸dvin";"Glass";"14";"3.344762"
"Vinmonopolet";"10233101";"Le Fonti Rosato 2018";"Le Fonti Rosato";"2018";"225.2";"0.75";"300.27";"RosÃ©vin";"Glass";"13.5";"2.2241974"
"Vinmonopolet";"10233201";"Le Fonti La Lepre 2016";"Le Fonti La Lepre";"2016";"229.3";"0.75";"305.73";"RÃ¸dvin";"Glass";"14";"2.1838095"
"Vinmonopolet";"10233301";"La Mundial Frizzante";"La Mundial Frizzante";"0";"119.9";"0.75";"159.87";"Flavoured wine	";"Glass";"7";"2.2838097"
"Vinmonopolet";"10233501";"Le Fonti Chianti Classico 2015";"Le Fonti Chianti Classico";"2015";"292.2";"0.75";"389.6";"RÃ¸dvin";"Glass";"14.5";"2.6868966"
"Vinmonopolet";"10233601";"Le Fonti Chianti Classico Riserva 2013";"Le Fonti Chianti Classico Riserva";"2013";"406.9";"0.75";"542.53";"RÃ¸dvin";"Glass";"13.5";"4.0187654"
"Vinmonopolet";"10233801";"Istine Chianti Classico 2016";"Istine Chianti Classico";"2016";"312.2";"0.75";"416.27";"RÃ¸dvin";"Glass";"13.5";"3.083457"
"Vinmonopolet";"10234302";"InderÃ¸y Brenneri Den Gyldne Aquavit";"InderÃ¸y Brenneri Den Gyldne Aquavit";"0";"410.6";"0.5";"821.2";"Aquavit";"Glass";"38";"2.1610527"
"Vinmonopolet";"10234506";"D'Ãgly Blend #2 Cotes Catalanes";"D'Ãgly Blend #2 Cotes Catalanes";"2017";"379.9";"3";"126.63";"RÃ¸dvin";"Bag-in-box";"13";"0.97410256"
"Vinmonopolet";"10234701";"Cascina Montagnola Dunin 2016";"Cascina Montagnola Dunin";"2016";"247";"0.75";"329.33";"White wine";"Glass";"15";"2.1955554"
"Vinmonopolet";"10234901";"Dom. de Chevalier 2014";"Dom. de Chevalier";"2014";"594.9";"0.75";"793.2";"RÃ¸dvin";"Glass";"13.5";"5.875556"
"Vinmonopolet";"10235708";"FlÃ¼gel (10x2cl)";"FlÃ¼gel (10x2cl)";"0";"199.8";"0.2";"999";"Other spirit";"Ãvrig";"10";"9.99"
"Vinmonopolet";"10236901";"SchÃ¤tzel Reinweiss Riesling 2018";"SchÃ¤tzel Reinweiss Riesling";"2018";"162.9";"0.75";"217.2";"White wine";"Glass";"11";"1.9745454"
"Vinmonopolet";"10237404";"BlÃ» Secco Frizzante Peach";"BlÃ» Secco Frizzante Peach";"0";"46.8";"0.2";"234";"Flavoured wine	";"Metall";"6.7";"3.4925373"
"Vinmonopolet";"10237701";"Crystallum Cuvee Cinema Pinot Noir";"Crystallum Cuvee Cinema Pinot Noir";"2018";"419.9";"0.75";"559.87";"RÃ¸dvin";"Glass";"14";"3.9990475"
"Vinmonopolet";"10237801";"Weinert Tonel Unico Cabernet Franc";"Weinert Tonel Unico Cabernet Franc";"2013";"319.8";"0.75";"426.4";"RÃ¸dvin";"Glass";"15.5";"2.7509677"
"Vinmonopolet";"10237901";"Lisa Bunn Oelberg Riesling 2014";"Lisa Bunn Oelberg Riesling";"2014";"348.3";"0.75";"464.4";"White wine";"Glass";"13";"3.5723076"
"Vinmonopolet";"10238102";"Haandbryggeriet Hop Tweak 2 The Dankening";"Haandbryggeriet Hop Tweak 2 The Dankening";"0";"74.7";"0.33";"226.36";"India pale ale";"Glass";"8.4";"2.6948051"
"Vinmonopolet";"10238901";"Famiglia Berta Livroje Dolcetto d'Asti 2016";"Famiglia Berta Livroje Dolcetto d'Asti";"2016";"139.9";"0.75";"186.53";"RÃ¸dvin";"Glass";"13";"1.4348717"
"Vinmonopolet";"10239701";"Famiglia Berta Proposta Cortese Alto Monferrato 2017";"Famiglia Berta Proposta Cortese Alto Monferrato";"2017";"129.9";"0.75";"173.2";"White wine";"Glass";"13";"1.3323076"
"Vinmonopolet";"10240001";"Thorne & Daughters CatÂ´s Cradle";"Thorne & Daughters CatÂ´s Cradle";"2017";"349.9";"0.75";"466.53";"White wine";"Glass";"13";"3.588718"
"Vinmonopolet";"10240801";"VetrÃ¨re Kemelios Rosso 2015";"VetrÃ¨re Kemelios Rosso";"2015";"244.8";"0.75";"326.4";"RÃ¸dvin";"Glass";"15";"2.176"
"Vinmonopolet";"10241001";"Lucy Margaux Merlot";"Lucy Margaux Merlot";"2019";"319.9";"0.75";"426.53";"RÃ¸dvin";"Glass";"12.5";"3.4122665"
"Vinmonopolet";"10241201";"Lucy Margaux Deans Pinot";"Lucy Margaux Deans Pinot";"2017";"419.9";"0.75";"559.87";"RÃ¸dvin";"Glass";"13.5";"4.1471605"
"Vinmonopolet";"10241301";"Nudo Roero Arneis Malvira 2017";"Nudo Roero Arneis Malvira";"2017";"209.9";"0.75";"279.87";"White wine";"Glass";"13.5";"2.0730863"
"Vinmonopolet";"10241501";"Guastaferro Memini Irpinia Aglianico 2014";"Guastaferro Memini Irpinia Aglianico";"2014";"369.9";"0.75";"493.2";"RÃ¸dvin";"Glass";"14";"3.5228572"
"Vinmonopolet";"10242701";"Lyngrove Collection Chenin Blanc";"Lyngrove Collection Chenin Blanc";"2018";"149.9";"0.75";"199.87";"White wine";"Glass";"12.5";"1.5989332"
"Vinmonopolet";"10242801";"Astobiza 2018";"Astobiza";"2018";"215";"0.75";"286.67";"White wine";"Glass";"12.5";"2.2933333"
"Vinmonopolet";"10242901";"Malkoa 2015";"Malkoa";"2015";"429.9";"0.75";"573.2";"White wine";"Glass";"12.5";"4.5856"
"Vinmonopolet";"10243705";"Chavet Menetou-Salon Blanc 2017";"Chavet Menetou-Salon Blanc";"2017";"489.9";"1.5";"326.6";"White wine";"Glass";"13";"2.5123076"
"Vinmonopolet";"10243801";"Chavet Menetou-Salon Rouge 2018";"Chavet Menetou-Salon Rouge";"2018";"239.5";"0.75";"319.33";"RÃ¸dvin";"Glass";"14";"2.2809525"
"Vinmonopolet";"10243905";"Chavet Menetou-Salon Rouge 2018";"Chavet Menetou-Salon Rouge";"2018";"493";"1.5";"328.67";"RÃ¸dvin";"Glass";"14";"2.347619"
"Vinmonopolet";"10244001";"Chavet Menetou-Salon RosÃ© 2018";"Chavet Menetou-Salon RosÃ©";"2018";"244.9";"0.75";"326.53";"RosÃ©vin";"Glass";"15";"2.176889"
"Vinmonopolet";"10244101";"Chavet Menetou-Salon CuvÃ©e Exception Blanc 2017";"Chavet Menetou-Salon CuvÃ©e Exception Blanc";"2017";"269.9";"0.75";"359.87";"White wine";"Glass";"13";"2.7682052"
"Vinmonopolet";"10244201";"Chavet Menetou-Salon CuvÃ©e Exception Rouge 2015";"Chavet Menetou-Salon CuvÃ©e Exception Rouge";"2015";"269.9";"0.75";"359.87";"RÃ¸dvin";"Glass";"13";"2.7682052"
"Vinmonopolet";"10244301";"Dom. AgapÃ© Expression Riesling 2016";"Dom. AgapÃ© Expression Riesling";"2016";"199.9";"0.75";"266.53";"White wine";"Glass";"13";"2.0502563"
"Vinmonopolet";"10244901";"Ch. Castagnac RosÃ© 2018";"Ch. Castagnac RosÃ©";"2018";"169.9";"0.75";"226.53";"RosÃ©vin";"Glass";"12.5";"1.8122666"
"Vinmonopolet";"10245001";"Ch. Castagnac Tradition SupÃ©rieur 2015";"Ch. Castagnac Tradition SupÃ©rieur";"2015";"179.9";"0.75";"239.87";"RÃ¸dvin";"Glass";"13";"1.8451282"
"Vinmonopolet";"10245101";"Ch. Castagnac Fronsac 2014";"Ch. Castagnac Fronsac";"2014";"199.9";"0.75";"266.53";"RÃ¸dvin";"Glass";"13";"2.0502563"
"Vinmonopolet";"10245201";"Ch. Castagnac Bordeaux 2016";"Ch. Castagnac Bordeaux";"2016";"169.9";"0.75";"226.53";"RÃ¸dvin";"Glass";"13";"1.7425641"
"Vinmonopolet";"10245301";"Ch. Castagnac Prestige 2014";"Ch. Castagnac Prestige";"2014";"199.9";"0.75";"266.53";"RÃ¸dvin";"Glass";"13";"2.0502563"
"Vinmonopolet";"10245401";"Valdrinal Entrega Roble 2016";"Valdrinal Entrega Roble";"2016";"159.9";"0.75";"213.2";"RÃ¸dvin";"Glass";"13.5";"1.5792592"
"Vinmonopolet";"10245501";"Valdrinal TradiciÃ³n Crianza 2014";"Valdrinal TradiciÃ³n Crianza";"2014";"209.9";"0.75";"279.87";"RÃ¸dvin";"Glass";"13.5";"2.0730863"
"Vinmonopolet";"10245601";"Valdrinal Santamaria 2017";"Valdrinal Santamaria";"2017";"139.9";"0.75";"186.53";"White wine";"Glass";"13";"1.4348717"
"Vinmonopolet";"10245801";"Valdrinal QuinQ 2014";"Valdrinal QuinQ";"2014";"289.9";"0.75";"386.53";"RÃ¸dvin";"Glass";"14.5";"2.6657472"
"Vinmonopolet";"10247901";"Les HÃ©ritiers Saint-Genys Hautes-CÃ´tes de Beaune Blanc 2016";"Les HÃ©ritiers Saint-Genys Hautes-CÃ´tes de Beaune Blanc";"2016";"279.9";"0.75";"373.2";"White wine";"Glass";"13";"2.8707693"
"Vinmonopolet";"10247905";"Les HÃ©ritiers Saint-Genys Hautes-CÃ´tes de Beaune Blanc 2014";"Les HÃ©ritiers Saint-Genys Hautes-CÃ´tes de Beaune Blanc";"2014";"589.9";"1.5";"393.27";"White wine";"Glass";"13";"3.0251284"
"Vinmonopolet";"10248001";"Les HÃ©ritiers Saint-Genys Hautes-CÃ´tes de Beaune Rouge 2016";"Les HÃ©ritiers Saint-Genys Hautes-CÃ´tes de Beaune Rouge";"2016";"259.9";"0.75";"346.53";"RÃ¸dvin";"Glass";"12.5";"2.7722666"
"Vinmonopolet";"10248101";"Les HÃ©ritiers Saint-Genys Santenay Blanc 2014";"Les HÃ©ritiers Saint-Genys Santenay Blanc";"2014";"379.9";"0.75";"506.53";"White wine";"Glass";"13";"3.8964102"
"Vinmonopolet";"10248105";"Les HÃ©ritiers Saint-Genys Santenay Blanc 2014";"Les HÃ©ritiers Saint-Genys Santenay Blanc";"2014";"764.9";"1.5";"509.93";"White wine";"Glass";"13";"3.9225643"
"Vinmonopolet";"10248201";"Les HÃ©ritiers Saint-Genys Mercurey 1er Cru Clos Marcilly Blanc 2015";"Les HÃ©ritiers Saint-Genys Mercurey 1er Cru Clos Marcilly Blanc";"2015";"449.9";"0.75";"599.87";"White wine";"Glass";"13";"4.614359"
"Vinmonopolet";"10248301";"Les HÃ©ritiers Saint-Genys Chassagne-Montrachet 1er Cru Clos Saint-Jean 2016";"Les HÃ©ritiers Saint-Genys Chassagne-Montrachet 1er Cru Clos Saint-Jean";"2016";"749.9";"0.75";"999.87";"White wine";"Glass";"13";"7.6912823"
"Vinmonopolet";"10248401";"Les HÃ©ritiers Saint-Genys Santenay Rouge 2015";"Les HÃ©ritiers Saint-Genys Santenay Rouge";"2015";"359.9";"0.75";"479.87";"RÃ¸dvin";"Glass";"12.5";"3.8389332"
"Vinmonopolet";"10248405";"Les HÃ©ritiers Saint-Genys Santenay Rouge 2015";"Les HÃ©ritiers Saint-Genys Santenay Rouge";"2015";"734.9";"1.5";"489.93";"RÃ¸dvin";"Glass";"12.5";"3.9194667"
"Vinmonopolet";"10248501";"Les HÃ©ritiers Saint-Genys Mercurey 1er Cru Clos Marcilly Rouge 2015";"Les HÃ©ritiers Saint-Genys Mercurey 1er Cru Clos Marcilly Rouge";"2015";"449.9";"0.75";"599.87";"RÃ¸dvin";"Glass";"13";"4.614359"
"Vinmonopolet";"10248505";"Les HÃ©ritiers Saint-Genys Mercurey 1er Cru Clos Marcilly Rouge 2015";"Les HÃ©ritiers Saint-Genys Mercurey 1er Cru Clos Marcilly Rouge";"2015";"829.9";"1.5";"553.27";"RÃ¸dvin";"Glass";"13";"4.2558975"
"Vinmonopolet";"10248601";"Les HÃ©ritiers Saint-Genys Santenay 1er Cru La MaladiÃ¨re Rouge 2015";"Les HÃ©ritiers Saint-Genys Santenay 1er Cru La MaladiÃ¨re Rouge";"2015";"439.9";"0.75";"586.53";"RÃ¸dvin";"Glass";"13";"4.511795"
"Vinmonopolet";"10248605";"Les HÃ©ritiers Saint-Genys Santenay 1er Cru La MaladiÃ¨re Rouge 2015";"Les HÃ©ritiers Saint-Genys Santenay 1er Cru La MaladiÃ¨re Rouge";"2015";"899.9";"1.5";"599.93";"RÃ¸dvin";"Glass";"13";"4.614872"
"Vinmonopolet";"10248701";"VetrÃ¨re Laureato Bianco 2017";"VetrÃ¨re Laureato Bianco";"2017";"139.9";"0.75";"186.53";"White wine";"Glass";"14.5";"1.2864367"
"Vinmonopolet";"10249101";"Cant. del Castello Pressoni Soave Classico 2016";"Cant. del Castello Pressoni Soave Classico";"2016";"139.9";"0.75";"186.53";"White wine";"Glass";"13.5";"1.3817283"
"Vinmonopolet";"10249201";"Cant. del Castello Carniga Soave Classico 2014";"Cant. del Castello Carniga Soave Classico";"2014";"169.9";"0.75";"226.53";"White wine";"Glass";"13.5";"1.6780246"
"Vinmonopolet";"10249401";"Cant. del Castello Soave Classico Brut";"Cant. del Castello Soave Classico Brut";"0";"129.9";"0.75";"173.2";"Sparkling wine";"Glass";"12.5";"1.3856"
"Vinmonopolet";"10249501";"Be Bike Garnacha";"Be Bike Garnacha";"2017";"135";"0.75";"180";"RÃ¸dvin";"Glass";"13";"1.3846154"
"Vinmonopolet";"10249601";"Be Bike Tempranillo";"Be Bike Tempranillo";"2017";"135";"0.75";"180";"RÃ¸dvin";"Glass";"13";"1.3846154"
"Vinmonopolet";"10254901";"Der Wilde Weissburgunder Trocken 2018";"Der Wilde Weissburgunder Trocken";"2018";"219.9";"0.75";"293.2";"White wine";"Glass";"12";"2.4433331"
"Vinmonopolet";"10255001";"Der Wilde Silvaner Trocken 2018";"Der Wilde Silvaner Trocken";"2018";"199.9";"0.75";"266.53";"White wine";"Glass";"11.5";"2.317681"
"Vinmonopolet";"10255401";"Laurent Perrachon Saint Amour La Gagere 2017";"Laurent Perrachon Saint Amour La Gagere";"2017";"249.9";"0.75";"333.2";"RÃ¸dvin";"Glass";"13";"2.563077"
"Vinmonopolet";"10255501";"Laurent Perrachon Fleurie Vieilles Vignes 2017";"Laurent Perrachon Fleurie Vieilles Vignes";"2017";"259.9";"0.75";"346.53";"RÃ¸dvin";"Glass";"13";"2.665641"
"Vinmonopolet";"10255601";"Laurent Perrachon Julienas Les Vignes Centenaires";"Laurent Perrachon Julienas Les Vignes Centenaires";"2016";"299.9";"0.75";"399.87";"RÃ¸dvin";"Glass";"13";"3.0758975"
"Vinmonopolet";"10255701";"Laurent Perrachon Morgon Cote du py";"Laurent Perrachon Morgon Cote du py";"2016";"274.9";"0.75";"366.53";"RÃ¸dvin";"Glass";"13";"2.819487"
"Vinmonopolet";"10255801";"Gledelig Jul Grenache Syrah";"Gledelig Jul Grenache Syrah";"2018";"109.9";"0.75";"146.53";"RÃ¸dvin";"Glass";"13";"1.1271795"
"Vinmonopolet";"10255901";"Feliciana Grifo RosÃ© Brut";"Feliciana Grifo RosÃ© Brut";"2017";"169.5";"0.75";"226";"Musserende vin, rosÃ©";"Glass";"13";"1.7384615"
"Vinmonopolet";"10256101";"Alma Fria DoÃ±a Margarita Vineyard Pinot Noir";"Alma Fria DoÃ±a Margarita Vineyard Pinot Noir";"2014";"750";"0.75";"1000";"RÃ¸dvin";"Glass";"13.2";"7.5757575"
"Vinmonopolet";"10256201";"Alma Fria Plural Sonoma Cost Pinot Noir";"Alma Fria Plural Sonoma Cost Pinot Noir";"2015";"529.9";"0.75";"706.53";"RÃ¸dvin";"Glass";"13.2";"5.3525257"
"Vinmonopolet";"10256301";"Alma Fria Campbell Ranch Chardonnay";"Alma Fria Campbell Ranch Chardonnay";"2015";"699.9";"0.75";"933.2";"White wine";"Glass";"13.3";"7.0165415"
"Vinmonopolet";"10256401";"Alma Fria Plural Sonoma Cost Chardonnay";"Alma Fria Plural Sonoma Cost Chardonnay";"2015";"545";"0.75";"726.67";"White wine";"Glass";"13.4";"5.422886"
"Vinmonopolet";"10256701";"Brick House Cascadia Chardonnay";"Brick House Cascadia Chardonnay";"2014";"550";"0.75";"733.33";"White wine";"Glass";"13.7";"5.352798"
"Vinmonopolet";"10256801";"Brick House Gamay Noir";"Brick House Gamay Noir";"2016";"430";"0.75";"573.33";"RÃ¸dvin";"Glass";"13.5";"4.2469134"
"Vinmonopolet";"10256901";"Brick House Cuvee du Tonnelier Pinot Noir";"Brick House Cuvee du Tonnelier Pinot Noir";"2015";"615";"0.75";"820";"RÃ¸dvin";"Glass";"13.5";"6.0740743"
"Vinmonopolet";"10257001";"Lignum Vitis Frappato Shiraz";"Lignum Vitis Frappato Shiraz";"2018";"174.9";"0.75";"233.2";"RÃ¸dvin";"Glass";"14.5";"1.6082758"
"Vinmonopolet";"10257101";"Amodo Provincia de Pavia Pinot Noir";"Amodo Provincia de Pavia Pinot Noir";"2018";"127.3";"0.75";"169.73";"RÃ¸dvin";"Glass";"12.5";"1.3578666"
"Vinmonopolet";"10257201";"Loxarel 790 PE-CATS";"Loxarel 790 PE-CATS";"2015";"299.9";"0.75";"399.87";"RÃ¸dvin";"Glass";"15.5";"2.5797849"
"Vinmonopolet";"10257301";"Marjan Simcic Pinot Grigio 2017";"Marjan Simcic Pinot Grigio";"2017";"259.9";"0.75";"346.53";"White wine";"Glass";"13.5";"2.5669136"
"Vinmonopolet";"10257401";"Pichler Gruner Veltliner Federspiel Ried Klostersatz 2016";"Pichler Gruner Veltliner Federspiel Ried Klostersatz";"2016";"299.9";"0.75";"399.87";"White wine";"Glass";"12.5";"3.1989334"
"Vinmonopolet";"10257505";"Grevinnen & Hovmesteren RÃ¸dvin 2016";"Grevinnen & Hovmesteren RÃ¸dvin";"2016";"299.9";"1.5";"199.93";"RÃ¸dvin";"Glass";"13";"1.5379487"
"Vinmonopolet";"10257601";"Loxarel Gaia 2017";"Loxarel Gaia";"2017";"219.9";"0.75";"293.2";"White wine";"Glass";"13";"2.2553844"
"Vinmonopolet";"10257701";"Spagnol Col Fondo";"Spagnol Col Fondo";"0";"191.5";"0.75";"255.33";"Sparkling wine";"Glass";"11";"2.321212"
"Vinmonopolet";"10258902";"Ingator Doppelbock";"Ingator Doppelbock";"0";"54.9";"0.33";"166.36";"MÃ¸rk lager";"Glass";"7.5";"2.2181818"
"Vinmonopolet";"10259001";"Beaujolais Villages";"Beaujolais Villages";"2016";"259.9";"0.75";"346.53";"RÃ¸dvin";"Glass";"12.5";"2.7722666"
"Vinmonopolet";"10259101";"Citation Oregon Pinot Noir";"Citation Oregon Pinot Noir";"2005";"669.9";"0.75";"893.2";"RÃ¸dvin";"Glass";"13.9";"6.4258995"
"Vinmonopolet";"10259201";"Three Finger Jack Old Vine Zinfandel";"Three Finger Jack Old Vine Zinfandel";"2017";"199.9";"0.75";"266.53";"RÃ¸dvin";"Glass";"14.5";"1.8381609"
"Vinmonopolet";"10259301";"Barouillet Bergerac Blanc";"Barouillet Bergerac Blanc";"2018";"209.9";"0.75";"279.87";"White wine";"Glass";"13";"2.1528203"
"Vinmonopolet";"10259701";"M. Marengo Barolo Bricco delle Viole";"M. Marengo Barolo Bricco delle Viole";"2014";"498.9";"0.75";"665.2";"RÃ¸dvin";"Glass";"14";"4.7514286"
"Vinmonopolet";"10259801";"Castillo de Zalin Monastrell 2018";"Castillo de Zalin Monastrell";"2018";"134.9";"0.75";"179.87";"RÃ¸dvin";"Glass";"13.5";"1.3323456"
"Vinmonopolet";"10259806";"Castillo de Zalin Monastrell";"Castillo de Zalin Monastrell";"0";"429.9";"3";"143.3";"RÃ¸dvin";"Bag-in-box";"13.5";"1.0614815"
"Vinmonopolet";"10259901";"Fonciello Sidra Natural";"Fonciello Sidra Natural";"0";"75.9";"0.7";"108.43";"Cider";"Glass";"6";"1.807143"
"Vinmonopolet";"10260008";"SmÃ¥ Party-pack (10x2cl)";"SmÃ¥ Party-pack (10x2cl)";"0";"189.7";"0.2";"948.5";"LikÃ¸r";"Ãvrig";"16.4";"5.7835364"
"Vinmonopolet";"10260202";"BrewDog Vs. Fierce Beer Very Big Moose";"BrewDog Vs. Fierce Beer Very Big Moose";"0";"79.9";"0.33";"242.12";"Porter and stout";"Glass";"12";"2.0176768"
"Vinmonopolet";"10260401";"Italian Aperitivo Spritz";"Italian Aperitivo Spritz";"0";"119.6";"0.75";"159.47";"Flavoured wine	";"Glass";"6";"2.6577778"
"Vinmonopolet";"10260501";"Caravaglio Occhio di Terra Malvasia Anfora 2017";"Caravaglio Occhio di Terra Malvasia Anfora";"2017";"269.9";"0.75";"359.87";"White wine";"Glass";"12.5";"2.8789332"
"Vinmonopolet";"10260601";"Conti Serristori Chianti Classico";"Conti Serristori Chianti Classico";"2017";"159.5";"0.75";"212.67";"RÃ¸dvin";"Glass";"14";"1.5190476"
"Vinmonopolet";"10260701";"Aperitoso Asti Secco";"Aperitoso Asti Secco";"0";"139.9";"0.75";"186.53";"Sparkling wine";"Glass";"11";"1.6957575"
"Vinmonopolet";"10260801";"Mikulski CrÃ©mant de Bourgogne Brut";"Mikulski CrÃ©mant de Bourgogne Brut";"2017";"259.9";"0.75";"346.53";"Sparkling wine";"Glass";"12.5";"2.7722666"
"Vinmonopolet";"10260901";"Kariho Rokushu Jumai Ginjo";"Kariho Rokushu Jumai Ginjo";"0";"299.9";"0.72";"416.53";"Sake";"Glass";"16";"2.6032984"
"Vinmonopolet";"10260907";"Kariho Rokushu Jumai Ginjo";"Kariho Rokushu Jumai Ginjo";"0";"670";"1.8";"372.22";"Sake";"Glass";"16";"2.3263888"
"Vinmonopolet";"10261002";"Birrificio Lambrate Imperial Stout";"Birrificio Lambrate Imperial Stout";"0";"74.9";"0.33";"226.97";"Porter and stout";"Glass";"10";"2.269697"
"Vinmonopolet";"10261102";"Birrificio Lambrate Barley Wine";"Birrificio Lambrate Barley Wine";"0";"79.8";"0.33";"241.82";"Barley wine	";"Glass";"12";"2.0151515"
"Vinmonopolet";"10264601";"Villa Cavallo";"Villa Cavallo";"2009";"169.9";"0.75";"226.53";"RÃ¸dvin";"Glass";"13";"1.7425641"
"Vinmonopolet";"10264606";"Villa Cavallo";"Villa Cavallo";"2013";"484.9";"3";"161.63";"RÃ¸dvin";"Bag-in-box";"13";"1.2433333"
"Vinmonopolet";"10264702";"Salvatore Ferrandes Passito di Pantelleria 2008";"Salvatore Ferrandes Passito di Pantelleria";"2008";"399.9";"0.38";"1066.4";"White wine";"Glass";"14.5";"7.2577133"
"Vinmonopolet";"10265201";"Dominique Derain Bourgogne blanc LandrÃ© 2018";"Dominique Derain Bourgogne blanc LandrÃ©";"2018";"389.9";"0.75";"519.87";"White wine";"Glass";"13";"3.9989743"
"Vinmonopolet";"10265301";"Dominique Derain Mercurey La Plante Chassey rouge 2017";"Dominique Derain Mercurey La Plante Chassey rouge";"2017";"529.9";"0.75";"706.53";"RÃ¸dvin";"Glass";"13.5";"5.2335806"
"Vinmonopolet";"10265401";"Dominique Derain MÃ©thode Traditionnelle Chut 2016";"Dominique Derain MÃ©thode Traditionnelle Chut";"2016";"369.9";"0.75";"493.2";"Sparkling wine";"Glass";"13";"3.7938461"
"Vinmonopolet";"10265503";"Disaronno Amaretto";"Disaronno Amaretto";"0";"39.9";"0.05";"798";"LikÃ¸r";"Glass";"28";"2.8500001"
"Vinmonopolet";"10265601";"Strauch Riesling 40 Monate Extra Brut 2013";"Strauch Riesling 40 Monate Extra Brut";"2013";"299.9";"0.75";"399.87";"Sparkling wine";"Glass";"12";"3.3322222"
"Vinmonopolet";"10265701";"Cavit Altemasi Brut";"Cavit Altemasi Brut";"0";"189.9";"0.75";"253.2";"Sparkling wine";"Glass";"12.5";"2.0256"
"Vinmonopolet";"10265901";"Camillo Donati Piccolo Ribelle 2018";"Camillo Donati Piccolo Ribelle";"2018";"239.9";"0.75";"319.87";"Perlende vin, rosÃ©";"Glass";"13.5";"2.3693826"
"Vinmonopolet";"10266001";"Jean-Baptiste Souillard Crozes-Hermitage 2017";"Jean-Baptiste Souillard Crozes-Hermitage";"2017";"339.9";"0.75";"453.2";"RÃ¸dvin";"Glass";"12.5";"3.6255999"
"Vinmonopolet";"10266101";"Jean-Baptiste Souillard Roussanne 2016";"Jean-Baptiste Souillard Roussanne";"2016";"269.9";"0.75";"359.87";"White wine";"Glass";"12";"2.9988887"
"Vinmonopolet";"10266305";"Camillo Donati Ribelle 2016";"Camillo Donati Ribelle";"2016";"630";"1.5";"420";"Sparkling white wine";"Glass";"13.5";"3.1111112"
"Vinmonopolet";"10266406";"Forco Vini Barbera Piemonte";"Forco Vini Barbera Piemonte";"2018";"419.9";"3";"139.97";"RÃ¸dvin";"Bag-in-box";"13";"1.0766666"
"Vinmonopolet";"10266501";"Der Wilde Wild Wild White Trocken 2018";"Der Wilde Wild Wild White Trocken";"2018";"189.9";"0.75";"253.2";"White wine";"Glass";"11.5";"2.201739"
"Vinmonopolet";"10266601";"Fuente Guijarro Sidra del Sur Ancestral 2015";"Fuente Guijarro Sidra del Sur Ancestral";"2015";"189.9";"0.75";"253.2";"Cider";"Glass";"7";"3.6171427"
"Vinmonopolet";"10266701";"Fuente Guijarro Sidra del Sur MÃ©todo ClÃ¡sico 2015";"Fuente Guijarro Sidra del Sur MÃ©todo ClÃ¡sico";"2015";"195.1";"0.75";"260.13";"Cider";"Glass";"7";"3.7161906"
"Vinmonopolet";"10266801";"Fuente Guijarro Sidra del Sur EspeluznÃ¡ 2017";"Fuente Guijarro Sidra del Sur EspeluznÃ¡";"2017";"239.9";"0.75";"319.87";"Cider";"Glass";"7";"4.569524"
"Vinmonopolet";"10267301";"Contra Soarda Breganze Vespaiolo DOC 2018";"Contra Soarda Breganze Vespaiolo DOC";"2018";"239.9";"0.75";"319.87";"White wine";"Glass";"13";"2.4605129"
"Vinmonopolet";"10267401";"Contra Soarda Vignasilan Breganze Vespaiolo 2014";"Contra Soarda Vignasilan Breganze Vespaiolo";"2014";"359.9";"0.75";"479.87";"White wine";"Glass";"13";"3.691282"
"Vinmonopolet";"10267501";"Contra Soarda Terre di Lava Breganze Rosso Riserva 2014";"Contra Soarda Terre di Lava Breganze Rosso Riserva";"2014";"339.9";"0.75";"453.2";"RÃ¸dvin";"Glass";"14";"3.2371428"
"Vinmonopolet";"10267701";"Sobrero Barolo Pernanno Riserva 2012";"Sobrero Barolo Pernanno Riserva";"2012";"699.9";"0.75";"933.2";"RÃ¸dvin";"Glass";"14.5";"6.435862"
"Vinmonopolet";"10267801";"Il Musmeci Etna Rosso Riserva 2012";"Il Musmeci Etna Rosso Riserva";"2012";"399.9";"0.75";"533.2";"RÃ¸dvin";"Glass";"14";"3.8085713"
"Vinmonopolet";"10268401";"Ego4";"Ego4";"0";"339.9";"0.75";"453.2";"White wine";"Glass";"15";"3.0213332"
"Vinmonopolet";"10268501";"Marie Courtin Efflorescence Extra Brut 2013";"Marie Courtin Efflorescence Extra Brut";"2013";"700";"0.75";"933.33";"Champagne extra brut";"Glass";"12";"7.7777777"
"Vinmonopolet";"10268601";"Corbon Ã Avize Grand Cru MillÃ©sime Brut 2007";"Corbon Ã Avize Grand Cru MillÃ©sime Brut";"2007";"490";"0.75";"653.33";"Champagne extra brut";"Glass";"12";"5.4444447"
"Vinmonopolet";"10268901";"J. De Telmont Heritage 1975";"J. De Telmont Heritage";"1975";"2995.5";"0.75";"3994";"Champagne extra brut";"Glass";"12";"33.283333"
"Vinmonopolet";"10269001";"J. De Telmont Heritage 1976";"J. De Telmont Heritage";"1976";"1850";"0.75";"2466.67";"Champagne extra brut";"Glass";"12";"20.555555"
"Vinmonopolet";"10269101";"J. De Telmont Heritage RosÃ© 1985";"J. De Telmont Heritage RosÃ©";"1985";"1600";"0.75";"2133.33";"Champagne, rosÃ©";"Glass";"13";"16.410257"
"Vinmonopolet";"10269201";"Borsao Clasico";"Borsao Clasico";"2018";"124.9";"0.75";"166.53";"RÃ¸dvin";"Glass";"13.5";"1.2335802"
"Vinmonopolet";"10269301";"Roger Manceaux HÃ©ritage 2008";"Roger Manceaux HÃ©ritage";"2008";"599";"0.75";"798.67";"Sparkling wine";"Glass";"12";"6.6555557"
"Vinmonopolet";"10269407";"Cristian Senez Brut Millesime 1995";"Cristian Senez Brut Millesime";"1995";"7000";"6";"1166.67";"Champagne, brut";"Glass";"12";"9.722222"
"Vinmonopolet";"10269501";"A'Puddara Etna Bianco 2016";"A'Puddara Etna Bianco";"2016";"399.9";"0.75";"533.2";"White wine";"Glass";"12";"4.443333"
"Vinmonopolet";"10269701";"Ch. Gassier le Pas du Moine RosÃ©";"Ch. Gassier le Pas du Moine RosÃ©";"2018";"239.9";"0.75";"319.87";"RosÃ©vin";"Glass";"13";"2.4605129"
"Vinmonopolet";"10269906";"Tierra de Toros Tinto";"Tierra de Toros Tinto";"2018";"302.1";"2";"151.05";"RÃ¸dvin";"Bag-in-box";"12.5";"1.2084"
"Vinmonopolet";"10270001";"Cristian Senez Grand Reserve Brut 2000";"Cristian Senez Grand Reserve Brut";"2000";"700";"0.75";"933.33";"Champagne, brut";"Glass";"12";"7.7777777"
"Vinmonopolet";"10270101";"Dhondt-Grellet Dans un Premier Temps";"Dhondt-Grellet Dans un Premier Temps";"0";"418.9";"0.75";"558.53";"Champagne extra brut";"Glass";"12";"4.654444"
"Vinmonopolet";"10270201";"Dhondt-Grellet Les Nogers 2012";"Dhondt-Grellet Les Nogers";"2012";"549.9";"0.75";"733.2";"Champagne extra brut";"Glass";"12";"6.11"
"Vinmonopolet";"10270301";"Dhondt-Grellet Cramant";"Dhondt-Grellet Cramant";"0";"519";"0.75";"692";"Champagne extra brut";"Glass";"12";"5.766667"
"Vinmonopolet";"10270401";"Dhondt-Grellet Les Terres Fines";"Dhondt-Grellet Les Terres Fines";"0";"485.9";"0.75";"647.87";"Champagne extra brut";"Glass";"12";"5.3988886"
"Vinmonopolet";"10270501";"Dhondt-Grellet Le Duo";"Dhondt-Grellet Le Duo";"0";"408.9";"0.75";"545.2";"Champagne, rosÃ©";"Glass";"12";"4.543333"
"Vinmonopolet";"10271001";"Casa de la Ermita Idilico 2015";"Casa de la Ermita Idilico";"2015";"209.9";"0.75";"279.87";"RÃ¸dvin";"Glass";"14";"1.9990475"
"Vinmonopolet";"10271101";"Casa de la Ermita SelecciÃ³n Rey Limitada 2017";"Casa de la Ermita SelecciÃ³n Rey Limitada";"2017";"139.9";"0.75";"186.53";"RÃ¸dvin";"Glass";"13.5";"1.3817283"
"Vinmonopolet";"10271201";"Casa de la Ermita Crianza 2015";"Casa de la Ermita Crianza";"2015";"194.9";"0.75";"259.87";"RÃ¸dvin";"Glass";"14";"1.8561904"
"Vinmonopolet";"10271301";"Valduero Ribera del Duero Gran Reserva 2010";"Valduero Ribera del Duero Gran Reserva";"2010";"698";"0.75";"930.67";"RÃ¸dvin";"Glass";"14";"6.6476192"
"Vinmonopolet";"10271401";"La Luna e i FalÃ³ Nizza 2014";"La Luna e i FalÃ³ Nizza";"2014";"209.9";"0.75";"279.87";"RÃ¸dvin";"Glass";"14.5";"1.9301149"
"Vinmonopolet";"10271501";"LunÃ¡tico 2016";"LunÃ¡tico";"2016";"219.9";"0.75";"293.2";"RÃ¸dvin";"Glass";"14.5";"2.022069"
"Vinmonopolet";"10271601";"Essenze Barolo del commune di Barolo 2013";"Essenze Barolo del commune di Barolo";"2013";"329.9";"0.75";"439.87";"RÃ¸dvin";"Glass";"14";"3.1419046"
"Vinmonopolet";"10271701";"Spezie Barbaresco Riserva 2008";"Spezie Barbaresco Riserva";"2008";"319.9";"0.75";"426.53";"RÃ¸dvin";"Glass";"14";"3.0466666"
"Vinmonopolet";"10271801";"La Malora Langhe Nebbiolo 2015";"La Malora Langhe Nebbiolo";"2015";"217.9";"0.75";"290.53";"RÃ¸dvin";"Glass";"14";"2.075238"
"Vinmonopolet";"10271901";"Essenze Barolo Riserva 2008";"Essenze Barolo Riserva";"2008";"389.9";"0.75";"519.87";"RÃ¸dvin";"Glass";"14";"3.7133334"
"Vinmonopolet";"10272005";"Essenze Barolo Riserva 2001";"Essenze Barolo Riserva";"2001";"699.9";"1.5";"466.6";"RÃ¸dvin";"Glass";"14";"3.3328574"
"Vinmonopolet";"10272101";"Finlaggan Eilean Mor";"Finlaggan Eilean Mor";"0";"699";"0.7";"998.57";"Whisky";"Glass";"46";"2.1708076"
"Vinmonopolet";"10272301";"Finlaggan Sherry Finished";"Finlaggan Sherry Finished";"0";"774";"0.7";"1105.71";"Whisky";"Glass";"46";"2.4037268"
"Vinmonopolet";"10272401";"Cooper's Choice Williamson Secret Islay 2005 12 YO Cask No. 310";"Cooper's Choice Williamson Secret Islay  12 YO Cask No. 310";"2005";"1799";"0.7";"2570";"Whisky";"Glass";"56.5";"4.5486727"
"Vinmonopolet";"10273101";"Cooper's Choice Ardmore 2001 16 YO No.1581";"Cooper's Choice Ardmore  16 YO No.";"2001";"1279";"0.7";"1827.14";"Whisky";"Glass";"51.5";"3.5478504"
"Vinmonopolet";"10273402";"Tullibardine 7 YO No.47/2010";"Tullibardine 7 YO No.47/";"0";"645";"0.5";"1290";"Whisky";"Glass";"60";"2.15"
"Vinmonopolet";"10273502";"Tullibardine 7 YO No.49/2010";"Tullibardine 7 YO No.49/";"0";"645";"0.5";"1290";"Whisky";"Glass";"60";"2.15"
"Vinmonopolet";"10273901";"Barahonda Summum Monastrell 2015";"Barahonda Summum Monastrell";"2015";"265";"0.75";"353.33";"RÃ¸dvin";"Glass";"15";"2.3555555"
"Vinmonopolet";"10274001";"Dom. Vocoret Chablis 1er Cru Les Forets V.V.";"Dom. Vocoret Chablis 1er Cru Les Forets V.V.";"2016";"279.9";"0.75";"373.2";"White wine";"Glass";"13";"2.8707693"
"Vinmonopolet";"10274101";"Meix Foulot Mercurey 2016";"Meix Foulot Mercurey";"2016";"279.9";"0.75";"373.2";"RÃ¸dvin";"Glass";"13";"2.8707693"
"Vinmonopolet";"10274201";"Cast. Monjardin Deyo Merlot 2016";"Cast. Monjardin Deyo Merlot";"2016";"174.9";"0.75";"233.2";"RÃ¸dvin";"Glass";"14";"1.6657143"
"Vinmonopolet";"10274301";"Taylor's Reserve Tawny Port";"Taylor's Reserve Tawny Port";"0";"490";"1";"490";"Port wine";"Glass";"20";"2.45"
"Vinmonopolet";"10274601";"Taylor's Vintage Port 2017";"Taylor's Vintage Port";"2017";"880";"0.75";"1173.33";"Port wine";"Glass";"20";"5.866667"
"Vinmonopolet";"10274706";"Dom. La Pascerette des Vignes Macon Milly-Lamartine Gamay 2017";"Dom. La Pascerette des Vignes Macon Milly-Lamartine Gamay";"2017";"589";"3";"196.33";"RÃ¸dvin";"Bag-in-box";"12.5";"1.5706667"
"Vinmonopolet";"10274801";"50Â° Pinot Noir 2017";"50Â° Pinot Noir";"2017";"199.9";"0.75";"266.53";"RÃ¸dvin";"Glass";"12";"2.221111"
"Vinmonopolet";"10274906";"Dom. La Pascerette des Vignes MÃ¢con Milly-Lamartine Chardonnay 2017";"Dom. La Pascerette des Vignes MÃ¢con Milly-Lamartine Chardonnay";"2017";"589";"3";"196.33";"White wine";"Bag-in-box";"12.5";"1.5706667"
"Vinmonopolet";"10275001";"Roux Bourgogne AligotÃ© 2018";"Roux Bourgogne AligotÃ©";"2018";"144.9";"0.75";"193.2";"White wine";"Glass";"11.5";"1.68"
"Vinmonopolet";"10275201";"Whispering Bubbles Durello";"Whispering Bubbles Durello";"0";"155";"0.75";"206.67";"Sparkling wine";"Glass";"11.5";"1.7971015"
"Vinmonopolet";"10275401";"Tubi 60 Original";"Tubi 60 Original";"2018";"566.4";"0.7";"809.14";"Bitter	";"Glass";"37.5";"2.1577144"
"Vinmonopolet";"10275501";"Ch. Haut Rozier 2016";"Ch. Haut Rozier";"2016";"199.4";"0.75";"265.87";"RÃ¸dvin";"Glass";"13";"2.045128"
"Vinmonopolet";"10275701";"Frontonio Microcosmico Garnacha 2016";"Frontonio Microcosmico Garnacha";"2016";"229.9";"0.75";"306.53";"RÃ¸dvin";"Glass";"14";"2.1895237"
"Vinmonopolet";"10275801";"Frontonio Microcosmico Macabeo 2018";"Frontonio Microcosmico Macabeo";"2018";"229.9";"0.75";"306.53";"White wine";"Glass";"13.5";"2.2706172"
"Vinmonopolet";"10275901";"Dom. des Enfants Le Jouet Rouge";"Dom. des Enfants Le Jouet Rouge";"2017";"194.9";"0.75";"259.87";"RÃ¸dvin";"Glass";"14";"1.8561904"
"Vinmonopolet";"10276202";"Bennati Amarone della Valpolicella";"Bennati Amarone della Valpolicella";"2014";"215";"0.38";"573.33";"RÃ¸dvin";"Glass";"15";"3.77193"
"Vinmonopolet";"10276401";"Antiche Terre Venete Amarone della Valpolicella";"Antiche Terre Venete Amarone della Valpolicella";"2016";"415";"0.75";"553.33";"RÃ¸dvin";"Glass";"15";"3.6888888"
"Vinmonopolet";"10276501";"Boina";"Boina";"2017";"194.4";"0.75";"259.2";"RÃ¸dvin";"Glass";"13.5";"1.92"
"Vinmonopolet";"10276601";"Citation Willamette Valley Pinot Noir 2015";"Citation Willamette Valley Pinot Noir";"2015";"349.9";"0.75";"466.53";"RÃ¸dvin";"Glass";"13.9";"3.356355"
"Vinmonopolet";"10276701";"Schloss Vollrads Riesling Schlossberg GG 2018";"Schloss Vollrads Riesling Schlossberg GG";"2018";"364";"0.75";"485.33";"White wine";"Glass";"13.5";"3.5950618"
"Vinmonopolet";"10277001";"Angelino RosÃ© di Pinot Brut";"Angelino RosÃ© di Pinot Brut";"0";"169.9";"0.75";"226.53";"Musserende vin, rosÃ©";"Glass";"12";"1.8877777"
"Vinmonopolet";"10277101";"Castiglion del Bosco Rosso di Montalcino 2016";"Castiglion del Bosco Rosso di Montalcino";"2016";"219.8";"0.75";"293.07";"RÃ¸dvin";"Glass";"14";"2.0933332"
"Vinmonopolet";"10277201";"Hirsch San Andreas Fault Pinot Noir 2017";"Hirsch San Andreas Fault Pinot Noir";"2017";"574.9";"0.75";"766.53";"RÃ¸dvin";"Glass";"12.5";"6.132267"
"Vinmonopolet";"10277305";"Hirsch Pinot Noir Reserve 2015";"Hirsch Pinot Noir Reserve";"2015";"1779.9";"1.5";"1186.6";"RÃ¸dvin";"Glass";"12.1";"9.806611"
"Vinmonopolet";"10277401";"La Cappuccina Basaltik Sauvignon 2017";"La Cappuccina Basaltik Sauvignon";"2017";"219.9";"0.75";"293.2";"White wine";"Glass";"13";"2.2553844"
"Vinmonopolet";"10277501";"La Cappuccina San Brizio Garganega 2016";"La Cappuccina San Brizio Garganega";"2016";"219.9";"0.75";"293.2";"White wine";"Glass";"13";"2.2553844"
"Vinmonopolet";"10277602";"SweetWater Pit & Pendulum with Cherries";"SweetWater Pit & Pendulum with Cherries";"0";"157.2";"0.5";"314.4";"SurÃ¸l";"Glass";"6.1";"5.1540985"
"Vinmonopolet";"10277702";"SweetWater Sinners Son";"SweetWater Sinners Son";"0";"143.4";"0.5";"286.8";"Porter and stout";"Glass";"12.4";"2.3129032"
"Vinmonopolet";"10277801";"Dom. des ArdoisiÃ¨res AmÃ©thyste Rouge 2017";"Dom. des ArdoisiÃ¨res AmÃ©thyste Rouge";"2017";"699.9";"0.75";"933.2";"RÃ¸dvin";"Glass";"12";"7.776667"
"Vinmonopolet";"10277901";"Dom. des ArdoisiÃ¨res Quartz Blanc 2018";"Dom. des ArdoisiÃ¨res Quartz Blanc";"2018";"859.9";"0.75";"1146.53";"White wine";"Glass";"12.5";"9.172267"
"Vinmonopolet";"10278101";"Dom. Vocoret Cote de Lechet Chablis 1. Cru 2016";"Dom. Vocoret Cote de Lechet Chablis 1. Cru";"2016";"269.9";"0.75";"359.87";"White wine";"Glass";"13";"2.7682052"
"Vinmonopolet";"10278901";"Brochet RÃ©serve Pinot Noir";"Brochet RÃ©serve Pinot Noir";"2017";"175";"0.75";"233.33";"RÃ¸dvin";"Glass";"12.5";"1.8666667"
"Vinmonopolet";"10279001";"Brochet Facile Sauvignon Blanc";"Brochet Facile Sauvignon Blanc";"2018";"125";"0.75";"166.67";"White wine";"Glass";"12";"1.3888888"
"Vinmonopolet";"10279101";"Hipster Negromaro";"Hipster Negromaro";"2018";"159.9";"0.75";"213.2";"RÃ¸dvin";"Glass";"13";"1.64"
"Vinmonopolet";"10279201";"Cinq Autels Cidre de Normandie Demi Sec";"Cinq Autels Cidre de Normandie Demi Sec";"0";"84.8";"0.75";"113.07";"Cider";"Glass";"4.8";"2.3555555"
"Vinmonopolet";"10279401";"Nerd Nero d'Avola";"Nerd Nero d'Avola";"2018";"159.9";"0.75";"213.2";"RÃ¸dvin";"Glass";"13";"1.64"
"Vinmonopolet";"10279502";"RÃ¸st Akevitt";"RÃ¸st Akevitt";"0";"409.9";"0.5";"819.8";"Aquavit";"Glass";"40";"2.0495"
"Vinmonopolet";"10279601";"Cascina Collina Nizza Squarza 2016";"Cascina Collina Nizza Squarza";"2016";"340";"0.75";"453.33";"RÃ¸dvin";"Glass";"14.5";"3.1264367"
"Vinmonopolet";"10279701";"Rennersistas Zweigelt";"Rennersistas Zweigelt";"2016";"319.9";"0.75";"426.53";"RÃ¸dvin";"Glass";"12.5";"3.4122665"
"Vinmonopolet";"10279801";"Brigatti Maria Colline Novaresi Vespolina 2018";"Brigatti Maria Colline Novaresi Vespolina";"2018";"189.9";"0.75";"253.2";"RÃ¸dvin";"Glass";"13";"1.9476923"
"Vinmonopolet";"10279901";"Vignerons Catalans Filippa";"Vignerons Catalans Filippa";"2018";"129.2";"0.75";"172.27";"White wine";"Glass";"12.5";"1.3781333"
"Vinmonopolet";"10280001";"Monsieur Pinot";"Monsieur Pinot";"2017";"164.9";"0.75";"219.87";"RÃ¸dvin";"Glass";"13";"1.691282"
"Vinmonopolet";"10280101";"Fernand & Laurent Pillot Santenay Les Prarons Dessus 2016";"Fernand & Laurent Pillot Santenay Les Prarons Dessus";"2016";"309";"0.75";"412";"RÃ¸dvin";"Glass";"13.5";"3.0518517"
"Vinmonopolet";"10280201";"Chassagne Montrachet Vieilles Vignes 2016";"Chassagne Montrachet Vieilles Vignes";"2016";"379";"0.75";"505.33";"RÃ¸dvin";"Glass";"13.5";"3.7432098"
"Vinmonopolet";"10280301";"Cassagne Montrachet 1er Cru Morgot";"Cassagne Montrachet 1er Cru Morgot";"2016";"419";"0.75";"558.67";"RÃ¸dvin";"Glass";"13.5";"4.138272"
"Vinmonopolet";"10280401";"Rennersistas Waiting For Tom Weiss";"Rennersistas Waiting For Tom Weiss";"2018";"279.9";"0.75";"373.2";"White wine";"Glass";"12.5";"2.9856"
"Vinmonopolet";"10280501";"Rennersistas Waiting For Tom Red";"Rennersistas Waiting For Tom Red";"2018";"279.9";"0.75";"373.2";"RÃ¸dvin";"Glass";"12";"3.11"
"Vinmonopolet";"10280601";"Rennersistas Welschriesling";"Rennersistas Welschriesling";"2018";"369.9";"0.75";"493.2";"White wine";"Glass";"11.5";"4.288696"
"Vinmonopolet";"10280701";"Waipara West N Block Chardonnay";"Waipara West N Block Chardonnay";"2018";"225";"0.75";"300";"White wine";"Glass";"13.5";"2.2222223"
"Vinmonopolet";"10280801";"Waipara West Riesling";"Waipara West Riesling";"2016";"215";"0.75";"286.67";"White wine";"Glass";"12";"2.3888888"
"Vinmonopolet";"10280901";"Pommard Rugiens Premier Cru 2016";"Pommard Rugiens Premier Cru";"2016";"795";"0.75";"1060";"RÃ¸dvin";"Glass";"13.5";"7.851852"
"Vinmonopolet";"10281101";"Waipara West Sauvignon Blanc";"Waipara West Sauvignon Blanc";"2017";"215";"0.75";"286.67";"White wine";"Glass";"12";"2.3888888"
"Vinmonopolet";"10281201";"Waipara West Two Terrace Pinot Noir";"Waipara West Two Terrace Pinot Noir";"2016";"269.9";"0.75";"359.87";"RÃ¸dvin";"Glass";"14.5";"2.481839"
"Vinmonopolet";"10281301";"Beaune Boucherottes Premier Cru 2016";"Beaune Boucherottes Premier Cru";"2016";"428.9";"0.75";"571.87";"RÃ¸dvin";"Glass";"13.5";"4.236049"
"Vinmonopolet";"10281501";"Walter Hansel South Slope Pinot Noir 2015";"Walter Hansel South Slope Pinot Noir";"2015";"478.9";"0.75";"638.53";"RÃ¸dvin";"Glass";"14.5";"4.403678"
"Vinmonopolet";"10281701";"Walter Hansel North Slope Pinot Noir 2015";"Walter Hansel North Slope Pinot Noir";"2015";"478.9";"0.75";"638.53";"RÃ¸dvin";"Glass";"14.5";"4.403678"
"Vinmonopolet";"10281801";"Walter Hansel The Meadows Chardonnay 2015";"Walter Hansel The Meadows Chardonnay";"2015";"348.9";"0.75";"465.2";"White wine";"Glass";"14.4";"3.2305555"
"Vinmonopolet";"10282101";"Walter Hansel Cahill Lane Chardonnay 2015";"Walter Hansel Cahill Lane Chardonnay";"2015";"379";"0.75";"505.33";"White wine";"Glass";"14.4";"3.5092595"
"Vinmonopolet";"10282201";"Kopke Vintage Port";"Kopke Vintage Port";"2016";"615.9";"0.75";"821.2";"Port wine";"Glass";"20";"4.106"
"Vinmonopolet";"10282301";"Carretta Langhe Nebbiolo";"Carretta Langhe Nebbiolo";"2014";"189.9";"0.75";"253.2";"RÃ¸dvin";"Glass";"13";"1.9476923"
"Vinmonopolet";"10282401";"Carretta Barolo Cascina Ferrero";"Carretta Barolo Cascina Ferrero";"2013";"329";"0.75";"438.67";"RÃ¸dvin";"Glass";"14";"3.1333334"
"Vinmonopolet";"10282807";"Contino Gran Reserva";"Contino Gran Reserva";"2007";"5000";"6";"833.33";"RÃ¸dvin";"Glass";"14";"5.952381"
"Vinmonopolet";"10283401";"Biale Black Chicken Zinfandel";"Biale Black Chicken Zinfandel";"2013";"409.9";"0.75";"546.53";"RÃ¸dvin";"Glass";"15";"3.6435554"
"Vinmonopolet";"10283501";"Josef Chromy Pinot Noir 2016";"Josef Chromy Pinot Noir";"2016";"259.8";"0.75";"346.4";"RÃ¸dvin";"Glass";"13.9";"2.4920862"
"Vinmonopolet";"10283601";"Ch. de Cots 2016";"Ch. de Cots";"2016";"179.9";"0.75";"239.87";"RÃ¸dvin";"Glass";"13.5";"1.77679"
"Vinmonopolet";"10283701";"Pig in the House Organic Shiraz 2018";"Pig in the House Organic Shiraz";"2018";"179.9";"0.75";"239.87";"RÃ¸dvin";"Glass";"14.6";"1.6429223"
"Vinmonopolet";"10285702";"Tall Poppy India Red Ale";"Tall Poppy India Red Ale";"0";"73.4";"0.44";"166.82";"Red/amber";"Metall";"7";"2.383117"
"Vinmonopolet";"10286004";"Most Wanted Sauvignon Blanc 2019";"Most Wanted Sauvignon Blanc";"2019";"59.9";"0.19";"320.32";"White wine";"Glass";"13";"2.4251013"
"Vinmonopolet";"10287301";"TerraQuilia Falcorubens Col Fondo 2017";"TerraQuilia Falcorubens Col Fondo";"2017";"189.8";"0.75";"253.07";"Perlende vin, rÃ¸d";"Glass";"11.5";"2.2005796"
"Vinmonopolet";"10287402";"St. Hallvards Luse-Frants";"St. Hallvards Luse-Frants";"0";"77.9";"0.33";"236.06";"Porter and stout";"Metall";"8.3";"2.8441036"
"Vinmonopolet";"10287602";"St. Hallvards Dasslokket BringebÃ¦r og Lakris-Stout";"St. Hallvards Dasslokket BringebÃ¦r og Lakris-Stout";"0";"79.9";"0.33";"242.12";"Porter and stout";"Metall";"8";"3.026515"
"Vinmonopolet";"10287901";"Urbezo Garnacha 2016";"Urbezo Garnacha";"2016";"153";"0.75";"204";"RÃ¸dvin";"Glass";"14.5";"1.4068966"
"Vinmonopolet";"10288001";"Ubrezo Chardonnay 2017";"Ubrezo Chardonnay";"2017";"149.6";"0.75";"199.47";"White wine";"Glass";"13";"1.534359"
"Vinmonopolet";"10288101";"Giaconda Estate Vineyard Shiraz 2017";"Giaconda Estate Vineyard Shiraz";"2017";"649";"0.75";"865.33";"RÃ¸dvin";"Glass";"13.5";"6.4098763"
"Vinmonopolet";"10288301";"ViÃ±a Urbezo Cosecha 2017";"ViÃ±a Urbezo Cosecha";"2017";"146.2";"0.75";"194.93";"RÃ¸dvin";"Glass";"14";"1.392381"
"Vinmonopolet";"10288502";"Stolt Bryggeri Hopstick";"Stolt Bryggeri Hopstick";"0";"68.9";"0.44";"152.05";"India pale ale";"Emballasje med pant";"6.5";"2.409091"
"Vinmonopolet";"10288602";"Stolt Bryggeri Bring It, Stiora";"Stolt Bryggeri Bring It, Stiora";"0";"49.2";"0.44";"107.27";"SurÃ¸l";"Emballasje med pant";"6.5";"1.7202798"
"Vinmonopolet";"10288802";"Ulvik Hylleblomsider 2018";"Ulvik Hylleblomsider";"2018";"124.9";"0.5";"249.8";"Cider";"Glass";"7.5";"3.3306668"
"Vinmonopolet";"10289002";"Myken Arktisk Sommergin";"Myken Arktisk Sommergin";"0";"439.9";"0.5";"879.8";"Gin";"Glass";"47";"1.8719149"
"Vinmonopolet";"10289201";"Chieftain's Blair Athol Norsk Whiskyforbund 18YO";"Chieftain's Blair Athol Norsk Whiskyforbund 18YO";"0";"1549.9";"0.7";"2214.14";"Whisky";"Glass";"57";"3.8844612"
"Vinmonopolet";"10289502";"Firestone Walker Pivo Pilsner";"Firestone Walker Pivo Pilsner";"0";"52.9";"0.35";"149.01";"Light lager";"Glass";"5.3";"2.851752"
"Vinmonopolet";"10289801";"Faiveley Mercurey Clos Rochette 2018";"Faiveley Mercurey Clos Rochette";"2018";"279.9";"0.75";"373.2";"White wine";"Glass";"13";"2.8707693"
"Vinmonopolet";"10289901";"Faiveley Mercurey 1er Cru Clos des Myglands 2017";"Faiveley Mercurey 1er Cru Clos des Myglands";"2017";"319.9";"0.75";"426.53";"RÃ¸dvin";"Glass";"13";"3.2810256"
"Vinmonopolet";"10290001";"Les Essentielles Bourgogne Pinot Noir 2016";"Les Essentielles Bourgogne Pinot Noir";"2016";"214.9";"0.75";"286.53";"RÃ¸dvin";"Glass";"13";"2.2041025"
"Vinmonopolet";"10290101";"Les Cadoles Bourgogne Pinot Noir 2017";"Les Cadoles Bourgogne Pinot Noir";"2017";"194.9";"0.75";"259.87";"RÃ¸dvin";"Glass";"13";"1.9989743"
"Vinmonopolet";"10290201";"Chivite Las Fieles Garnacha";"Chivite Las Fieles Garnacha";"2015";"200";"0.75";"266.67";"RÃ¸dvin";"Glass";"14";"1.9047619"
"Vinmonopolet";"10290301";"Suertes del Marq. Valle de la Orotava MedianÃ­as ViÃ±as Viejas";"Suertes del Marq. Valle de la Orotava MedianÃ­as ViÃ±as Viejas";"2017";"279.9";"0.75";"373.2";"RÃ¸dvin";"Glass";"13";"2.8707693"
"Vinmonopolet";"10290501";"Ka Tahi Syrah 2016";"Ka Tahi Syrah";"2016";"179.9";"0.75";"239.87";"RÃ¸dvin";"Glass";"13.3";"1.8035086"
"Vinmonopolet";"10290601";"Faiveley Corton Charlemagne Grand Cru 2016";"Faiveley Corton Charlemagne Grand Cru";"2016";"1590";"0.75";"2120";"White wine";"Glass";"13";"16.307692"
"Vinmonopolet";"10291001";"Carlines En Lya CÃ´tes du Jura 2016";"Carlines En Lya CÃ´tes du Jura";"2016";"299.9";"0.75";"399.87";"White wine";"Glass";"13.5";"2.9619753"
"Vinmonopolet";"10291101";"Carlines TrÃ©moulette CÃ´tes du Jura 2016";"Carlines TrÃ©moulette CÃ´tes du Jura";"2016";"299.9";"0.75";"399.87";"White wine";"Glass";"14";"2.8561904"
"Vinmonopolet";"10291201";"Carlines Le Calvaire CÃ´tes du Jura 2016";"Carlines Le Calvaire CÃ´tes du Jura";"2016";"299.9";"0.75";"399.87";"White wine";"Glass";"13";"3.0758975"
"Vinmonopolet";"10291401";"Dom. de Villeneuve ChÃ¢teauneuf-du-pape Les Vieille Vignes 2015";"Dom. de Villeneuve ChÃ¢teauneuf-du-pape Les Vieille Vignes";"2015";"444";"0.75";"592";"RÃ¸dvin";"Glass";"14.5";"4.0827584"
"Vinmonopolet";"10291601";"Envinate Benje Blanco";"Envinate Benje Blanco";"2018";"279.9";"0.75";"373.2";"White wine";"Glass";"12.5";"2.9856"
"Vinmonopolet";"10291701";"Envinate Albahra";"Envinate Albahra";"2018";"209.9";"0.75";"279.87";"RÃ¸dvin";"Glass";"13";"2.1528203"
"Vinmonopolet";"10291801";"Terroir Sense Fronteres Montsant Negre 2017";"Terroir Sense Fronteres Montsant Negre";"2017";"289.9";"0.75";"386.53";"RÃ¸dvin";"Glass";"13.5";"2.8632097"
"Vinmonopolet";"10291901";"Terroir Sense Fronteres Vertebra 2017";"Terroir Sense Fronteres Vertebra";"2017";"379.9";"0.75";"506.53";"RÃ¸dvin";"Glass";"12.5";"4.0522666"
"Vinmonopolet";"10292001";"Terroir Sense Fronteres Brisat de Montsant 2017";"Terroir Sense Fronteres Brisat de Montsant";"2017";"279.9";"0.75";"373.2";"White wine";"Glass";"12";"3.11"
"Vinmonopolet";"10292101";"Nicolas Feuillatte Champagne Collection Brut Vintage 2009";"Nicolas Feuillatte Champagne Collection Brut Vintage";"2009";"531.9";"0.75";"709.2";"Champagne, brut";"Glass";"12";"5.9100003"
"Vinmonopolet";"10292201";"Kopke Colheita Port 1985";"Kopke Colheita Port";"1985";"779.9";"0.75";"1039.87";"Port wine";"Glass";"20";"5.1993337"
"Vinmonopolet";"10292301";"Bourgogne AligotÃ© 2016";"Bourgogne AligotÃ©";"2016";"209";"0.75";"278.67";"White wine";"Glass";"12.5";"2.2293334"
"Vinmonopolet";"10292501";"Carpineto Chianti Classico 2018";"Carpineto Chianti Classico";"2018";"179.9";"0.75";"239.87";"RÃ¸dvin";"Glass";"13.5";"1.77679"
"Vinmonopolet";"10292801";"J. deTelmont Grand Vintage 2006";"J. deTelmont Grand Vintage";"2006";"449.9";"0.75";"599.87";"Champagne extra brut";"Glass";"12";"4.998889"
"Vinmonopolet";"10292908";"24 Cognacs (25x2cl)";"24 Cognacs (25x2cl)";"0";"849.8";"0.5";"1699.6";"Grape spirit";"Ãvrig";"40.5";"4.196543"
"Vinmonopolet";"10293001";"J. De Telmont Grand Couronnement Blanc de Blancs Brut 2002";"J. De Telmont Grand Couronnement Blanc de Blancs Brut";"2002";"599";"0.75";"798.67";"Champagne extra brut";"Glass";"12";"6.6555557"
"Vinmonopolet";"10293105";"J. De Telmont Grand Vintage 2004";"J. De Telmont Grand Vintage";"2004";"973.9";"1.5";"649.27";"Champagne, brut";"Glass";"12";"5.410556"
"Vinmonopolet";"10293201";"J. De Telmont Heritage 1986";"J. De Telmont Heritage";"1986";"1500";"0.75";"2000";"Champagne extra brut";"Glass";"12";"16.666666"
"Vinmonopolet";"10293401";"Anthill Farms Peugh Vineyard Chardonnay 2017";"Anthill Farms Peugh Vineyard Chardonnay";"2017";"449";"0.75";"598.67";"White wine";"Glass";"14.5";"4.1287355"
"Vinmonopolet";"10293502";"Barone Montalto Rosso";"Barone Montalto Rosso";"0";"99.9";"0.5";"199.8";"RÃ¸dvin";"Ãvrig";"13";"1.536923"
"Vinmonopolet";"10293601";"iToscani 2016";"iToscani";"2016";"219.9";"0.75";"293.2";"RÃ¸dvin";"Glass";"13";"2.2553844"
"Vinmonopolet";"10293701";"LaLaLand Tempranillo";"LaLaLand Tempranillo";"2016";"179.9";"0.75";"239.87";"RÃ¸dvin";"Glass";"14";"1.7133332"
"Vinmonopolet";"10293802";"Samuel Smith's Oatmeal Stout";"Samuel Smith's Oatmeal Stout";"0";"36.1";"0.35";"101.69";"Porter and stout";"Glass";"5";"2.0628572"
"Vinmonopolet";"10294002";"To Ãl Goliat Maple Beacon";"To Ãl Goliat Maple Beacon";"0";"89.8";"0.38";"239.47";"Porter and stout";"Glass";"10.2";"2.3168216"
"Vinmonopolet";"10294101";"De Montille Beaune 1er Cru Les PerriÃ¨res 2015";"De Montille Beaune 1er Cru Les PerriÃ¨res";"2015";"609.9";"0.75";"813.2";"RÃ¸dvin";"Glass";"13";"6.255385"
"Vinmonopolet";"10294801";"Kimerud Pink Gin";"Kimerud Pink Gin";"0";"499.9";"0.7";"714.14";"Gin";"Glass";"38";"1.8793234"
"Vinmonopolet";"10295201";"De Montille Beaune 1er Cru Les Aigrots 2015";"De Montille Beaune 1er Cru Les Aigrots";"2015";"578";"0.75";"770.67";"White wine";"Glass";"12.5";"6.1653333"
"Vinmonopolet";"10295501";"La SÃ©millante de Sigalas 2015";"La SÃ©millante de Sigalas";"2015";"329.9";"0.75";"439.87";"White wine";"Glass";"14.5";"3.0335631"
"Vinmonopolet";"10295701";"Alheit Nautical Dawn";"Alheit Nautical Dawn";"2018";"419.9";"0.75";"559.87";"White wine";"Glass";"13.5";"4.1471605"
"Vinmonopolet";"10295801";"Alheit Fire by Night";"Alheit Fire by Night";"2018";"499.9";"0.75";"666.53";"White wine";"Glass";"12.8";"5.2072916"
"Vinmonopolet";"10295901";"Ten. S. Lucia Biancoperla";"Ten. S. Lucia Biancoperla";"0";"129.6";"0.75";"172.8";"Sparkling wine";"Glass";"12";"1.44"
"Vinmonopolet";"10296001";"Ten. S. Lucia Citrullo Indigeno 2017";"Ten. S. Lucia Citrullo Indigeno";"2017";"129.6";"0.75";"172.8";"White wine";"Glass";"12";"1.44"
"Vinmonopolet";"10296401";"Cruse Charles Heintz Syrah 2016";"Cruse Charles Heintz Syrah";"2016";"440";"0.75";"586.67";"RÃ¸dvin";"Glass";"12.5";"4.693333"
"Vinmonopolet";"10297101";"Ch. de Pierreux Brouilly RÃ©serve 2018";"Ch. de Pierreux Brouilly RÃ©serve";"2018";"169.9";"0.75";"226.53";"RÃ¸dvin";"Glass";"13.5";"1.6780246"
"Vinmonopolet";"10297401";"Coto de Gomariz Finca O Figueiral 2015";"Coto de Gomariz Finca O Figueiral";"2015";"341.6";"0.75";"455.47";"White wine";"Glass";"13.5";"3.3738272"
"Vinmonopolet";"10297801";"Algueira Risco 2016";"Algueira Risco";"2016";"440.8";"0.75";"587.73";"RÃ¸dvin";"Glass";"13";"4.5210257"
"Vinmonopolet";"10298101";"Algueira Serradelo Brancellao 2014";"Algueira Serradelo Brancellao";"2014";"435.4";"0.75";"580.53";"RÃ¸dvin";"Glass";"13";"4.465641"
"Vinmonopolet";"10298501";"La Borderie Trois ContrÃ©es Brut";"La Borderie Trois ContrÃ©es Brut";"0";"479";"0.75";"638.67";"Champagne, brut";"Glass";"12.5";"5.1093335"
"Vinmonopolet";"10299001";"La Borderie Coteaux Champenois Les Devoix Rouge 2016";"La Borderie Coteaux Champenois Les Devoix Rouge";"2016";"395";"0.75";"526.67";"RÃ¸dvin";"Glass";"12.5";"4.213333"
"Vinmonopolet";"10299401";"Rossignol-Trapet Chambertin Grand Cru 2014";"Rossignol-Trapet Chambertin Grand Cru";"2014";"1797";"0.75";"2396";"RÃ¸dvin";"Glass";"13.5";"17.748148"
"Vinmonopolet";"10299505";"Rossignol-Trapet Gevrey-Chambertin Vieilles Vignes 2014";"Rossignol-Trapet Gevrey-Chambertin Vieilles Vignes";"2014";"975";"1.5";"650";"RÃ¸dvin";"Glass";"13";"5"
"Vinmonopolet";"10299701";"Rossignol-Trapet Gevrey-Chambertin Vieilles Vignes 2016";"Rossignol-Trapet Gevrey-Chambertin Vieilles Vignes";"2016";"510";"0.75";"680";"RÃ¸dvin";"Glass";"13";"5.230769"
"Vinmonopolet";"10299801";"Nicolas Maillart Platine Brut";"Nicolas Maillart Platine Brut";"0";"389.9";"0.75";"519.87";"Champagne, brut";"Glass";"12.5";"4.158933"
"Vinmonopolet";"10299901";"Rossignol-Trapet Chambertin Grand Cru 2015";"Rossignol-Trapet Chambertin Grand Cru";"2015";"2040.1";"0.75";"2720.13";"RÃ¸dvin";"Glass";"13";"20.924103"
"Vinmonopolet";"10300001";"Pilastri Vigna Monteprandone Rosso Piceno Superiore 2015";"Pilastri Vigna Monteprandone Rosso Piceno Superiore";"2015";"199.9";"0.75";"266.53";"RÃ¸dvin";"Glass";"13.5";"1.9743209"
"Vinmonopolet";"10300101";"Nicolas Maillart Premier Cru Extra Brut 2012";"Nicolas Maillart Premier Cru Extra Brut";"2012";"539.9";"0.75";"719.87";"Champagne extra brut";"Glass";"12.5";"5.7589335"
"Vinmonopolet";"10300301";"Pilastri Offida Pecorino 2018";"Pilastri Offida Pecorino";"2018";"162";"0.75";"216";"White wine";"Glass";"13.5";"1.6"
"Vinmonopolet";"10300501";"Milovic Status Barrique 2010";"Milovic Status Barrique";"2010";"341.6";"0.75";"455.47";"RÃ¸dvin";"Glass";"13.5";"3.3738272"
"Vinmonopolet";"10300601";"Milovic Status Reserve 2010";"Milovic Status Reserve";"2010";"549";"0.75";"732";"RÃ¸dvin";"Glass";"13.5";"5.422222"
"Vinmonopolet";"10300701";"Oliviero Toscani Toscana Ot 2013";"Oliviero Toscani Toscana Ot";"2013";"394.9";"0.75";"526.53";"RÃ¸dvin";"Glass";"14";"3.7609522"
"Vinmonopolet";"10301401";"Oliviero Toscani Lumeo";"Oliviero Toscani Lumeo";"2015";"543.9";"0.75";"725.2";"RÃ¸dvin";"Glass";"14.5";"5.0013795"
"Vinmonopolet";"10301501";"Oliviero Toscani LolÃ­";"Oliviero Toscani LolÃ­";"2016";"276.9";"0.75";"369.2";"Musserende vin, rosÃ©";"Glass";"11";"3.3563635"
"Vinmonopolet";"10302101";"Ricossa Barolo Riserva 2010";"Ricossa Barolo Riserva";"2010";"364.9";"0.75";"486.53";"RÃ¸dvin";"Glass";"14";"3.475238"
"Vinmonopolet";"10302201";"Ricossa Piemonte Barbera";"Ricossa Piemonte Barbera";"2019";"139.9";"0.75";"186.53";"RÃ¸dvin";"Glass";"13";"1.4348717"
"Vinmonopolet";"10302304";"Unicum Zwack";"Unicum Zwack";"0";"196.6";"0.2";"983";"Bitter	";"Glass";"40";"2.4575"
"Vinmonopolet";"10303301";"ViÃ±a Bujanda Rioja Tempranillo Tinto Joven 2018";"ViÃ±a Bujanda Rioja Tempranillo Tinto Joven";"2018";"127.5";"0.75";"170";"RÃ¸dvin";"Glass";"12.5";"1.36"
"Vinmonopolet";"10303401";"Suertes del MarquÃ©s El EsquilÃ³n Listan Negro 2016";"Suertes del MarquÃ©s El EsquilÃ³n Listan Negro";"2016";"299.9";"0.75";"399.87";"RÃ¸dvin";"Glass";"13.5";"2.9619753"
"Vinmonopolet";"10304801";"Hrikariki Vatn Akevitt fra Ringerike";"Hrikariki Vatn Akevitt fra Ringerike";"0";"484.9";"0.7";"692.71";"Aquavit";"Glass";"40";"1.7317858"
"Vinmonopolet";"10305101";"Fanny Sabre Beaune Clos des Renardes 2017";"Fanny Sabre Beaune Clos des Renardes";"2017";"489.9";"0.75";"653.2";"RÃ¸dvin";"Glass";"13";"5.0246153"
"Vinmonopolet";"10305201";"Dom. des Gandines Macon Villages 2017";"Dom. des Gandines Macon Villages";"2017";"249";"0.75";"332";"White wine";"Glass";"13";"2.5538461"
"Vinmonopolet";"10305301";"Dom. des Gandines Bourgogne rouge 2016";"Dom. des Gandines Bourgogne rouge";"2016";"264";"0.75";"352";"RÃ¸dvin";"Glass";"13";"2.7076924"
"Vinmonopolet";"10305407";"Ch. du Breuil Calvados RÃ©serve des Seigneurs 20 Ans";"Ch. du Breuil Calvados RÃ©serve des Seigneurs 20 Ans";"0";"2200";"2";"1100";"Fruit spirit";"Glass";"41";"2.682927"
"Vinmonopolet";"10305501";"Left Field Hawkes Bay Syrah 2016";"Left Field Hawkes Bay Syrah";"2016";"179.9";"0.75";"239.87";"RÃ¸dvin";"Glass";"13";"1.8451282"
"Vinmonopolet";"10305801";"Lafon MÃ¢con-Villages 2018";"Lafon MÃ¢con-Villages";"2018";"249.9";"0.75";"333.2";"White wine";"Glass";"12.5";"2.6655998"
"Vinmonopolet";"10305901";"Dr. BÃ¼rklin-Wolf Langenmorgen Riesling 2016";"Dr. BÃ¼rklin-Wolf Langenmorgen Riesling";"2016";"534.9";"0.75";"713.2";"White wine";"Glass";"13";"5.486154"
"Vinmonopolet";"10306001";"Dr. BÃ¼rklin-Wolf GaisbÃ¶hl Riesling 2016";"Dr. BÃ¼rklin-Wolf GaisbÃ¶hl Riesling";"2016";"428.9";"0.75";"571.87";"White wine";"Glass";"12.5";"4.574933"
"Vinmonopolet";"10306201";"Dupont Calvados Pommes Captive";"Dupont Calvados Pommes Captive";"0";"898.5";"0.7";"1283.57";"Fruit spirit";"Glass";"40";"3.2089286"
"Vinmonopolet";"10306405";"Diel Dorsheimer Riesling 2016";"Diel Dorsheimer Riesling";"2016";"517.9";"1.5";"345.27";"White wine";"Glass";"12";"2.8772223"
"Vinmonopolet";"10306505";"Selbach-Oster Zeltinger Sonnenuhr Riesling SpÃ¤tlese Feinherb Ur Alte Reben 2015";"Selbach-Oster Zeltinger Sonnenuhr Riesling SpÃ¤tlese Feinherb Ur Alte Reben";"2015";"567.7";"1.5";"378.47";"White wine";"Glass";"12";"3.153889"
"Vinmonopolet";"10306601";"Le Piane 2015";"Le Piane";"2015";"359.9";"0.75";"479.87";"RÃ¸dvin";"Glass";"14";"3.427619"
"Vinmonopolet";"10306701";"DomÃ¬ni Veneti Valpolicella Classico 2017";"DomÃ¬ni Veneti Valpolicella Classico";"2017";"129.9";"0.75";"173.2";"RÃ¸dvin";"Glass";"12.5";"1.3856"
"Vinmonopolet";"10306801";"Merlin MÃ¢con La Roche Vineuse Les Cras 2016";"Merlin MÃ¢con La Roche Vineuse Les Cras";"2016";"365";"0.75";"486.67";"White wine";"Glass";"13";"3.7435896"
"Vinmonopolet";"10306902";"Caves Hautes CÃ´tes CrÃ©mant de Bourgogne Brut 2013";"Caves Hautes CÃ´tes CrÃ©mant de Bourgogne Brut";"2013";"99.9";"0.38";"266.4";"Sparkling wine";"Glass";"12";"2.1907895"
"Vinmonopolet";"10307001";"Mouzon-Leroux L'atavique";"Mouzon-Leroux L'atavique";"0";"425";"0.75";"566.67";"Champagne extra brut";"Glass";"12";"4.7222223"
"Vinmonopolet";"10307105";"Caves Hautes CÃ´tes CrÃ©mant de Bourgogne Brut 2011";"Caves Hautes CÃ´tes CrÃ©mant de Bourgogne Brut";"2011";"409.9";"1.5";"273.27";"Sparkling wine";"Glass";"12.5";"2.1861334"
"Vinmonopolet";"10307201";"Dom. d'Aupilhac Les CocaliÃ¨res 2017";"Dom. d'Aupilhac Les CocaliÃ¨res";"2017";"284";"0.75";"378.67";"White wine";"Glass";"13.5";"2.8049383"
"Vinmonopolet";"10307301";"Garrone Munaloss 2016";"Garrone Munaloss";"2016";"209.9";"0.75";"279.87";"RÃ¸dvin";"Glass";"12";"2.3322222"
"Vinmonopolet";"10307401";"Samuel Billaud Chablis Grand Cru Bougros 2017";"Samuel Billaud Chablis Grand Cru Bougros";"2017";"789.9";"0.75";"1053.2";"White wine";"Glass";"13";"8.101539"
"Vinmonopolet";"10307501";"FEL Chardonnay 2016";"FEL Chardonnay";"2016";"469.9";"0.75";"626.53";"White wine";"Glass";"13.9";"4.507434"
"Vinmonopolet";"10307601";"FEL Pinot Noir 2015";"FEL Pinot Noir";"2015";"699.9";"0.75";"933.2";"RÃ¸dvin";"Glass";"14.4";"6.480556"
"Vinmonopolet";"10309901";"Guy Farge Harmonie Cornas 2017";"Guy Farge Harmonie Cornas";"2017";"415.9";"0.75";"554.53";"RÃ¸dvin";"Glass";"13.5";"4.107654"
"Vinmonopolet";"10310201";"Drouin Calvados Pays d'Auge XO";"Drouin Calvados Pays d'Auge XO";"0";"699.9";"0.7";"999.86";"Fruit spirit";"Glass";"40";"2.499643"
"Vinmonopolet";"10311402";"Homborsund Skudeviga Pilsener";"Homborsund Skudeviga Pilsener";"0";"52.8";"0.33";"160";"Light lager";"Glass";"5.5";"2.9090908"
"Vinmonopolet";"10311602";"Le Demi Bordeaux 2016";"Le Demi Bordeaux";"2016";"109.9";"0.5";"219.8";"RÃ¸dvin";"Glass";"12.5";"1.7584001"
"Vinmonopolet";"10312101";"Le Clos Fleuri Cidre BouchÃ© Brut";"Le Clos Fleuri Cidre BouchÃ© Brut";"0";"94.9";"0.75";"126.53";"Cider";"Glass";"5";"2.5306666"
"Vinmonopolet";"10312201";"Jons Utvalgte Calvados Pays d'Auge XO";"Jons Utvalgte Calvados Pays d'Auge XO";"0";"699.9";"0.7";"999.86";"Fruit spirit";"Glass";"42";"2.3806124"
"Vinmonopolet";"10312301";"Ch. Haut-Moulin Vielles Vignes 2017";"Ch. Haut-Moulin Vielles Vignes";"2017";"129.9";"0.75";"173.2";"RÃ¸dvin";"Glass";"13.5";"1.2829629"
"Vinmonopolet";"10312401";"Wimmer-Czerny Fumberg GrÃ¼ner Veltliner 2018";"Wimmer-Czerny Fumberg GrÃ¼ner Veltliner";"2018";"219.9";"0.75";"293.2";"White wine";"Glass";"12";"2.4433331"
"Vinmonopolet";"10312601";"Boundry Breaks Riesling Extra Dry #90 2018";"Boundry Breaks Riesling Extra Dry #90";"2018";"209.9";"0.75";"279.87";"White wine";"Glass";"12";"2.3322222"
"Vinmonopolet";"10313005";"Ch. d'Issan 2015";"Ch. d'Issan";"2015";"2669";"1.5";"1779.33";"RÃ¸dvin";"Glass";"14";"12.709524"
"Vinmonopolet";"10314202";"To Ãl Dangerously close to stupid amount of passionfruit";"To Ãl Dangerously close to stupid amount of passionfruit";"0";"88.8";"0.33";"269.09";"India pale ale";"Glass";"9.3";"2.8934505"
"Vinmonopolet";"10314301";"Dalrymple Pinot Noir 2016";"Dalrymple Pinot Noir";"2016";"309.9";"0.75";"413.2";"RÃ¸dvin";"Glass";"13.5";"3.0607407"
"Vinmonopolet";"10314401";"Wente Sandstone Merlot 2015";"Wente Sandstone Merlot";"2015";"229";"0.75";"305.33";"RÃ¸dvin";"Glass";"13.5";"2.2617283"
"Vinmonopolet";"10314601";"Cos Zibibbo in Pithos 2017";"Cos Zibibbo in Pithos";"2017";"339.9";"0.75";"453.2";"White wine";"Glass";"12";"3.7766666"
"Vinmonopolet";"10315101";"Casa Belfi Naturalmentefrizzante Rosso";"Casa Belfi Naturalmentefrizzante Rosso";"0";"219.9";"0.75";"293.2";"Perlende vin, rÃ¸d";"Glass";"11.5";"2.549565"
"Vinmonopolet";"10317601";"Piu Piu Mosel PetNat";"Piu Piu Mosel PetNat";"0";"249.9";"0.75";"333.2";"Sparkling white wine";"Glass";"11.5";"2.8973913"
"Vinmonopolet";"10317701";"JoJo Mosel Orange Juice 2018";"JoJo Mosel Orange Juice";"2018";"269.9";"0.75";"359.87";"White wine";"Glass";"11";"3.2715151"
"Vinmonopolet";"10317802";"Dom. Wachau Riesling Amphora";"Dom. Wachau Riesling Amphora";"2016";"260";"0.5";"520";"White wine";"Glass";"12.5";"4.16"
"Vinmonopolet";"10317901";"Dom. Wachau DÃ¼rnstein Federspiel GrÃ¼ner Veltliner 2018";"Dom. Wachau DÃ¼rnstein Federspiel GrÃ¼ner Veltliner";"2018";"154.9";"0.75";"206.53";"White wine";"Glass";"12.5";"1.6522666"
"Vinmonopolet";"10318001";"Dom. Wachau Achleiten GrÃ¼ner Veltliner Smaragd 2018";"Dom. Wachau Achleiten GrÃ¼ner Veltliner Smaragd";"2018";"340";"0.75";"453.33";"White wine";"Glass";"14.5";"3.1264367"
"Vinmonopolet";"10318101";"Alexandre Bonnet Expression Organic Brut";"Alexandre Bonnet Expression Organic Brut";"0";"429.9";"0.75";"573.2";"Champagne, brut";"Glass";"12.5";"4.5856"
"Vinmonopolet";"10318201";"Dom. Wachau Singerriedel Riesling Smaragd 2017";"Dom. Wachau Singerriedel Riesling Smaragd";"2017";"339.9";"0.75";"453.2";"White wine";"Glass";"13.5";"3.357037"
"Vinmonopolet";"10318301";"Rijckaert Arbois Grand Elevage 2016";"Rijckaert Arbois Grand Elevage";"2016";"320";"0.75";"426.67";"White wine";"Glass";"13";"3.2820513"
"Vinmonopolet";"10318401";"Gotas del Mar Godello 2016";"Gotas del Mar Godello";"2016";"250";"0.75";"333.33";"White wine";"Glass";"13";"2.5641026"
"Vinmonopolet";"10319201";"The Kurayoshi Pure Malt Aged in Sherry Cask";"The Kurayoshi Pure Malt Aged in Sherry Cask";"0";"889.9";"0.7";"1271.29";"Whisky";"Glass";"43";"2.9564786"
"Vinmonopolet";"10319302";"The Tottori Blended Japanese Whisky Bourbon Barrel";"The Tottori Blended Japanese Whisky Bourbon Barrel";"0";"479.9";"0.5";"959.8";"Whisky";"Glass";"43";"2.232093"
"Vinmonopolet";"10319402";"The Tottori Blended Japanese Whisky";"The Tottori Blended Japanese Whisky";"0";"459.9";"0.5";"919.8";"Whisky";"Glass";"43";"2.1390698"
"Vinmonopolet";"10319501";"Etsu Handcrafted Gin";"Etsu Handcrafted Gin";"0";"549.9";"0.7";"785.57";"Gin";"Glass";"43";"1.8269104"
"Vinmonopolet";"10319601";"Riedlin Rose";"Riedlin Rose";"0";"299.6";"0.75";"399.47";"RosÃ©vin";"Glass";"12.5";"3.1957333"
"Vinmonopolet";"10319801";"Fuyu Blended Japanese Whisky";"Fuyu Blended Japanese Whisky";"0";"559.9";"0.7";"799.86";"Whisky";"Glass";"40";"1.999643"
"Vinmonopolet";"10320002";"Ch. du Breuil Calvados RÃ©serve des Seigneurs 20 Ans d'Age";"Ch. du Breuil Calvados RÃ©serve des Seigneurs 20 Ans d'Age";"0";"449.9";"0.35";"1285.43";"Fruit spirit";"Glass";"41";"3.1351917"
"Vinmonopolet";"10320101";"Icario Vitaroccia Vino Nobile de Montepulciano Riserva 2012";"Icario Vitaroccia Vino Nobile de Montepulciano Riserva";"2012";"479";"0.75";"638.67";"RÃ¸dvin";"Glass";"14.5";"4.4045978"
"Vinmonopolet";"10320201";"Icario Vino Nobile de Montepulciano Riserva Vitaroccia 2009";"Icario Vino Nobile de Montepulciano Riserva Vitaroccia";"2009";"424.9";"0.75";"566.53";"RÃ¸dvin";"Glass";"14.5";"3.9071264"
"Vinmonopolet";"10320301";"Icario Rosso di Montepulciano 2016";"Icario Rosso di Montepulciano";"2016";"296";"0.75";"394.67";"RÃ¸dvin";"Glass";"14.5";"2.7218392"
"Vinmonopolet";"10320401";"Icario Vino Nobile de Montepulciano 2011";"Icario Vino Nobile de Montepulciano";"2011";"345";"0.75";"460";"RÃ¸dvin";"Glass";"14.5";"3.1724138"
"Vinmonopolet";"10320501";"Icario Rosso Icario 2014";"Icario Rosso Icario";"2014";"259";"0.75";"345.33";"RÃ¸dvin";"Glass";"14";"2.4666667"
"Vinmonopolet";"10321002";"Stillwater Oude Bae";"Stillwater Oude Bae";"0";"49.9";"0.35";"140.56";"SurÃ¸l";"Metall";"6.5";"2.1934066"
"Vinmonopolet";"10321201";"Yamazakura Blended Whisky";"Yamazakura Blended Whisky";"0";"859";"0.7";"1227.14";"Whisky";"Glass";"40";"3.0678573"
"Vinmonopolet";"10321506";"Duca di Sassari Barbera";"Duca di Sassari Barbera";"2017";"419.9";"3";"139.97";"RÃ¸dvin";"Bag-in-box";"13";"1.0766666"
"Vinmonopolet";"10321602";"Firestone Walker DBA Double Barrel Ale";"Firestone Walker DBA Double Barrel Ale";"0";"52.9";"0.35";"149.01";"Pale ale";"Glass";"5";"3.0228572"
"Vinmonopolet";"10321702";"Firestone Walker Union Jack IPA";"Firestone Walker Union Jack IPA";"0";"56.9";"0.35";"160.28";"India pale ale";"Glass";"7";"2.322449"
"Vinmonopolet";"10322101";"Dartigalongue Bas Armagnac VSOP";"Dartigalongue Bas Armagnac VSOP";"0";"539.9";"0.7";"771.29";"Grape spirit";"Glass";"40";"1.9282144"
"Vinmonopolet";"10322201";"Le Gin de Christian Drouin";"Le Gin de Christian Drouin";"0";"569.9";"0.7";"814.14";"Gin";"Glass";"42";"1.9384354"
"Vinmonopolet";"10322302";"JÃ¥ttÃ¥ GÃ¥rdsbryggeri Herliga London";"JÃ¥ttÃ¥ GÃ¥rdsbryggeri Herliga London";"0";"60.2";"0.33";"182.42";"Porter and stout";"Glass";"8";"2.280303"
"Vinmonopolet";"10322401";"Ch. Marquisat La PÃ©rouse";"Ch. Marquisat La PÃ©rouse";"2016";"165";"0.75";"220";"RÃ¸dvin";"Glass";"13";"1.6923077"
"Vinmonopolet";"10322601";"El GorÃº 2017";"El GorÃº";"2017";"179.9";"0.75";"239.87";"RÃ¸dvin";"Glass";"14";"1.7133332"
"Vinmonopolet";"10323002";"Coquerel Cidre Brut";"Coquerel Cidre Brut";"0";"59.9";"0.33";"181.52";"Cider";"Glass";"4.8";"3.7815654"
"Vinmonopolet";"10323102";"BÃ¥din Survold Berliner Weisse";"BÃ¥din Survold Berliner Weisse";"0";"55";"0.33";"166.67";"SurÃ¸l";"Glass";"5.5";"3.030303"
"Vinmonopolet";"10323202";"Copperhead Gibson Edition";"Copperhead Gibson Edition";"0";"459";"0.5";"918";"Gin";"Glass";"40";"2.295"
"Vinmonopolet";"10323402";"Tasca d'Almerita Diamante Passito 2016";"Tasca d'Almerita Diamante Passito";"2016";"275";"0.5";"550";"White wine";"Glass";"11";"5"
"Vinmonopolet";"10323501";"Alberti Benvento Sambuca";"Alberti Benvento Sambuca";"0";"395";"0.7";"564.29";"LikÃ¸r";"Glass";"40";"1.4107143"
"Vinmonopolet";"10323602";"Liquore Strega";"Liquore Strega";"0";"329";"0.5";"658";"LikÃ¸r";"Glass";"40";"1.645"
"Vinmonopolet";"10324002";"Bache-Gabrielsen Cognac Extra Old Vinger";"Bache-Gabrielsen Cognac Extra Old Vinger";"0";"649";"0.5";"1298";"Grape spirit";"Glass";"40";"3.245"
"Vinmonopolet";"10324101";"Dalvina Dioniz Syrah 2013";"Dalvina Dioniz Syrah";"2013";"257.8";"0.75";"343.73";"RÃ¸dvin";"Glass";"13.5";"2.5461726"
"Vinmonopolet";"10324201";"Kamnik Temjanika 2017";"Kamnik Temjanika";"2017";"191.4";"0.75";"255.2";"White wine";"Glass";"14";"1.8228571"
"Vinmonopolet";"10324301";"Zlatan Plavac 2013";"Zlatan Plavac";"2013";"230.4";"0.75";"307.2";"RÃ¸dvin";"Glass";"14";"2.1942856"
"Vinmonopolet";"10324401";"Dalvina Godsin Muscat Temjanika 2017";"Dalvina Godsin Muscat Temjanika";"2017";"147.8";"0.75";"197.07";"White wine";"Glass";"12.5";"1.5765333"
"Vinmonopolet";"10324601";"Ginglinger Alsace Pinot Blanc 2016";"Ginglinger Alsace Pinot Blanc";"2016";"249.9";"0.75";"333.2";"White wine";"Glass";"12.5";"2.6655998"
"Vinmonopolet";"10324701";"Ginglinger Vendanges Tardives Pinot Gris 2014";"Ginglinger Vendanges Tardives Pinot Gris";"2014";"555";"0.75";"740";"White wine";"Glass";"13";"5.6923075"
"Vinmonopolet";"10324801";"Ginglinger Alsace Grand Cru Ollwiller Riesling 2014";"Ginglinger Alsace Grand Cru Ollwiller Riesling";"2014";"375";"0.75";"500";"White wine";"Glass";"12.5";"4"
"Vinmonopolet";"10325001";"Ginglinger Alsace Grand Cru Eichberg Riesling 2015";"Ginglinger Alsace Grand Cru Eichberg Riesling";"2015";"398";"0.75";"530.67";"White wine";"Glass";"12.5";"4.245333"
"Vinmonopolet";"10325101";"Ginglinger Cremant d Alsace Brut";"Ginglinger Cremant d Alsace Brut";"0";"285";"0.75";"380";"Sparkling wine";"Glass";"12.5";"3.04"
"Vinmonopolet";"10325201";"Ginglinger Alsace Muscat 2017";"Ginglinger Alsace Muscat";"2017";"265";"0.75";"353.33";"White wine";"Glass";"12";"2.9444444"
"Vinmonopolet";"10325301";"Ginglinger Ambre Alsace 2016";"Ginglinger Ambre Alsace";"2016";"345";"0.75";"460";"White wine";"Glass";"13";"3.5384614"
"Vinmonopolet";"10325401";"Ginglinger Rubis Alsace Pinot Noir 2016";"Ginglinger Rubis Alsace Pinot Noir";"2016";"467";"0.75";"622.67";"RÃ¸dvin";"Glass";"13.5";"4.6123457"
"Vinmonopolet";"10325501";"Ginglinger Alsace Riesling 2017";"Ginglinger Alsace Riesling";"2017";"265";"0.75";"353.33";"White wine";"Glass";"12.5";"2.8266666"
"Vinmonopolet";"10325601";"Ginglinger Alsace Pinot Gris 2017";"Ginglinger Alsace Pinot Gris";"2017";"279.9";"0.75";"373.2";"White wine";"Glass";"13";"2.8707693"
"Vinmonopolet";"10325701";"Vicchiomaggio Agostino Petri Chianti Classico Riserva";"Vicchiomaggio Agostino Petri Chianti Classico Riserva";"2016";"239.9";"0.75";"319.87";"RÃ¸dvin";"Glass";"14";"2.284762"
"Vinmonopolet";"10326301";"Mesquida Mora Sincronia Rosat 2017";"Mesquida Mora Sincronia Rosat";"2017";"275";"0.75";"366.67";"RosÃ©vin";"Glass";"12.5";"2.9333334"
"Vinmonopolet";"10326401";"Mesquida Mora Sincronia Negre 2017";"Mesquida Mora Sincronia Negre";"2017";"275";"0.75";"366.67";"RÃ¸dvin";"Glass";"12.5";"2.9333334"
"Vinmonopolet";"10326501";"Mesquida Mora Sincronia Blanc 2017";"Mesquida Mora Sincronia Blanc";"2017";"275";"0.75";"366.67";"White wine";"Glass";"12.5";"2.9333334"
"Vinmonopolet";"10326601";"Herencia De Plata Reposado Tequila";"Herencia De Plata Reposado Tequila";"0";"725";"0.7";"1035.71";"Fruit spirit";"Glass";"40";"2.5892859"
"Vinmonopolet";"10326708";"24 Rums (25x2cl)";"24 Rums (25x2cl)";"0";"833.9";"0.5";"1667.8";"Rum";"Ãvrig";"40";"4.1695004"
"Vinmonopolet";"10326801";"A.Guyon Aloxe-Corton 1er Cru Les FourniÃ¨res";"A.Guyon Aloxe-Corton 1er Cru Les FourniÃ¨res";"2015";"539.9";"0.75";"719.87";"RÃ¸dvin";"Glass";"13";"5.537436"
"Vinmonopolet";"10326901";"A.Guyon Chambolle-Musigny Clos du Village";"A.Guyon Chambolle-Musigny Clos du Village";"2017";"629.9";"0.75";"839.87";"RÃ¸dvin";"Glass";"13";"6.460513"
"Vinmonopolet";"10327101";"Pascal Clement Chassagne-Montrachet 1er Cru Clos Saint-Jean 2015";"Pascal Clement Chassagne-Montrachet 1er Cru Clos Saint-Jean";"2015";"769.9";"0.75";"1026.53";"White wine";"Glass";"13";"7.8964105"
"Vinmonopolet";"10327201";"La Manufacture Benjamin Laroche Chablis Grand Cru Les Clos 2017";"La Manufacture Benjamin Laroche Chablis Grand Cru Les Clos";"2017";"789.9";"0.75";"1053.2";"White wine";"Glass";"13";"8.101539"
"Vinmonopolet";"10327301";"Painted Rock Syrah 2016";"Painted Rock Syrah";"2016";"363.8";"0.75";"485.07";"RÃ¸dvin";"Glass";"14.9";"3.255481"
"Vinmonopolet";"10327401";"Gosset-Brabant RÃ©serve Grand Cru Brut";"Gosset-Brabant RÃ©serve Grand Cru Brut";"0";"498";"0.75";"664";"Champagne, brut";"Glass";"12.5";"5.312"
"Vinmonopolet";"10327501";"Pierre Henri Ginglinger Alsace Sylvaner 2017";"Pierre Henri Ginglinger Alsace Sylvaner";"2017";"249";"0.75";"332";"White wine";"Glass";"12";"2.7666667"
"Vinmonopolet";"10327601";"Gosset-Brabant Tradition Premier Cru Brut";"Gosset-Brabant Tradition Premier Cru Brut";"0";"456";"0.75";"608";"Champagne, brut";"Glass";"12.5";"4.864"
"Vinmonopolet";"10327701";"Strauch Zero Brut Nature 2016";"Strauch Zero Brut Nature";"2016";"299.9";"0.75";"399.87";"Sparkling wine";"Glass";"12";"3.3322222"
"Vinmonopolet";"10327801";"No.1 Super Premium Vodka Gooseberry";"No.1 Super Premium Vodka Gooseberry";"2017";"371";"0.7";"530";"Vodka";"Glass";"37.5";"1.4133334"
"Vinmonopolet";"10328001";"Leth Blauer Zweigelt Klassik";"Leth Blauer Zweigelt Klassik";"2016";"184";"0.75";"245.33";"RÃ¸dvin";"Glass";"13";"1.8871795"
"Vinmonopolet";"10328101";"Leth Duett Riesling & Veltliner";"Leth Duett Riesling & Veltliner";"2018";"152";"0.75";"202.67";"White wine";"Glass";"12.5";"1.6213334"
"Vinmonopolet";"10328201";"No.1 Super Premium Vodka Pomegranate";"No.1 Super Premium Vodka Pomegranate";"2017";"371";"0.7";"530";"Vodka";"Glass";"37.5";"1.4133334"
"Vinmonopolet";"10328401";"Jura 10 YO";"Jura 10 YO";"0";"599.9";"0.7";"857";"Whisky";"Glass";"40";"2.1425002"
"Vinmonopolet";"10328501";"Jura 12 YO";"Jura 12 YO";"0";"675";"0.7";"964.29";"Whisky";"Glass";"40";"2.4107144"
"Vinmonopolet";"10328601";"H by Hine Fine Champagne VSOP";"H by Hine Fine Champagne VSOP";"0";"599.9";"0.7";"857";"Grape spirit";"Glass";"40";"2.1425002"
"Vinmonopolet";"10328701";"Jura Journey";"Jura Journey";"0";"549.9";"0.7";"785.57";"Whisky";"Glass";"40";"1.9639287"
"Vinmonopolet";"10328801";"Ron de Jeremy XO";"Ron de Jeremy XO";"0";"630";"0.7";"900";"Other spirit";"Glass";"40";"2.25"
"Vinmonopolet";"10328901";"Jura Seven Wood";"Jura Seven Wood";"0";"829.9";"0.7";"1185.57";"Whisky";"Glass";"42";"2.8227892"
"Vinmonopolet";"10329001";"Jura 18 YO";"Jura 18 YO";"0";"1175";"0.7";"1678.57";"Whisky";"Glass";"44";"3.8149352"
"Vinmonopolet";"10329101";"Berkeley Square Gin";"Berkeley Square Gin";"0";"1395";"0.7";"1992.86";"Gin";"Glass";"46";"4.3322983"
"Vinmonopolet";"10329201";"BarcelÃ³ Imperial";"BarcelÃ³ Imperial";"0";"550";"0.7";"785.71";"Rum";"Glass";"38";"2.0676692"
"Vinmonopolet";"10329301";"Leth Ried Schafflerberg GrÃ¼ner Veltliner";"Leth Ried Schafflerberg GrÃ¼ner Veltliner";"2017";"215";"0.75";"286.67";"White wine";"Glass";"12.5";"2.2933333"
"Vinmonopolet";"10329401";"Leth St. Laurent Reserve";"Leth St. Laurent Reserve";"2016";"222";"0.75";"296";"RÃ¸dvin";"Glass";"13";"2.2769232"
"Vinmonopolet";"10329501";"AnCnoc Peatheart";"AnCnoc Peatheart";"0";"769.9";"0.7";"1099.86";"Whisky";"Glass";"46";"2.3909938"
"Vinmonopolet";"10329602";"Lupulus Hopera";"Lupulus Hopera";"0";"55.2";"0.33";"167.27";"Pale ale";"Glass";"6";"2.7878788"
"Vinmonopolet";"10329702";"Lupulus Organicus";"Lupulus Organicus";"0";"46.7";"0.33";"141.52";"Trappist";"Glass";"8.5";"1.6648841"
"Vinmonopolet";"10329802";"De Kuyper Blue CuraÃ§ao";"De Kuyper Blue CuraÃ§ao";"0";"199.9";"0.5";"399.8";"LikÃ¸r";"Glass";"20";"1.999"
"Vinmonopolet";"10329902";"De Kuyper Melon";"De Kuyper Melon";"0";"199.9";"0.5";"399.8";"LikÃ¸r";"Glass";"15";"2.6653333"
"Vinmonopolet";"10330002";"De Kuyper Apricot Brandy";"De Kuyper Apricot Brandy";"0";"199.9";"0.5";"399.8";"LikÃ¸r";"Glass";"20";"1.999"
"Vinmonopolet";"10330102";"De Kuyper Passionfruit";"De Kuyper Passionfruit";"0";"199.9";"0.5";"399.8";"LikÃ¸r";"Glass";"15";"2.6653333"
"Vinmonopolet";"10330202";"De Kuyper Pineapple";"De Kuyper Pineapple";"0";"199.9";"0.5";"399.8";"LikÃ¸r";"Glass";"15";"2.6653333"
"Vinmonopolet";"10330302";"De Kuyper Wild Strawberry";"De Kuyper Wild Strawberry";"0";"199.9";"0.5";"399.8";"LikÃ¸r";"Glass";"15";"2.6653333"
"Vinmonopolet";"10330402";"De Kuyper Blackberry";"De Kuyper Blackberry";"0";"199.9";"0.5";"399.8";"LikÃ¸r";"Glass";"15";"2.6653333"
"Vinmonopolet";"10330501";"Dom. du Possible Couma AcÃ² 2017";"Dom. du Possible Couma AcÃ²";"2017";"380";"0.75";"506.67";"RÃ¸dvin";"Glass";"14";"3.6190476"
"Vinmonopolet";"10330601";"Dom. du Possible Tout Bu or not Tout Bu 2017";"Dom. du Possible Tout Bu or not Tout Bu";"2017";"299.9";"0.75";"399.87";"RÃ¸dvin";"Glass";"13";"3.0758975"
"Vinmonopolet";"10330701";"Dom. du Possible Danse Encore 2017";"Dom. du Possible Danse Encore";"2017";"325";"0.75";"433.33";"White wine";"Glass";"13";"3.3333333"
"Vinmonopolet";"10330801";"Dom. du Possible L'eau Ã  la Bouche 2017";"Dom. du Possible L'eau Ã  la Bouche";"2017";"325";"0.75";"433.33";"RÃ¸dvin";"Glass";"13";"3.3333333"
"Vinmonopolet";"10330901";"Dom. du Possible Le Fruit du Hasard 2017";"Dom. du Possible Le Fruit du Hasard";"2017";"269.9";"0.75";"359.87";"RÃ¸dvin";"Glass";"13";"2.7682052"
"Vinmonopolet";"10331001";"Dom. du Possible Charivari 2017";"Dom. du Possible Charivari";"2017";"279.9";"0.75";"373.2";"RÃ¸dvin";"Glass";"12.5";"2.9856"
"Vinmonopolet";"10331101";"Biale Basic Black";"Biale Basic Black";"2012";"390.6";"0.75";"520.8";"RÃ¸dvin";"Glass";"15.1";"3.4490066"
"Vinmonopolet";"10331201";"Biale Palisades Petite Sirah";"Biale Palisades Petite Sirah";"2013";"389.9";"0.75";"519.87";"RÃ¸dvin";"Glass";"14.9";"3.489038"
"Vinmonopolet";"10331301";"Biale Founding Farmers Zinfandel";"Biale Founding Farmers Zinfandel";"2013";"369.9";"0.75";"493.2";"RÃ¸dvin";"Glass";"14.8";"3.3324323"
"Vinmonopolet";"10331501";"Gosset-Brabant Nature Grand Cru Brut";"Gosset-Brabant Nature Grand Cru Brut";"0";"525";"0.75";"700";"Champagne, brut";"Glass";"12.5";"5.6"
"Vinmonopolet";"10331701";"Gosset-Brabant Noirs d'AÃ¿ Grand Cru Brut";"Gosset-Brabant Noirs d'AÃ¿ Grand Cru Brut";"0";"765";"0.75";"1020";"Champagne, brut";"Glass";"12.5";"8.16"
"Vinmonopolet";"10332105";"Gonet-Medeville Blanc de Noirs Premier Cru Brut";"Gonet-Medeville Blanc de Noirs Premier Cru Brut";"0";"829.9";"1.5";"553.27";"Champagne, brut";"Glass";"12.5";"4.4261336"
"Vinmonopolet";"10332201";"HerÃ¨ncia AltÃ©s Benufet Garnatxa Blanca 2018";"HerÃ¨ncia AltÃ©s Benufet Garnatxa Blanca";"2018";"214.9";"0.75";"286.53";"White wine";"Glass";"14.5";"1.9760919"
"Vinmonopolet";"10332301";"Dom. Giachino Monfarina 2018";"Dom. Giachino Monfarina";"2018";"224";"0.75";"298.67";"White wine";"Glass";"11.5";"2.5971014"
"Vinmonopolet";"10332401";"Dom. Giachino FrÃ¨res Giac 2018";"Dom. Giachino FrÃ¨res Giac";"2018";"234";"0.75";"312";"RÃ¸dvin";"Glass";"12";"2.6"
"Vinmonopolet";"10332501";"Dom. Giachino Ma Douce 2017";"Dom. Giachino Ma Douce";"2017";"324.9";"0.75";"433.2";"RÃ¸dvin";"Glass";"12";"3.61"
"Vinmonopolet";"10332601";"I Clivi RBL Brut Nature 2017";"I Clivi RBL Brut Nature";"2017";"239";"0.75";"318.67";"Sparkling white wine";"Glass";"11";"2.8969698"
"Vinmonopolet";"10332701";"I Clivi Ribolla Gialla 2017";"I Clivi Ribolla Gialla";"2017";"249";"0.75";"332";"White wine";"Glass";"11.5";"2.8869565"
"Vinmonopolet";"10332802";"Filipa Pato Post Querqus Bical 2017";"Filipa Pato Post Querqus Bical";"2017";"199.9";"0.5";"399.8";"White wine";"Glass";"11.5";"3.4765217"
"Vinmonopolet";"10333001";"Tenuta Meraviglia Vermentino 2017";"Tenuta Meraviglia Vermentino";"2017";"239.9";"0.75";"319.87";"White wine";"Glass";"13.5";"2.3693826"
"Vinmonopolet";"10333101";"I Clivi Galea Merlot 2015";"I Clivi Galea Merlot";"2015";"279";"0.75";"372";"RÃ¸dvin";"Glass";"13";"2.8615384"
"Vinmonopolet";"10333201";"Roger Perrin ChÃ¢teauneuf-du-pape RÃ©serve Vieilles Vignes";"Roger Perrin ChÃ¢teauneuf-du-pape RÃ©serve Vieilles Vignes";"2013";"450";"0.75";"600";"RÃ¸dvin";"Glass";"15";"4"
"Vinmonopolet";"10333301";"Roger Perrin CÃ´tes du RhÃ´ne FruitÃ©";"Roger Perrin CÃ´tes du RhÃ´ne FruitÃ©";"2017";"174.9";"0.75";"233.2";"RÃ¸dvin";"Glass";"13.5";"1.7274073"
"Vinmonopolet";"10333401";"Petite Marne Cotes du Jura Chardonnay 2016";"Petite Marne Cotes du Jura Chardonnay";"2016";"297.9";"0.75";"397.2";"White wine";"Glass";"13";"3.0553846"
"Vinmonopolet";"10333501";"Petite Marne Cotes du Jura Tradition 2016";"Petite Marne Cotes du Jura Tradition";"2016";"335";"0.75";"446.67";"White wine";"Glass";"13.5";"3.308642"
"Vinmonopolet";"10333601";"Petite Marne Les Creux d'Enfer 2015";"Petite Marne Les Creux d'Enfer";"2015";"345";"0.75";"460";"White wine";"Glass";"13";"3.5384614"
"Vinmonopolet";"10333701";"Petite Marne Cotes du Jura Savagnin 2014";"Petite Marne Cotes du Jura Savagnin";"2014";"379";"0.75";"505.33";"White wine";"Glass";"13.5";"3.7432098"
"Vinmonopolet";"10333801";"Petite Marne Cotes du Jura Trousseau 2016";"Petite Marne Cotes du Jura Trousseau";"2016";"345";"0.75";"460";"RÃ¸dvin";"Glass";"12.5";"3.68"
"Vinmonopolet";"10333901";"Petite Marne Cotes du Jura Poulsard 2016";"Petite Marne Cotes du Jura Poulsard";"2016";"298";"0.75";"397.33";"RÃ¸dvin";"Glass";"12.5";"3.1786666"
"Vinmonopolet";"10334001";"Petite Marne Cotes du Jura Pinot Noir 2016";"Petite Marne Cotes du Jura Pinot Noir";"2016";"299";"0.75";"398.67";"RÃ¸dvin";"Glass";"12";"3.3222222"
"Vinmonopolet";"10334101";"Petite Marne Vin Jaune 2011";"Petite Marne Vin Jaune";"2011";"629";"0.62";"1014.52";"White wine";"Glass";"14";"7.246544"
"Vinmonopolet";"10334201";"Petite Marne Cremant de Jura Brut";"Petite Marne Cremant de Jura Brut";"0";"299";"0.75";"398.67";"Sparkling wine";"Glass";"12";"3.3222222"
"Vinmonopolet";"10334601";"Castell de la Comanda Cava Rosat 2016";"Castell de la Comanda Cava Rosat";"2016";"129.9";"0.75";"173.2";"Musserende vin, rosÃ©";"Glass";"11.5";"1.5060868"
"Vinmonopolet";"10334701";"Wageck Kalkstein SpÃ¤tburgunder 2016";"Wageck Kalkstein SpÃ¤tburgunder";"2016";"159.9";"0.75";"213.2";"RÃ¸dvin";"Glass";"13";"1.64"
"Vinmonopolet";"10334801";"Wageck SpÃ¤tburgunder Bissersheim Kalkmergel 2015";"Wageck SpÃ¤tburgunder Bissersheim Kalkmergel";"2015";"199.9";"0.75";"266.53";"RÃ¸dvin";"Glass";"13";"2.0502563"
"Vinmonopolet";"10334901";"Crafter's London Dry Gin";"Crafter's London Dry Gin";"0";"475.9";"0.7";"679.86";"Gin";"Glass";"43";"1.5810632"
"Vinmonopolet";"10335001";"Crafter's Aromatic Flower Gin";"Crafter's Aromatic Flower Gin";"0";"549.9";"0.7";"785.57";"Gin";"Glass";"44.3";"1.7732991"
"Vinmonopolet";"10335102";"Vana Tallinn Marzipan Cream";"Vana Tallinn Marzipan Cream";"0";"196.9";"0.5";"393.8";"LikÃ¸r";"Glass";"16";"2.4612498"
"Vinmonopolet";"10335201";"Joan d'Anguera Planella 2016";"Joan d'Anguera Planella";"2016";"219.9";"0.75";"293.2";"RÃ¸dvin";"Glass";"14";"2.0942857"
"Vinmonopolet";"10335401";"Frontonio TelescÃ³pico Carignan 2016";"Frontonio TelescÃ³pico Carignan";"2016";"329.9";"0.75";"439.87";"RÃ¸dvin";"Glass";"14";"3.1419046"
"Vinmonopolet";"10335501";"Frontonio SupersÃ³nico Garnacha 2017";"Frontonio SupersÃ³nico Garnacha";"2017";"329.9";"0.75";"439.87";"RÃ¸dvin";"Glass";"14";"3.1419046"
"Vinmonopolet";"10335601";"Moser 51,151 Brut";"Moser 51,151 Brut";"0";"219.9";"0.75";"293.2";"Sparkling wine";"Glass";"12.5";"2.3456"
"Vinmonopolet";"10335701";"Moser Brut Nature";"Moser Brut Nature";"2012";"249.9";"0.75";"333.2";"Sparkling wine";"Glass";"12.5";"2.6655998"
"Vinmonopolet";"10336201";"Fetzer Flatbed Red Blend 2018";"Fetzer Flatbed Red Blend";"2018";"129.9";"0.75";"173.2";"RÃ¸dvin";"Glass";"13.5";"1.2829629"
"Vinmonopolet";"10336301";"Diablo Dark Red 2017";"Diablo Dark Red";"2017";"129.9";"0.75";"173.2";"RÃ¸dvin";"Glass";"13.5";"1.2829629"
"Vinmonopolet";"10336401";"Giacomo Anselma Russ";"Giacomo Anselma Russ";"0";"269";"0.75";"358.67";"RÃ¸dvin";"Glass";"14";"2.5619047"
"Vinmonopolet";"10336503";"Elephant Gin";"Elephant Gin";"0";"70.6";"0.05";"1412";"Gin";"Glass";"45";"3.1377776"
"Vinmonopolet";"10336602";"Elephant Strength Gin";"Elephant Strength Gin";"0";"592.9";"0.5";"1185.8";"Gin";"Glass";"57";"2.0803509"
"Vinmonopolet";"10336702";"Elephant Sloe Gin";"Elephant Sloe Gin";"0";"499.9";"0.5";"999.8";"LikÃ¸r";"Glass";"35";"2.8565714"
"Vinmonopolet";"10336801";"Urbina Reserva Especial 2006";"Urbina Reserva Especial";"2006";"274.9";"0.75";"366.53";"RÃ¸dvin";"Glass";"14";"2.6180952"
"Vinmonopolet";"10336901";"Urbina Gran Reserva 2004";"Urbina Gran Reserva";"2004";"334.9";"0.75";"446.53";"RÃ¸dvin";"Glass";"14";"3.1895237"
"Vinmonopolet";"10337001";"Urbina Crianza 2009";"Urbina Crianza";"2009";"199.9";"0.75";"266.53";"RÃ¸dvin";"Glass";"13.5";"1.9743209"
"Vinmonopolet";"10337201";"Fabio Oberto Barolo di Serralunga d'Alba 2015";"Fabio Oberto Barolo di Serralunga d'Alba";"2015";"309.9";"0.75";"413.2";"RÃ¸dvin";"Glass";"14.5";"2.8496552"
"Vinmonopolet";"10337401";"Painted Rock Red Icon 2016";"Painted Rock Red Icon";"2016";"429.2";"0.75";"572.27";"RÃ¸dvin";"Glass";"14.6";"3.9196348"
"Vinmonopolet";"10338301";"Barkan Special Reserve Pinotage";"Barkan Special Reserve Pinotage";"2014";"259.5";"0.75";"346";"RÃ¸dvin";"Glass";"12.5";"2.768"
"Vinmonopolet";"10338401";"Barkan Superieur Cabernet Sauvignon";"Barkan Superieur Cabernet Sauvignon";"2014";"545.1";"0.75";"726.8";"RÃ¸dvin";"Glass";"14";"5.191428"
"Vinmonopolet";"10338501";"Rodiles Blanco de Viura Reserva";"Rodiles Blanco de Viura Reserva";"2013";"356.7";"0.75";"475.6";"White wine";"Glass";"13";"3.6584616"
"Vinmonopolet";"10338601";"Lamblin & Fils CÃ´tes du RhÃ´ne";"Lamblin & Fils CÃ´tes du RhÃ´ne";"2018";"184.9";"0.75";"246.53";"RÃ¸dvin";"Glass";"14";"1.7609524"
"Vinmonopolet";"10338701";"Lamblin & Fils IGP Pays d'Oc Merlot Cabernet";"Lamblin & Fils IGP Pays d'Oc Merlot Cabernet";"2018";"159.9";"0.75";"213.2";"RÃ¸dvin";"Glass";"13";"1.64"
"Vinmonopolet";"10338802";"Bouchard PÃ¨re & Fils Pommard 2014";"Bouchard PÃ¨re & Fils Pommard";"2014";"294.9";"0.38";"786.4";"RÃ¸dvin";"Glass";"12.5";"6.208421"
"Vinmonopolet";"10338901";"Ch. des Matards CuvÃ©e Nathan 2015";"Ch. des Matards CuvÃ©e Nathan";"2015";"199.9";"0.75";"266.53";"RÃ¸dvin";"Glass";"13.5";"1.9743209"
"Vinmonopolet";"10339001";"Ch. des Matards CuvÃ©e Tradition 2017";"Ch. des Matards CuvÃ©e Tradition";"2017";"159.9";"0.75";"213.2";"White wine";"Glass";"13.5";"1.5792592"
"Vinmonopolet";"10339101";"Ch. des Matards CuvÃ©e SpÃ©ciale 2015";"Ch. des Matards CuvÃ©e SpÃ©ciale";"2015";"169.9";"0.75";"226.53";"RÃ¸dvin";"Glass";"13";"1.7425641"
"Vinmonopolet";"10339201";"Pascal ClemÃ©nt Vosne Romanee 2016";"Pascal ClemÃ©nt Vosne Romanee";"2016";"739.9";"0.75";"986.53";"RÃ¸dvin";"Glass";"13";"7.5887184"
"Vinmonopolet";"10339301";"Mas Olivier Expression 2018";"Mas Olivier Expression";"2018";"194.9";"0.75";"259.87";"White wine";"Glass";"13";"1.9989743"
"Vinmonopolet";"10339401";"Mas Olivier SÃ©lÃ©ction 2017";"Mas Olivier SÃ©lÃ©ction";"2017";"179.5";"0.75";"239.33";"RÃ¸dvin";"Glass";"13";"1.8410256"
"Vinmonopolet";"10339501";"La Grange des Combes 2016";"La Grange des Combes";"2016";"204.3";"0.75";"272.4";"RÃ¸dvin";"Glass";"14";"1.9457144"
"Vinmonopolet";"10339601";"Au Fil de Soi 2015";"Au Fil de Soi";"2015";"239.9";"0.75";"319.87";"RÃ¸dvin";"Glass";"14";"2.284762"
"Vinmonopolet";"10339701";"Seigneur d'Aupenac 2014";"Seigneur d'Aupenac";"2014";"329.8";"0.75";"439.73";"RÃ¸dvin";"Glass";"14.5";"3.0326436"
"Vinmonopolet";"10339801";"Clos Bagatelle 2017";"Clos Bagatelle";"2017";"197.9";"0.75";"263.87";"White wine";"Glass";"13";"2.0297434"
"Vinmonopolet";"10339901";"Galarin Tinella Superiore 2015";"Galarin Tinella Superiore";"2015";"340.5";"0.75";"454";"RÃ¸dvin";"Glass";"15";"3.0266666"
"Vinmonopolet";"10340001";"Galarin Le Querce Barbera dAsti 2016";"Galarin Le Querce Barbera dAsti";"2016";"239";"0.75";"318.67";"RÃ¸dvin";"Glass";"15";"2.1244445"
"Vinmonopolet";"10340301";"Mas des Agrunelles Nicot Rouge";"Mas des Agrunelles Nicot Rouge";"2015";"194.9";"0.75";"259.87";"RÃ¸dvin";"Glass";"13";"1.9989743"
"Vinmonopolet";"10340401";"Mas des Agrunelles L'IndigÃ¨ne 2017";"Mas des Agrunelles L'IndigÃ¨ne";"2017";"224.9";"0.75";"299.87";"RÃ¸dvin";"Glass";"13.5";"2.2212346"
"Vinmonopolet";"10340501";"Dom. de la Biscarelle ChÃ¢teauneuf-du-pape 2016";"Dom. de la Biscarelle ChÃ¢teauneuf-du-pape";"2016";"364.9";"0.75";"486.53";"RÃ¸dvin";"Glass";"14";"3.475238"
"Vinmonopolet";"10340601";"DÃ©but d'une histoire 2016";"DÃ©but d'une histoire";"2016";"199.9";"0.75";"266.53";"RÃ¸dvin";"Glass";"14";"1.9038094"
"Vinmonopolet";"10340901";"Monte del FrÃ¡ Corvina Veronese";"Monte del FrÃ¡ Corvina Veronese";"2016";"143.5";"0.75";"191.33";"RÃ¸dvin";"Glass";"13";"1.4717948"
"Vinmonopolet";"10341001";"Alfredo Maestro Valdecastrillo";"Alfredo Maestro Valdecastrillo";"2016";"229.8";"0.75";"306.4";"RÃ¸dvin";"Glass";"14";"2.1885715"
"Vinmonopolet";"10341101";"Jaffelin Saint Romain";"Jaffelin Saint Romain";"0";"299.9";"0.75";"399.87";"White wine";"Glass";"13";"3.0758975"
"Vinmonopolet";"10341201";"Jaffelin Givry 1er Cru Les Grandes Vignes";"Jaffelin Givry 1er Cru Les Grandes Vignes";"2016";"309.9";"0.75";"413.2";"RÃ¸dvin";"Glass";"13";"3.1784616"
"Vinmonopolet";"10341301";"Jaffelin Santenay 1er Cru Les Gravieres";"Jaffelin Santenay 1er Cru Les Gravieres";"2016";"379.9";"0.75";"506.53";"RÃ¸dvin";"Glass";"13";"3.8964102"
"Vinmonopolet";"10342001";"Zigno Pinot Grigio";"Zigno Pinot Grigio";"2017";"129";"0.75";"172";"White wine";"Glass";"12";"1.4333333"
"Vinmonopolet";"10342201";"Rogaland NÃ¥ge kvitt";"Rogaland NÃ¥ge kvitt";"2017";"119";"0.75";"158.67";"White wine";"Glass";"11.5";"1.3797102"
"Vinmonopolet";"10342301";"Ch. Vrai Caillou Blanc";"Ch. Vrai Caillou Blanc";"2016";"119.6";"0.75";"159.47";"White wine";"Glass";"12";"1.3288889"
"Vinmonopolet";"10342401";"Rogaland NÃ¥ge rÃ¸dt";"Rogaland NÃ¥ge rÃ¸dt";"2015";"119";"0.75";"158.67";"RÃ¸dvin";"Glass";"13";"1.2205129"
"Vinmonopolet";"10342501";"Guastaferro Taurasi Primum 2012";"Guastaferro Taurasi Primum";"2012";"629.9";"0.75";"839.87";"RÃ¸dvin";"Glass";"14.5";"5.7921844"
"Vinmonopolet";"10342601";"Guastaferro Taurasi Primum Riserva";"Guastaferro Taurasi Primum Riserva";"2007";"799.9";"0.75";"1066.53";"RÃ¸dvin";"Glass";"14.5";"7.3554025"
"Vinmonopolet";"10342701";"Valdo Garda Brut";"Valdo Garda Brut";"0";"129";"0.75";"172";"Sparkling wine";"Glass";"11";"1.5636364"
"Vinmonopolet";"10342801";"Beefeater London Pink";"Beefeater London Pink";"0";"379.9";"0.7";"542.71";"Gin";"Glass";"37.5";"1.4472381"
"Vinmonopolet";"10343301";"Dautel Weissburgunder Gipskeuper 2017";"Dautel Weissburgunder Gipskeuper";"2017";"189.9";"0.75";"253.2";"White wine";"Glass";"13";"1.9476923"
"Vinmonopolet";"10343401";"Von Winning KÃ¶nigsbacher Ãlberg Riesling 2018";"Von Winning KÃ¶nigsbacher Ãlberg Riesling";"2018";"329.9";"0.75";"439.87";"White wine";"Glass";"12";"3.6655555"
"Vinmonopolet";"10343501";"G. Mascarello Dolcetto d'Alba Vigna Bricco Mirasole 2017";"G. Mascarello Dolcetto d'Alba Vigna Bricco Mirasole";"2017";"309.9";"0.75";"413.2";"RÃ¸dvin";"Glass";"14";"2.9514284"
"Vinmonopolet";"10344105";"Ioppa Colline Novaresi Vespolina Coda Rossa 2015";"Ioppa Colline Novaresi Vespolina Coda Rossa";"2015";"359.9";"1.5";"239.93";"RÃ¸dvin";"Glass";"13";"1.845641"
"Vinmonopolet";"10344301";"RibelÃ  Lazio bianco";"RibelÃ  Lazio bianco";"2016";"271.9";"0.75";"362.53";"White wine";"Glass";"13";"2.788718"
"Vinmonopolet";"10344401";"RibelÃ  Saittole 2015";"RibelÃ  Saittole";"2015";"303.3";"0.75";"404.4";"White wine";"Glass";"13.5";"2.9955554"
"Vinmonopolet";"10344501";"RibelÃ  Pentima 2017";"RibelÃ  Pentima";"2017";"342.5";"0.75";"456.67";"White wine";"Glass";"12";"3.8055556"
"Vinmonopolet";"10344601";"Tessari Bin Longhe Soave Classico";"Tessari Bin Longhe Soave Classico";"2016";"189";"0.75";"252";"White wine";"Glass";"13.5";"1.8666667"
"Vinmonopolet";"10344702";"Brekar Akevitt frÃ¥ Hallingdal";"Brekar Akevitt frÃ¥ Hallingdal";"0";"369";"0.5";"738";"Aquavit";"Glass";"40";"1.845"
"Vinmonopolet";"10344801";"Lykkens Portal";"Lykkens Portal";"0";"449";"0.7";"641.43";"Aquavit";"Glass";"40";"1.6035714"
"Vinmonopolet";"10345001";"Rioja Vega GG";"Rioja Vega GG";"2017";"149.9";"0.75";"199.87";"RÃ¸dvin";"Glass";"15";"1.3324444"
"Vinmonopolet";"10345101";"Remoissenet RenommÃ©e Bourgogne Rouge 2016";"Remoissenet RenommÃ©e Bourgogne Rouge";"2016";"289.9";"0.75";"386.53";"RÃ¸dvin";"Glass";"13";"2.9733334"
"Vinmonopolet";"10345401";"Remoissenet Beaune-GrÃ¨ves Premier Cru 2016";"Remoissenet Beaune-GrÃ¨ves Premier Cru";"2016";"589.9";"0.75";"786.53";"RÃ¸dvin";"Glass";"13.5";"5.8261733"
"Vinmonopolet";"10345602";"Six Degrees North Hopclassic";"Six Degrees North Hopclassic";"0";"49.8";"0.33";"150.91";"India pale ale";"Glass";"6.6";"2.2865012"
"Vinmonopolet";"10345701";"Fabio Oberto Barolo Riserva 2006";"Fabio Oberto Barolo Riserva";"2006";"519.9";"0.75";"693.2";"RÃ¸dvin";"Glass";"14";"4.951429"
"Vinmonopolet";"10345801";"Tropica Cosmopolitan";"Tropica Cosmopolitan";"0";"70.7";"0.75";"94.27";"Flavoured wine	";"Glass";"7";"1.3466666"
"Vinmonopolet";"10345901";"Moser RosÃ© Extra Brut 2013";"Moser RosÃ© Extra Brut";"2013";"379.9";"0.75";"506.53";"Musserende vin, rosÃ©";"Glass";"12.5";"4.0522666"
"Vinmonopolet";"10346102";"Cervisiam Impaled Maple Imperial Pastry Stout";"Cervisiam Impaled Maple Imperial Pastry Stout";"0";"84.9";"0.33";"251.21";"Porter and stout";"Emballasje med pant";"12";"2.1439393"
"Vinmonopolet";"10346502";"Graff Patchwork Piggy New England IPA";"Graff Patchwork Piggy New England IPA";"0";"67.9";"0.33";"205.76";"India pale ale";"Glass";"6.5";"3.165501"
"Vinmonopolet";"10346602";"De Tvende No excuses, all apologies New England IPA";"De Tvende No excuses, all apologies New England IPA";"0";"59.9";"0.33";"175.45";"India pale ale";"Emballasje med pant";"6";"3.0252526"
"Vinmonopolet";"10346702";"Cervisiam Hopbernie Sanders New England IPA";"Cervisiam Hopbernie Sanders New England IPA";"0";"65.9";"0.33";"193.64";"India pale ale";"Emballasje med pant";"6";"3.3282828"
"Vinmonopolet";"10346906";"Homage Garnacha";"Homage Garnacha";"2017";"459.9";"3";"153.3";"RÃ¸dvin";"Bag-in-box";"14";"1.095"
"Vinmonopolet";"10347006";"Barattolo Nero d'Avola";"Barattolo Nero d'Avola";"2017";"419.9";"3";"139.97";"RÃ¸dvin";"Bag-in-box";"13.5";"1.0367901"
"Vinmonopolet";"10347101";"Scallywag 10 YO";"Scallywag 10 YO";"0";"659.9";"0.7";"942.71";"Whisky";"Glass";"46";"2.049379"
"Vinmonopolet";"10347401";"Cavalchina Prendina Garda Rosso";"Cavalchina Prendina Garda Rosso";"2018";"209.9";"0.75";"279.87";"RÃ¸dvin";"Glass";"13.5";"2.0730863"
"Vinmonopolet";"10347501";"Cavalchina Prendina Garda Bianco";"Cavalchina Prendina Garda Bianco";"2017";"199.9";"0.75";"266.53";"White wine";"Glass";"12.5";"2.1322665"
"Vinmonopolet";"10347601";"Castello Vicchiomaggio Ripa Delle Mandorle";"Castello Vicchiomaggio Ripa Delle Mandorle";"2016";"176.9";"0.75";"235.87";"RÃ¸dvin";"Glass";"13.5";"1.7471604"
"Vinmonopolet";"10347605";"Castello Vicchiomaggio Ripa Delle Mandorle";"Castello Vicchiomaggio Ripa Delle Mandorle";"2016";"367.5";"1.5";"245";"RÃ¸dvin";"Glass";"13.5";"1.8148148"
"Vinmonopolet";"10347701";"Castello Vicchiomaggo Ripa delle Mandorle";"Castello Vicchiomaggo Ripa delle Mandorle";"2017";"184.9";"0.75";"246.53";"White wine";"Glass";"13";"1.8964102"
"Vinmonopolet";"10347801";"Castello Vicchiomaggio La Prima Chianti Classico Gran Reserva Selezione";"Castello Vicchiomaggio La Prima Chianti Classico Gran Reserva Selezione";"2015";"459.9";"0.75";"613.2";"RÃ¸dvin";"Glass";"14";"4.38"
"Vinmonopolet";"10347901";"Castello Vicchiomaggio San Jacopo Chianti Classico";"Castello Vicchiomaggio San Jacopo Chianti Classico";"2017";"225.9";"0.75";"301.2";"RÃ¸dvin";"Glass";"13";"2.316923"
"Vinmonopolet";"10348001";"Ulysse Etna Rosso";"Ulysse Etna Rosso";"2014";"264.9";"0.75";"353.2";"RÃ¸dvin";"Glass";"13.5";"2.6162963"
"Vinmonopolet";"10348101";"Tareni Frappato";"Tareni Frappato";"2017";"204.9";"0.75";"273.2";"RÃ¸dvin";"Glass";"13.5";"2.0237036"
"Vinmonopolet";"10348302";"Jean-Luc Pasquet Nostalgie Grande Champagne";"Jean-Luc Pasquet Nostalgie Grande Champagne";"0";"1199.9";"0.5";"2399.8";"Grape spirit";"Glass";"45.6";"5.2627196"
"Vinmonopolet";"10348402";"Jean-Luc Pasquet Tres Vieille Reserve Grande Champagne";"Jean-Luc Pasquet Tres Vieille Reserve Grande Champagne";"0";"1799";"0.5";"3598";"Grape spirit";"Glass";"44.2";"8.140271"
"Vinmonopolet";"10349802";"Koskenkorva Lakritsi";"Koskenkorva Lakritsi";"0";"129.9";"0.5";"259.8";"LikÃ¸r";"Plast";"17";"1.5282352"
"Vinmonopolet";"10349902";"Koskenkorva Blueberry Juniper";"Koskenkorva Blueberry Juniper";"0";"134.9";"0.5";"269.8";"Other spirit";"Plast";"21";"1.2847619"
"Vinmonopolet";"10350101";"Ch. Rauzan-SÃ©gla 2008";"Ch. Rauzan-SÃ©gla";"2008";"1515";"0.75";"2020";"RÃ¸dvin";"Glass";"13.5";"14.962963"
"Vinmonopolet";"10350201";"Ch. Clinet 2015";"Ch. Clinet";"2015";"1950";"0.75";"2600";"RÃ¸dvin";"Glass";"14";"18.571428"
"Vinmonopolet";"10350501";"Pierre Henri Ginglinger CuvÃ©e St-LÃ©on Alsace Gewurztraminer 2017";"Pierre Henri Ginglinger CuvÃ©e St-LÃ©on Alsace Gewurztraminer";"2017";"324.9";"0.75";"433.2";"White wine";"Glass";"13.5";"3.2088888"
"Vinmonopolet";"10350601";"Pierre Henri Ginglinger Alsace Gewurztraminer 2017";"Pierre Henri Ginglinger Alsace Gewurztraminer";"2017";"295";"0.75";"393.33";"White wine";"Glass";"13.5";"2.9135802"
"Vinmonopolet";"10350801";"Jean-Luc Mouillard CÃ´tes du Jura Le Curieux 2015";"Jean-Luc Mouillard CÃ´tes du Jura Le Curieux";"2015";"385";"0.75";"513.33";"White wine";"Glass";"13";"3.9487178"
"Vinmonopolet";"10350901";"Jean-Luc Mouillard CÃ´tes du Jura Chardonnay 2015";"Jean-Luc Mouillard CÃ´tes du Jura Chardonnay";"2015";"315";"0.75";"420";"White wine";"Glass";"13";"3.2307692"
"Vinmonopolet";"10351001";"Pierre Henri Ginglinger Alsace Pinot Noir 2017";"Pierre Henri Ginglinger Alsace Pinot Noir";"2017";"295";"0.75";"393.33";"RÃ¸dvin";"Glass";"13.5";"2.9135802"
"Vinmonopolet";"10351201";"Jean-Luc Mouillard Ch. Chalon Vin Jaune 2011";"Jean-Luc Mouillard Ch. Chalon Vin Jaune";"2011";"725";"0.62";"1169.36";"White wine";"Glass";"14.5";"8.064516"
"Vinmonopolet";"10351301";"Jean-Luc Mouillard L'Ãtoile SÃ©lection 2015";"Jean-Luc Mouillard L'Ãtoile SÃ©lection";"2015";"335";"0.75";"446.67";"White wine";"Glass";"13";"3.4358974"
"Vinmonopolet";"10351501";"Jean-Luc Mouillard CrÃ©mant de Jura Brut";"Jean-Luc Mouillard CrÃ©mant de Jura Brut";"0";"299";"0.75";"398.67";"Sparkling wine";"Glass";"11.5";"3.4666667"
"Vinmonopolet";"10351601";"Jean-Luc Mouillard CÃ´tes du Jura Trousseau 2016";"Jean-Luc Mouillard CÃ´tes du Jura Trousseau";"2016";"309.9";"0.75";"413.2";"RÃ¸dvin";"Glass";"12";"3.4433331"
"Vinmonopolet";"10351701";"Sandro de Bruno Terre de Terrossa Valpolicella 2017";"Sandro de Bruno Terre de Terrossa Valpolicella";"2017";"259";"0.75";"345.33";"RÃ¸dvin";"Glass";"12.5";"2.7626667"
"Vinmonopolet";"10351801";"Sandro de Bruno Terre de Terrossa Valpolicella Ripasso 2016";"Sandro de Bruno Terre de Terrossa Valpolicella Ripasso";"2016";"319";"0.75";"425.33";"RÃ¸dvin";"Glass";"13.5";"3.1506174"
"Vinmonopolet";"10351901";"Sandro de Bruno Terre di Terrossa Soave 2017";"Sandro de Bruno Terre di Terrossa Soave";"2017";"225";"0.75";"300";"White wine";"Glass";"12.5";"2.4"
"Vinmonopolet";"10352001";"Sandro de Bruno Soave Colli Scaligeri 2014";"Sandro de Bruno Soave Colli Scaligeri";"2014";"265";"0.75";"353.33";"White wine";"Glass";"13";"2.7179487"
"Vinmonopolet";"10352101";"Aux 4 Vents Blanc";"Aux 4 Vents Blanc";"2019";"163.9";"0.75";"218.53";"White wine";"Glass";"12.5";"1.7482666"
"Vinmonopolet";"10352201";"Vaux Rheingauer Riesling RÃ©serve Brut";"Vaux Rheingauer Riesling RÃ©serve Brut";"2015";"320";"0.75";"426.67";"Sparkling wine";"Glass";"12";"3.5555556"
"Vinmonopolet";"10352401";"The Famous Grouse Bourbon Cask";"The Famous Grouse Bourbon Cask";"0";"429.9";"0.7";"614.14";"Whisky";"Glass";"40";"1.5353571"
"Vinmonopolet";"10352501";"Highland Park Valknut";"Highland Park Valknut";"0";"729.9";"0.7";"1042.71";"Whisky";"Glass";"46.8";"2.228022"
"Vinmonopolet";"10352602";"Bols Pink Grapefruit";"Bols Pink Grapefruit";"0";"224.9";"0.5";"449.8";"LikÃ¸r";"Glass";"17";"2.6458824"
"Vinmonopolet";"10352801";"Giacomo Anselma Felice Barolo Riserva 2012";"Giacomo Anselma Felice Barolo Riserva";"2012";"699";"0.75";"932";"RÃ¸dvin";"Glass";"15";"6.213333"
"Vinmonopolet";"10352901";"Giacomo Anselma Barbera d'Alba 2018";"Giacomo Anselma Barbera d'Alba";"2018";"269";"0.75";"358.67";"RÃ¸dvin";"Glass";"14.5";"2.4735632"
"Vinmonopolet";"10353001";"Giacomo Anselma Langhe Nebbiolo 2015";"Giacomo Anselma Langhe Nebbiolo";"2015";"349";"0.75";"465.33";"RÃ¸dvin";"Glass";"14";"3.3238096"
"Vinmonopolet";"10353101";"Ch. Maucamps 2002";"Ch. Maucamps";"2002";"235";"0.75";"313.33";"RÃ¸dvin";"Glass";"12.5";"2.5066667"
"Vinmonopolet";"10353201";"Ch. Barreyre";"Ch. Barreyre";"2012";"192.5";"0.75";"256.67";"RÃ¸dvin";"Glass";"13";"1.9743589"
"Vinmonopolet";"10353301";"Ch. Plaisance 2006";"Ch. Plaisance";"2006";"180.1";"0.75";"240.13";"RÃ¸dvin";"Glass";"13";"1.8471795"
"Vinmonopolet";"10353401";"Ch. Plaisance 2007";"Ch. Plaisance";"2007";"149.9";"0.75";"199.87";"RÃ¸dvin";"Glass";"13";"1.5374359"
"Vinmonopolet";"10353701";"Ch. Minuty RosÃ© 281";"Ch. Minuty RosÃ© 281";"2017";"559.9";"0.75";"746.53";"RosÃ©vin";"Glass";"12.5";"5.972267"
"Vinmonopolet";"10353705";"Ch. Minuty RosÃ© 281";"Ch. Minuty RosÃ© 281";"2017";"1129.8";"1.5";"753.2";"RosÃ©vin";"Glass";"12.5";"6.0256004"
"Vinmonopolet";"10355701";"Corte Lavel Amarone della Valpolicella 2013";"Corte Lavel Amarone della Valpolicella";"2013";"359.6";"0.75";"479.47";"RÃ¸dvin";"Glass";"16";"2.9966667"
"Vinmonopolet";"10355801";"Dom. Gourt de Mautens Blanc 2015";"Dom. Gourt de Mautens Blanc";"2015";"440.3";"0.75";"587.07";"White wine";"Glass";"15";"3.9137776"
"Vinmonopolet";"10355901";"Dom. Gourt de Mautens 2015";"Dom. Gourt de Mautens";"2015";"566.6";"0.75";"755.47";"RÃ¸dvin";"Glass";"15";"5.036444"
"Vinmonopolet";"10356001";"Bosio Leda The Truffle Hunter Dolcetto d'Alba 2017";"Bosio Leda The Truffle Hunter Dolcetto d'Alba";"2017";"169.9";"0.75";"226.53";"RÃ¸dvin";"Glass";"13";"1.7425641"
"Vinmonopolet";"10356101";"Ca'Viola Barbera d'Alba Brichet 2015";"Ca'Viola Barbera d'Alba Brichet";"2015";"194.7";"0.75";"259.6";"RÃ¸dvin";"Glass";"14.5";"1.7903448"
"Vinmonopolet";"10356201";"Ca'Viola Dolcetto d Alba Vilot 2017";"Ca'Viola Dolcetto d Alba Vilot";"2017";"174.7";"0.75";"232.93";"RÃ¸dvin";"Glass";"13.5";"1.725432"
"Vinmonopolet";"10356301";"Ca'Viola Barolo Sottocastello di Novello 2012";"Ca'Viola Barolo Sottocastello di Novello";"2012";"319.9";"0.75";"426.53";"RÃ¸dvin";"Glass";"14.5";"2.9416091"
"Vinmonopolet";"10356401";"Ca'Viola Barolo Caviot 2014";"Ca'Viola Barolo Caviot";"2014";"294.9";"0.75";"393.2";"RÃ¸dvin";"Glass";"14";"2.8085713"
"Vinmonopolet";"10356501";"Ambra Carmignano Riserva Elzana 2013";"Ambra Carmignano Riserva Elzana";"2013";"268.9";"0.75";"358.53";"RÃ¸dvin";"Glass";"14";"2.5609524"
"Vinmonopolet";"10356801";"Ch. Grenet";"Ch. Grenet";"2018";"189.9";"0.75";"253.2";"RÃ¸dvin";"Glass";"13";"1.9476923"
"Vinmonopolet";"10356901";"S&C Le Cabernet Saugvignon de Grenet";"S&C Le Cabernet Saugvignon de Grenet";"2016";"189.9";"0.75";"253.2";"RÃ¸dvin";"Glass";"13";"1.9476923"
"Vinmonopolet";"10357001";"S&C Le fruit de Ch. Grenet";"S&C Le fruit de Ch. Grenet";"2016";"199.9";"0.75";"266.53";"RÃ¸dvin";"Glass";"14";"1.9038094"
"Vinmonopolet";"10357101";"S&C Le Petit Grenet Blanc";"S&C Le Petit Grenet Blanc";"2016";"164.9";"0.75";"219.87";"White wine";"Glass";"12";"1.8322221"
"Vinmonopolet";"10357201";"S&C Le Petit Grenet Rouge";"S&C Le Petit Grenet Rouge";"2016";"164.9";"0.75";"219.87";"RÃ¸dvin";"Glass";"13.5";"1.628642"
"Vinmonopolet";"10358101";"S&C Le Merlot de Grenet";"S&C Le Merlot de Grenet";"2016";"184.9";"0.75";"246.53";"RÃ¸dvin";"Glass";"14";"1.7609524"
"Vinmonopolet";"10358201";"Smeaton's Bristol Method Dry Gin";"Smeaton's Bristol Method Dry Gin";"0";"895";"0.7";"1278.57";"Gin";"Glass";"45";"2.84127"
"Vinmonopolet";"10358301";"Exton Park RosÃ©";"Exton Park RosÃ©";"0";"399.9";"0.75";"533.2";"Musserende vin, rosÃ©";"Glass";"11.5";"4.636522"
"Vinmonopolet";"10358401";"Exton Park Blanc de Noirs";"Exton Park Blanc de Noirs";"0";"399.9";"0.75";"533.2";"Sparkling wine";"Glass";"11.5";"4.636522"
"Vinmonopolet";"10358901";"Montelvini Asolo Prosecco Extra Brut";"Montelvini Asolo Prosecco Extra Brut";"0";"174.9";"0.75";"233.2";"Sparkling wine";"Glass";"11";"2.12"
"Vinmonopolet";"10359002";"Corte Sant'Alda Recioto della Valpolicella";"Corte Sant'Alda Recioto della Valpolicella";"2017";"379.9";"0.38";"1013.07";"RÃ¸dvin";"Glass";"14.5";"6.894737"
"Vinmonopolet";"10359101";"Corte Sant'Alda Amarone della Valpolicella Valmezzane";"Corte Sant'Alda Amarone della Valpolicella Valmezzane";"2012";"649";"0.75";"865.33";"RÃ¸dvin";"Glass";"15.5";"5.5827956"
"Vinmonopolet";"10359201";"Montelvini Asolo Prosecco Brut";"Montelvini Asolo Prosecco Brut";"0";"174.9";"0.75";"233.2";"Sparkling wine";"Glass";"12";"1.9433333"
"Vinmonopolet";"10359301";"Corte Sant'Alda Valpolicella Ripasso Campi Magri";"Corte Sant'Alda Valpolicella Ripasso Campi Magri";"2016";"299.9";"0.75";"399.87";"RÃ¸dvin";"Glass";"14";"2.8561904"
"Vinmonopolet";"10359501";"Corte Sant'Alda Soave";"Corte Sant'Alda Soave";"2018";"199.9";"0.75";"266.53";"White wine";"Glass";"12.5";"2.1322665"
"Vinmonopolet";"10359601";"Corte Sant'Alda Valpolicella Ca'Fiui";"Corte Sant'Alda Valpolicella Ca'Fiui";"2018";"219.9";"0.75";"293.2";"RÃ¸dvin";"Glass";"12.5";"2.3456"
"Vinmonopolet";"10359701";"Proyecto Garnachas de EspaÃ±a La Garnatxa Fosca del Priorat 2018";"Proyecto Garnachas de EspaÃ±a La Garnatxa Fosca del Priorat";"2018";"206.2";"0.75";"274.93";"RÃ¸dvin";"Glass";"14.5";"1.8960919"
"Vinmonopolet";"10359801";"Adega Algueira Pizarra 2014";"Adega Algueira Pizarra";"2014";"438.4";"0.75";"584.53";"RÃ¸dvin";"Glass";"13.5";"4.3298764"
"Vinmonopolet";"10359901";"Cara Nord Celler Mineral 2015";"Cara Nord Celler Mineral";"2015";"222.6";"0.75";"296.8";"RÃ¸dvin";"Glass";"14.5";"2.0468967"
"Vinmonopolet";"10360001";"Ximenez-Spinola Solera 1948";"Ximenez-Spinola Solera";"2018";"1496.5";"0.7";"2137.86";"Grape spirit";"Glass";"40";"5.344643"
"Vinmonopolet";"10360101";"Pusole Bianco 2017";"Pusole Bianco";"2017";"244.4";"0.75";"325.87";"White wine";"Glass";"12.5";"2.6069334"
"Vinmonopolet";"10360201";"Setteporte Etna Rosso 2015";"Setteporte Etna Rosso";"2015";"268.9";"0.75";"358.53";"RÃ¸dvin";"Glass";"13.5";"2.6558025"
"Vinmonopolet";"10361101";"BarmÃ©s-Buecher Cremant d'Alsace Brut Nature ZÃ©ro Dosage";"BarmÃ©s-Buecher Cremant d'Alsace Brut Nature ZÃ©ro Dosage";"2016";"289";"0.75";"385.33";"Sparkling wine";"Glass";"12";"3.211111"
"Vinmonopolet";"10361501";"Bod. Piqueras Marius Tinto";"Bod. Piqueras Marius Tinto";"2018";"134.9";"0.75";"179.87";"RÃ¸dvin";"Glass";"14.5";"1.2404597"
"Vinmonopolet";"10361701";"BarmÃ©s-Buecher Clos Sand Riesling";"BarmÃ©s-Buecher Clos Sand Riesling";"2016";"384";"0.75";"512";"White wine";"Glass";"12";"4.266667"
"Vinmonopolet";"10361801";"BarmÃ©s-Buecher Leimental Riesling";"BarmÃ©s-Buecher Leimental Riesling";"2016";"369";"0.75";"492";"White wine";"Glass";"12.8";"3.84375"
"Vinmonopolet";"10361901";"BarmÃ©s-Buecher Pfleck Pinot Gris";"BarmÃ©s-Buecher Pfleck Pinot Gris";"2016";"324";"0.75";"432";"White wine";"Glass";"13";"3.323077"
"Vinmonopolet";"10362001";"BarmÃ©s-Buecher Hengst Riesling Grand Cru";"BarmÃ©s-Buecher Hengst Riesling Grand Cru";"2016";"439";"0.75";"585.33";"White wine";"Glass";"13";"4.502564"
"Vinmonopolet";"10362102";"BÃ¥din & Nomad Kveikaroo: IPA med kveik";"BÃ¥din & Nomad Kveikaroo: IPA med kveik";"0";"59.4";"0.33";"180";"India pale ale";"Glass";"6";"3"
"Vinmonopolet";"10362201";"Merryvale Cabernet Sauvignon 2014";"Merryvale Cabernet Sauvignon";"2014";"595";"0.75";"793.33";"RÃ¸dvin";"Glass";"14.9";"5.3243847"
"Vinmonopolet";"10362301";"Liquid Farm White Hill Chardonnay 2016";"Liquid Farm White Hill Chardonnay";"2016";"349.9";"0.75";"466.53";"White wine";"Glass";"13";"3.588718"
"Vinmonopolet";"10362401";"Starmont Cabernet Sauvignon 2016";"Starmont Cabernet Sauvignon";"2016";"349.9";"0.75";"466.53";"RÃ¸dvin";"Glass";"14.5";"3.2174711"
"Vinmonopolet";"10362501";"Liquid Farm Bien Bien Chardonnay 2015";"Liquid Farm Bien Bien Chardonnay";"2015";"449.9";"0.75";"599.87";"White wine";"Glass";"13.5";"4.4434566"
"Vinmonopolet";"10362601";"Dom. Roger Perrin ChÃ¢teauneuf-du-Pape Blanc";"Dom. Roger Perrin ChÃ¢teauneuf-du-Pape Blanc";"2017";"329.9";"0.75";"439.87";"White wine";"Glass";"14";"3.1419046"
"Vinmonopolet";"10362706";"Dom. Roger Perrin CotÃ©s du RhÃ´ne FruitÃ©";"Dom. Roger Perrin CotÃ©s du RhÃ´ne FruitÃ©";"2017";"498.8";"3";"166.27";"RÃ¸dvin";"Bag-in-box";"13.5";"1.2316049"
"Vinmonopolet";"10362802";"Wettre Bock Rogers";"Wettre Bock Rogers";"0";"106.5";"0.5";"213";"MÃ¸rk lager";"Glass";"12";"1.775"
"Vinmonopolet";"10362901";"Vignamaggio Gherardino Riserva";"Vignamaggio Gherardino Riserva";"2014";"260";"0.75";"346.67";"RÃ¸dvin";"Glass";"14";"2.4761906"
"Vinmonopolet";"10363201";"Pardon Beaujolais-Villages 2017";"Pardon Beaujolais-Villages";"2017";"160";"0.75";"213.33";"RÃ¸dvin";"Glass";"12.5";"1.7066667"
"Vinmonopolet";"10363301";"MarquÃ©s de Nombrevilla Ãnico 2017";"MarquÃ©s de Nombrevilla Ãnico";"2017";"150";"0.75";"200";"RÃ¸dvin";"Glass";"14.5";"1.3793104"
"Vinmonopolet";"10363401";"Warner Edwards Harrington Dry Gin";"Warner Edwards Harrington Dry Gin";"0";"549";"0.7";"784.29";"Gin";"Glass";"44";"1.7824676"
"Vinmonopolet";"10363902";"StÃ¦jl";"StÃ¦jl";"0";"489.9";"0.5";"979.8";"Fruit spirit";"Glass";"38";"2.578421"
"Vinmonopolet";"10364001";"Juan Simon Cartan Garnacha";"Juan Simon Cartan Garnacha";"2016";"175";"0.75";"233.33";"RÃ¸dvin";"Glass";"14";"1.6666666"
"Vinmonopolet";"10364401";"Paul Bara Brut RÃ©serve";"Paul Bara Brut RÃ©serve";"0";"399.9";"0.75";"533.2";"Champagne, brut";"Glass";"12.5";"4.2655997"
"Vinmonopolet";"10364501";"Paul Bara Grand RosÃ© de Bouzy Brut";"Paul Bara Grand RosÃ© de Bouzy Brut";"0";"369.9";"0.75";"493.2";"Champagne, rosÃ©";"Glass";"12.5";"3.9456"
"Vinmonopolet";"10364601";"Paul Bara Grand MillÃ©sime Brut 2012";"Paul Bara Grand MillÃ©sime Brut";"2012";"419.8";"0.75";"559.73";"Champagne, brut";"Glass";"12.5";"4.4778666"
"Vinmonopolet";"10364701";"Paul Bara Special Club 2009";"Paul Bara Special Club";"2009";"665";"0.75";"886.67";"Champagne, brut";"Glass";"12.5";"7.0933332"
"Vinmonopolet";"10364801";"50th Parallel Estate Pinot Gris 2017";"50th Parallel Estate Pinot Gris";"2017";"250.2";"0.75";"333.6";"White wine";"Glass";"13.5";"2.471111"
"Vinmonopolet";"10364901";"Stratus White 2014";"Stratus White";"2014";"277.6";"0.75";"370.13";"White wine";"Glass";"12.9";"2.8692508"
"Vinmonopolet";"10365001";"50th Parallel Estate Pinot Noir 2016";"50th Parallel Estate Pinot Noir";"2016";"298.7";"0.75";"398.27";"RÃ¸dvin";"Glass";"14.5";"2.7466667"
"Vinmonopolet";"10365101";"Stratus Cabernet Franc 2015";"Stratus Cabernet Franc";"2015";"277.4";"0.75";"369.87";"RÃ¸dvin";"Glass";"13.5";"2.739753"
"Vinmonopolet";"10365301";"ArvesÃ¸lvet Juleakevitt 2019";"ArvesÃ¸lvet Juleakevitt";"2019";"499.9";"0.7";"714.14";"Aquavit";"Glass";"40";"1.7853571"
"Vinmonopolet";"10368301";"Karl Haidle Stetten Riesling Kabinett Pfeffer 2018";"Karl Haidle Stetten Riesling Kabinett Pfeffer";"2018";"189.9";"0.75";"253.2";"White wine";"Glass";"11";"2.3018181"
"Vinmonopolet";"10368401";"Karl Haidle Riesling Trocken 2018";"Karl Haidle Riesling Trocken";"2018";"159.9";"0.75";"213.2";"White wine";"Glass";"11.5";"1.853913"
"Vinmonopolet";"10368501";"Langoureau Saint-Aubin 1er Cru En Remilly 2018";"Langoureau Saint-Aubin 1er Cru En Remilly";"2018";"324.9";"0.75";"433.2";"White wine";"Glass";"13";"3.3323076"
"Vinmonopolet";"10368601";"Lovely Lilly Pinot Noir 2017";"Lovely Lilly Pinot Noir";"2017";"164.9";"0.75";"219.87";"RÃ¸dvin";"Glass";"13";"1.691282"
"Vinmonopolet";"10370201";"Dalwhinnie Distillers Edition 2018";"Dalwhinnie Distillers Edition";"2003";"669.9";"0.7";"957";"Whisky";"Glass";"43";"2.2255814"
"Vinmonopolet";"10370501";"Lagavulin Distillers Edition 2018";"Lagavulin Distillers Edition";"2002";"859.9";"0.7";"1228.43";"Whisky";"Glass";"43";"2.8568108"
"Vinmonopolet";"10370601";"Lagavulin 12 YO";"Lagavulin 12 YO";"2005";"1399.9";"0.7";"1999.86";"Whisky";"Glass";"57.8";"3.4599607"
"Vinmonopolet";"10370801";"Pittyvaich 28 YO";"Pittyvaich 28 YO";"1990";"3499.9";"0.7";"4999.86";"Whisky";"Glass";"52.1";"9.596655"
"Vinmonopolet";"10370901";"Caol Ila 35 YO";"Caol Ila 35 YO";"1982";"7499.9";"0.7";"10714.14";"Whisky";"Glass";"58.1";"18.440866"
"Vinmonopolet";"10371001";"Inchgower 27 YO";"Inchgower 27 YO";"1991";"3299.9";"0.7";"4714.14";"Whisky";"Glass";"55.3";"8.524671"
"Vinmonopolet";"10371101";"Oban 21 YO";"Oban 21 YO";"1996";"4999.9";"0.7";"7142.71";"Whisky";"Glass";"57.9";"12.336294"
"Vinmonopolet";"10371201";"Cladach";"Cladach";"0";"1899.9";"0.7";"2714.14";"Whisky";"Glass";"57.1";"4.7533154"
"Vinmonopolet";"10374601";"Dom. Long-Dqpaquit Chablis Grand Cru Les Blanchots 2016";"Dom. Long-Dqpaquit Chablis Grand Cru Les Blanchots";"2016";"579.9";"0.75";"773.2";"White wine";"Glass";"13";"5.9476924"
"Vinmonopolet";"10374701";"Dom. Long-Depaquit Chablis Premier Cru Montmains 2017";"Dom. Long-Depaquit Chablis Premier Cru Montmains";"2017";"419.9";"0.75";"559.87";"White wine";"Glass";"13";"4.3066664"
"Vinmonopolet";"10374801";"Dom. Long-Depaquit Chablis Grand Cru Moutonne 2015";"Dom. Long-Depaquit Chablis Grand Cru Moutonne";"2015";"1019.9";"0.75";"1359.87";"White wine";"Glass";"13";"10.460513"
"Vinmonopolet";"10374901";"Dom. Long-Depaquit Chablis Grand Cru Les Vaudesirs 2016";"Dom. Long-Depaquit Chablis Grand Cru Les Vaudesirs";"2016";"619.9";"0.75";"826.53";"White wine";"Glass";"13";"6.357949"
"Vinmonopolet";"10375001";"Albert Bichot Mercurey en Pierre Milley 2016";"Albert Bichot Mercurey en Pierre Milley";"2016";"359.9";"0.75";"479.87";"RÃ¸dvin";"Glass";"13";"3.691282"
"Vinmonopolet";"10375101";"Albert Bichot Macon-Lugny Les Charmes 2017";"Albert Bichot Macon-Lugny Les Charmes";"2017";"249.9";"0.75";"333.2";"White wine";"Glass";"12.5";"2.6655998"
"Vinmonopolet";"10375201";"Dom. du Colombier Crozes-Hermitage Blanc 2017";"Dom. du Colombier Crozes-Hermitage Blanc";"2017";"329.9";"0.75";"439.87";"White wine";"Glass";"13.5";"3.2582715"
"Vinmonopolet";"10375401";"Wageck SpÃ¤tburgunder Burgweg";"Wageck SpÃ¤tburgunder Burgweg";"2015";"299.9";"0.75";"399.87";"RÃ¸dvin";"Glass";"13";"3.0758975"
"Vinmonopolet";"10375702";"Vilt Akevitt med kantarell";"Vilt Akevitt med kantarell";"0";"386.2";"0.5";"772.4";"Aquavit";"Glass";"40";"1.9310001"
"Vinmonopolet";"10376201";"Mesquida Mora Sotil";"Mesquida Mora Sotil";"2016";"395";"0.75";"526.67";"RÃ¸dvin";"Glass";"12.5";"4.213333"
"Vinmonopolet";"10376401";"Krebs-Grode Oelberg FrÃ¼hburgunder Tonerde";"Krebs-Grode Oelberg FrÃ¼hburgunder Tonerde";"2015";"289.9";"0.75";"386.53";"RÃ¸dvin";"Glass";"13.5";"2.8632097"
"Vinmonopolet";"10376501";"Krebs-Grode Guntersblumer SpÃ¤tburgunder";"Krebs-Grode Guntersblumer SpÃ¤tburgunder";"2016";"199.9";"0.75";"266.53";"RÃ¸dvin";"Glass";"13";"2.0502563"
"Vinmonopolet";"10376605";"Ch. d'Issan 2014";"Ch. d'Issan";"2014";"1398";"1.5";"932";"RÃ¸dvin";"Glass";"13";"7.169231"
"Vinmonopolet";"10376701";"Cruse Rorick Chardonnay 2016";"Cruse Rorick Chardonnay";"2016";"344.8";"0.75";"459.73";"White wine";"Glass";"13.5";"3.405432"
"Vinmonopolet";"10376801";"Fritz Haag Brauneberger Juffer Riesling Feinherb 2018";"Fritz Haag Brauneberger Juffer Riesling Feinherb";"2018";"299.9";"0.75";"399.87";"White wine";"Glass";"12.5";"3.1989334"
"Vinmonopolet";"10376901";"Poggio Antico Brunello Riserva 2012";"Poggio Antico Brunello Riserva";"2012";"949.8";"0.75";"1266.4";"RÃ¸dvin";"Glass";"14.5";"8.733793"
"Vinmonopolet";"10377101";"Good ol'Sailor Gin";"Good ol'Sailor Gin";"0";"357.4";"0.7";"510.57";"Gin";"Plast";"37.5";"1.3615239"
"Vinmonopolet";"10377501";"GÃ­k Blue";"GÃ­k Blue";"0";"174.2";"0.75";"232.27";"Flavoured wine	";"Glass";"11.5";"2.01971"
"Vinmonopolet";"10377606";"Parsat Bordeaux RosÃ©";"Parsat Bordeaux RosÃ©";"2017";"259.9";"1.5";"173.27";"RosÃ©vin";"Pouch";"12.5";"1.3861333"
"Vinmonopolet";"10377706";"Parsat Bordeaux Rouge";"Parsat Bordeaux Rouge";"2017";"269.9";"1.5";"179.93";"RÃ¸dvin";"Pouch";"12.5";"1.4394666"
"Vinmonopolet";"10377902";"Ego Brygghus The Beast in Me Barley Wine";"Ego Brygghus The Beast in Me Barley Wine";"0";"61.3";"0.33";"179.7";"Barley wine	";"Emballasje med pant";"10";"1.8575757"
"Vinmonopolet";"10378001";"Albret La Loma Garnacha 2017";"Albret La Loma Garnacha";"2017";"99.9";"0.75";"133.2";"RÃ¸dvin";"Glass";"13.5";"0.9866667"
"Vinmonopolet";"10378101";"Vik Milla Cala 2014";"Vik Milla Cala";"2014";"329.9";"0.75";"439.87";"RÃ¸dvin";"Glass";"14";"3.1419046"
"Vinmonopolet";"10378401";"Ch. Carpena 2008";"Ch. Carpena";"2008";"189.9";"0.75";"253.2";"RÃ¸dvin";"Glass";"13";"1.9476923"
"Vinmonopolet";"10379006";"Thr3 Monkeys Red";"Thr3 Monkeys Red";"2018";"369.9";"3";"123.3";"RÃ¸dvin";"Bag-in-box";"12";"1.0275"
"Vinmonopolet";"10379101";"Cave de Tain PremiÃ¨re Note Syrah 2018";"Cave de Tain PremiÃ¨re Note Syrah";"2018";"124.9";"0.75";"166.53";"RÃ¸dvin";"Glass";"12.5";"1.3322667"
"Vinmonopolet";"10379401";"Marco Porello Langhe Nebbiolo 2018";"Marco Porello Langhe Nebbiolo";"2018";"189.9";"0.75";"253.2";"RÃ¸dvin";"Glass";"14";"1.8085713"
"Vinmonopolet";"10379801";"Dominio do Bibei 2014";"Dominio do Bibei";"2014";"499";"0.75";"665.33";"RÃ¸dvin";"Glass";"13";"5.1179485"
"Vinmonopolet";"10379901";"Villa Wolf Wachenheimer Belz Riesling Library Release 2011";"Villa Wolf Wachenheimer Belz Riesling Library Release";"2011";"239";"0.75";"318.67";"White wine";"Glass";"12.5";"2.5493333"
"Vinmonopolet";"10380001";"Braida La Regina Langhe Nascetta 2017";"Braida La Regina Langhe Nascetta";"2017";"259";"0.75";"345.33";"White wine";"Glass";"12.5";"2.7626667"
"Vinmonopolet";"10380101";"CapÃ§anes Cava Reserva Brut";"CapÃ§anes Cava Reserva Brut";"0";"162.9";"0.75";"217.2";"Sparkling wine";"Glass";"11.5";"1.8886956"
"Vinmonopolet";"10380201";"Heinrich Red 2014";"Heinrich Red";"2014";"159.9";"0.75";"213.2";"RÃ¸dvin";"Glass";"12";"1.7766666"
"Vinmonopolet";"10380301";"Yalumba Organic Shiraz 2017";"Yalumba Organic Shiraz";"2017";"229";"0.75";"305.33";"RÃ¸dvin";"Glass";"13.5";"2.2617283"
"Vinmonopolet";"10380401";"Vasse Felix Filius Cabernet Sauvignon 2016";"Vasse Felix Filius Cabernet Sauvignon";"2016";"259";"0.75";"345.33";"RÃ¸dvin";"Glass";"13.5";"2.5580246"
"Vinmonopolet";"10380501";"Vignes du Maynes MÃ¢con Clos Fourneau Chardonnay 2016";"Vignes du Maynes MÃ¢con Clos Fourneau Chardonnay";"2016";"379";"0.75";"505.33";"White wine";"Glass";"12.5";"4.0426664"
"Vinmonopolet";"10380601";"Vignes du Maynes MÃ¢con Villages Blanc 2017";"Vignes du Maynes MÃ¢con Villages Blanc";"2017";"289";"0.75";"385.33";"White wine";"Glass";"12.5";"3.0826666"
"Vinmonopolet";"10380701";"Vignes du Maynes MÃ¢con Rouge 2017";"Vignes du Maynes MÃ¢con Rouge";"2017";"295";"0.75";"393.33";"RÃ¸dvin";"Glass";"13.5";"2.9135802"
"Vinmonopolet";"10380801";"Vignes du Maynes Ultimatum Climat 2016";"Vignes du Maynes Ultimatum Climat";"2016";"275";"0.75";"366.67";"RÃ¸dvin";"Glass";"12.5";"2.9333334"
"Vinmonopolet";"10380901";"Mario Rovira Tosca Cerrada Palomino Fino en Rama 2016";"Mario Rovira Tosca Cerrada Palomino Fino en Rama";"2016";"149";"0.75";"198.67";"White wine";"Glass";"12.5";"1.5893333"
"Vinmonopolet";"10381001";"Espenhof Riesling Trocken 2018";"Espenhof Riesling Trocken";"2018";"199.9";"0.75";"266.53";"White wine";"Glass";"12";"2.221111"
"Vinmonopolet";"10381101";"Barkan Special Reserve Merlot";"Barkan Special Reserve Merlot";"2013";"252.7";"0.75";"336.93";"RÃ¸dvin";"Glass";"14";"2.4066668"
"Vinmonopolet";"10381301";"Barkan Special Reserve Petit Verdot";"Barkan Special Reserve Petit Verdot";"2014";"260.1";"0.75";"346.8";"RÃ¸dvin";"Glass";"13.5";"2.568889"
"Vinmonopolet";"10381402";"Shoot Salty Liquorice Skulls";"Shoot Salty Liquorice Skulls";"0";"159.9";"0.5";"319.8";"LikÃ¸r";"Plast";"16.4";"1.9499999"
"Vinmonopolet";"10381502";"Shoot Sour Cola Dummies";"Shoot Sour Cola Dummies";"0";"159.9";"0.5";"319.8";"LikÃ¸r";"Plast";"16.4";"1.9499999"
"Vinmonopolet";"10381601";"Hot n'Sweet 25";"Hot n'Sweet 25";"0";"226.9";"0.7";"324.14";"LikÃ¸r";"Glass";"15";"2.1609523"
"Vinmonopolet";"10381701";"Tierra de Toros Tinto";"Tierra de Toros Tinto";"2018";"129.6";"0.75";"172.8";"RÃ¸dvin";"Glass";"12.5";"1.3824"
"Vinmonopolet";"10381705";"Tierra de Toros Tinto";"Tierra de Toros Tinto";"2017";"209.9";"1.5";"139.93";"RÃ¸dvin";"Glass";"12.5";"1.1194667"
"Vinmonopolet";"10381801";"Angiolino Maule Garg'n'Go 2018";"Angiolino Maule Garg'n'Go";"2018";"249.9";"0.75";"333.2";"Sparkling white wine";"Glass";"11";"3.029091"
"Vinmonopolet";"10382701";"L. Michel Chablis Grand Cru Les Clos 2017";"L. Michel Chablis Grand Cru Les Clos";"2017";"669.9";"0.75";"893.2";"White wine";"Glass";"13";"6.8707695"
"Vinmonopolet";"10382801";"L. Michel Chablis Grand Cru Grenouilles 2016";"L. Michel Chablis Grand Cru Grenouilles";"2016";"669.9";"0.75";"893.2";"White wine";"Glass";"13";"6.8707695"
"Vinmonopolet";"10382901";"Dom. Bulliat CrÃ©mant de Bourgogne Brut Nature";"Dom. Bulliat CrÃ©mant de Bourgogne Brut Nature";"0";"225.9";"0.75";"301.2";"Sparkling wine";"Glass";"12";"2.51"
"Vinmonopolet";"10383101";"Kruger-Rumpf Abtei Rupertsberg Riesling Trocken 2018";"Kruger-Rumpf Abtei Rupertsberg Riesling Trocken";"2018";"255.9";"0.75";"341.2";"White wine";"Glass";"12.5";"2.7296"
"Vinmonopolet";"10383105";"Kruger-Rumpf Abtei Rupertsberg Riesling Trocken 2018";"Kruger-Rumpf Abtei Rupertsberg Riesling Trocken";"2018";"585.9";"1.5";"390.6";"White wine";"Glass";"12.5";"3.1248002"
"Vinmonopolet";"10383301";"M. Guignier Granite 2016";"M. Guignier Granite";"2016";"265.9";"0.75";"354.53";"RÃ¸dvin";"Glass";"11";"3.2230303"
"Vinmonopolet";"10383401";"Guy Breton Morgon 2018";"Guy Breton Morgon";"2018";"249.9";"0.75";"333.2";"RÃ¸dvin";"Glass";"12.5";"2.6655998"
"Vinmonopolet";"10383502";"Geiranger Bryggeri Maxim Gorkiy Imperial Stout";"Geiranger Bryggeri Maxim Gorkiy Imperial Stout";"0";"64.9";"0.33";"196.67";"Porter and stout";"Glass";"8.5";"2.3137255"
"Vinmonopolet";"10383601";"Tissot Vin Jaune La Mailloche 2012";"Tissot Vin Jaune La Mailloche";"2012";"869.9";"0.62";"1403.07";"White wine";"Glass";"14";"10.02189"
"Vinmonopolet";"10383801";"Arpepe Sassella Rocce Rosse Valtellina Superiore RiservaÂ  2009";"Arpepe Sassella Rocce Rosse Valtellina Superiore RiservaÂ";"2009";"599.9";"0.75";"799.87";"RÃ¸dvin";"Glass";"13.5";"5.9249387"
"Vinmonopolet";"10383901";"Bruno Ferrara Sardo 'Nzemmula 2016";"Bruno Ferrara Sardo 'Nzemmula";"2016";"369.9";"0.75";"493.2";"RÃ¸dvin";"Glass";"15.5";"3.1819355"
"Vinmonopolet";"10384001";"Arpepe Grumello Sant'Antonio Valtellina Superiore Riserva 2009";"Arpepe Grumello Sant'Antonio Valtellina Superiore Riserva";"2009";"639.9";"0.75";"853.2";"RÃ¸dvin";"Glass";"13.5";"6.32"
"Vinmonopolet";"10384101";"ArpepeÂ Inferno Sesto Canto Valtellina Superiore Riserva 2009";"ArpepeÂ Inferno Sesto Canto Valtellina Superiore Riserva";"2009";"639.9";"0.75";"853.2";"RÃ¸dvin";"Glass";"13";"6.563077"
"Vinmonopolet";"10384201";"Ten. S. Lucia Baccareto Sangiovese 2017";"Ten. S. Lucia Baccareto Sangiovese";"2017";"159.9";"0.75";"213.2";"RÃ¸dvin";"Glass";"12.5";"1.7055999"
"Vinmonopolet";"10384301";"Dom. Saint Gayan ChÃ¢teuneuf-du-Pape 2013";"Dom. Saint Gayan ChÃ¢teuneuf-du-Pape";"2013";"385";"0.75";"513.33";"RÃ¸dvin";"Glass";"14.5";"3.5402298"
"Vinmonopolet";"10384401";"Dom. Saint Gayan Gigondas Origine 2014";"Dom. Saint Gayan Gigondas Origine";"2014";"289.9";"0.75";"386.53";"RÃ¸dvin";"Glass";"14.5";"2.6657472"
"Vinmonopolet";"10384501";"Dom. Saint Gayan Rasteau Ilex 2014";"Dom. Saint Gayan Rasteau Ilex";"2014";"255";"0.75";"340";"RÃ¸dvin";"Glass";"15";"2.2666667"
"Vinmonopolet";"10384601";"Georg MÃ¼ller Hattenheimer Hassel Riesling GG 2017";"Georg MÃ¼ller Hattenheimer Hassel Riesling GG";"2017";"425";"0.75";"566.67";"White wine";"Glass";"12.5";"4.5333333"
"Vinmonopolet";"10384701";"Ch. Franc Patarabet Saint-Emilion Grand Cru 2015";"Ch. Franc Patarabet Saint-Emilion Grand Cru";"2015";"325";"0.75";"433.33";"RÃ¸dvin";"Glass";"13.5";"3.2098765"
"Vinmonopolet";"10384901";"Casal da Azenha Tinto 2015";"Casal da Azenha Tinto";"2015";"225";"0.75";"300";"RÃ¸dvin";"Glass";"13.5";"2.2222223"
"Vinmonopolet";"10385001";"Georg MÃ¼ller Hattenheimer SchÃ¼tzenhaus Riesling Feinherb 2018";"Georg MÃ¼ller Hattenheimer SchÃ¼tzenhaus Riesling Feinherb";"2018";"199.9";"0.75";"266.53";"White wine";"Glass";"11";"2.4230301"
"Vinmonopolet";"10385101";"Georg MÃ¼ller Riesling Trocken 2018";"Georg MÃ¼ller Riesling Trocken";"2018";"179.9";"0.75";"239.87";"White wine";"Glass";"12.5";"1.9189333"
"Vinmonopolet";"10385201";"NominÃ©-Renard Brut RosÃ©";"NominÃ©-Renard Brut RosÃ©";"0";"399.9";"0.75";"533.2";"Champagne, rosÃ©";"Glass";"12";"4.443333"
"Vinmonopolet";"10385301";"NominÃ©-Renard Brut";"NominÃ©-Renard Brut";"0";"355";"0.75";"473.33";"Champagne, brut";"Glass";"12";"3.9444444"
"Vinmonopolet";"10385401";"Casal da Azenha Branco 2017";"Casal da Azenha Branco";"2017";"139.6";"0.75";"186.13";"White wine";"Glass";"13";"1.4317949"
"Vinmonopolet";"10386402";"De Kuyper CrÃ¨me de Menthe";"De Kuyper CrÃ¨me de Menthe";"0";"229.9";"0.5";"459.8";"LikÃ¸r";"Glass";"24";"1.9158332"
"Vinmonopolet";"10386501";"La Piana Senza Riserve Malbo Gentile 2017";"La Piana Senza Riserve Malbo Gentile";"2017";"149.6";"0.75";"199.47";"RÃ¸dvin";"Glass";"13";"1.534359"
"Vinmonopolet";"10386601";"La Piana Capriccio di Bacco Lambrusco Grasparossa di Castelvetro 2016";"La Piana Capriccio di Bacco Lambrusco Grasparossa di Castelvetro";"2016";"199.8";"0.75";"266.4";"Perlende vin, rÃ¸d";"Glass";"11.5";"2.316522"
"Vinmonopolet";"10387006";"Villa Bianco Bombino Bianco";"Villa Bianco Bombino Bianco";"2017";"424";"3";"141.33";"White wine";"Bag-in-box";"11.5";"1.2289855"
"Vinmonopolet";"10387101";"Les Combes de Saint-Sauveur";"Les Combes de Saint-Sauveur";"2017";"179.9";"0.75";"239.87";"RÃ¸dvin";"Glass";"13.5";"1.77679"
"Vinmonopolet";"10387401";"El Tiempo Que Nos Une 2017";"El Tiempo Que Nos Une";"2017";"169.9";"0.75";"226.53";"RÃ¸dvin";"Glass";"14.5";"1.5622988"
"Vinmonopolet";"10387501";"Casa do CapitÃ£o-mor";"Casa do CapitÃ£o-mor";"2017";"174.9";"0.75";"233.2";"White wine";"Glass";"13";"1.7938461"
"Vinmonopolet";"10387602";"Bottega BacÃ»r Gin";"Bottega BacÃ»r Gin";"0";"399.9";"0.5";"799.8";"Gin";"Glass";"40";"1.9994999"
"Vinmonopolet";"10387701";"Frey-Sohler CrÃ©mant d'Alsace RosÃ© Brut";"Frey-Sohler CrÃ©mant d'Alsace RosÃ© Brut";"0";"195";"0.75";"260";"Musserende vin, rosÃ©";"Glass";"12";"2.1666667"
"Vinmonopolet";"10387801";"Marenco Asti";"Marenco Asti";"0";"145";"0.75";"193.33";"Sparkling wine";"Glass";"6.5";"2.974359"
"Vinmonopolet";"10387901";"Roux Chambolle-Musigny Les FremiÃ¨res 2014";"Roux Chambolle-Musigny Les FremiÃ¨res";"2014";"799";"0.75";"1065.33";"RÃ¸dvin";"Glass";"13";"8.194872"
"Vinmonopolet";"10388001";"Fontanafredda Barolo Serralunga d'Alba Riserva 2010";"Fontanafredda Barolo Serralunga d'Alba Riserva";"2010";"879.9";"0.75";"1173.2";"RÃ¸dvin";"Glass";"14";"8.38"
"Vinmonopolet";"10388501";"Terramia Chianti";"Terramia Chianti";"2018";"149.9";"0.75";"199.87";"RÃ¸dvin";"Glass";"12.5";"1.5989332"
"Vinmonopolet";"10388601";"Sandara Lemon";"Sandara Lemon";"0";"119.9";"0.75";"159.87";"Flavoured wine	";"Glass";"5.5";"2.9066668"
"Vinmonopolet";"10388702";"Sandara Chardonnay & Sake Sparkling";"Sandara Chardonnay & Sake Sparkling";"0";"94.9";"0.38";"253.07";"Flavoured wine	";"Glass";"8";"3.1217105"
"Vinmonopolet";"10388801";"Sandara Blood Orange";"Sandara Blood Orange";"0";"119.9";"0.75";"159.87";"Flavoured wine	";"Glass";"5.5";"2.9066668"
"Vinmonopolet";"10388904";"Most Wanted Malbec 2017";"Most Wanted Malbec";"2017";"59.9";"0.19";"320.32";"RÃ¸dvin";"Glass";"14";"2.2518797"
"Vinmonopolet";"10389201";"Ganevat Les Cedres";"Ganevat Les Cedres";"2016";"499.9";"0.75";"666.53";"White wine";"Glass";"13";"5.1271796"
"Vinmonopolet";"10390001";"Louis Girard Chablis";"Louis Girard Chablis";"2014";"269.9";"0.75";"359.87";"White wine";"Glass";"12";"2.9988887"
"Vinmonopolet";"10390101";"Vacheron Sancerre Rouge Belle Dame 2014";"Vacheron Sancerre Rouge Belle Dame";"2014";"649.9";"0.75";"866.53";"RÃ¸dvin";"Glass";"13";"6.6656413"
"Vinmonopolet";"10390201";"Cascina Castlet Barbera d'Asti Il Nido";"Cascina Castlet Barbera d'Asti Il Nido";"2018";"189.9";"0.75";"253.2";"RÃ¸dvin";"Glass";"13.5";"1.8755555"
"Vinmonopolet";"10390301";"Pounamu Special Selection Pinot Noir 2017";"Pounamu Special Selection Pinot Noir";"2017";"225";"0.75";"300";"RÃ¸dvin";"Glass";"13";"2.3076923"
"Vinmonopolet";"10390401";"Dom. Arnoux Savigny-LÃ¨s-Beaune Les Pimentiers 2016";"Dom. Arnoux Savigny-LÃ¨s-Beaune Les Pimentiers";"2016";"299.9";"0.75";"399.87";"RÃ¸dvin";"Glass";"13";"3.0758975"
"Vinmonopolet";"10390501";"Pounamu Special Selection Sauvignon Blanc 2017";"Pounamu Special Selection Sauvignon Blanc";"2017";"169.9";"0.75";"226.53";"White wine";"Glass";"12.5";"1.8122666"
"Vinmonopolet";"10390601";"Mezza di Mezza";"Mezza di Mezza";"0";"139.9";"0.75";"186.53";"Sparkling wine";"Glass";"12";"1.5544444"
"Vinmonopolet";"10391006";"Vanlig Vodka";"Vanlig Vodka";"0";"1199";"3";"399.67";"Vodka";"Bag-in-box";"37.5";"1.0657778"
"Vinmonopolet";"10391201";"Adore";"Adore";"2017";"174.9";"0.75";"233.2";"White wine";"Glass";"12.5";"1.8656"
"Vinmonopolet";"10391302";"Nomad Long Reef Pale Ale";"Nomad Long Reef Pale Ale";"0";"50.9";"0.33";"154.24";"Pale ale";"Metall";"5.1";"3.0243614"
"Vinmonopolet";"10391401";"Winiveria Mtsvane 2017";"Winiveria Mtsvane";"2017";"215";"0.75";"286.67";"White wine";"Glass";"12.5";"2.2933333"
"Vinmonopolet";"10391501";"Winiveria Saperavi 2016";"Winiveria Saperavi";"2016";"205";"0.75";"273.33";"RÃ¸dvin";"Glass";"12.5";"2.1866667"
"Vinmonopolet";"10391601";"Gurashviliâs Kisi Qvevri 2017";"Gurashviliâs Kisi Qvevri";"2017";"279.9";"0.75";"373.2";"White wine";"Glass";"13";"2.8707693"
"Vinmonopolet";"10391701";"Gurashviliâs Saperavi Qvevri 2017";"Gurashviliâs Saperavi Qvevri";"2017";"295";"0.75";"393.33";"RÃ¸dvin";"Glass";"13";"3.025641"
"Vinmonopolet";"10391801";"Luigi Pira Dolcetto d'Alba 2019";"Luigi Pira Dolcetto d'Alba";"2019";"205.9";"0.75";"274.53";"RÃ¸dvin";"Glass";"13.5";"2.0335803"
"Vinmonopolet";"10392004";"Prunus Nigra kirsebÃ¦rvin";"Prunus Nigra kirsebÃ¦rvin";"2016";"169";"0.2";"845";"Fruit wine";"Glass";"17";"4.970588"
"Vinmonopolet";"10392202";"Lade Gaards JuleÃ¸l Sterk";"Lade Gaards JuleÃ¸l Sterk";"0";"43.9";"0.33";"133.03";"Special";"Glass";"6.5";"2.0466201"
"Vinmonopolet";"10392301";"Mas de la Font Ronde Pompon Rouge";"Mas de la Font Ronde Pompon Rouge";"0";"184";"0.75";"245.33";"RÃ¸dvin";"Glass";"11.5";"2.1333334"
"Vinmonopolet";"10392401";"Laurent Vogt Alsace Wolxheim Riesling 2017";"Laurent Vogt Alsace Wolxheim Riesling";"2017";"226.9";"0.75";"302.53";"White wine";"Glass";"14.4";"2.100926"
"Vinmonopolet";"10392501";"Laurent Vogt Alsace Riesling";"Laurent Vogt Alsace Riesling";"2018";"198.9";"0.75";"265.2";"White wine";"Glass";"12.3";"2.1560974"
"Vinmonopolet";"10392601";"Laurent Vogt Alsace Lieu Dit Oberstupf Pinot Gris 2015";"Laurent Vogt Alsace Lieu Dit Oberstupf Pinot Gris";"2015";"267.9";"0.75";"357.2";"White wine";"Glass";"14";"2.5514286"
"Vinmonopolet";"10392701";"Laurent Vogt Alsace Grand Cru Altenberg de Wolxheim Riesling 2015";"Laurent Vogt Alsace Grand Cru Altenberg de Wolxheim Riesling";"2015";"269";"0.75";"358.67";"White wine";"Glass";"13.4";"2.676617"
"Vinmonopolet";"10392801";"Jean-Claude Buecher Reflets CrÃ©mant d'Alsace 2014";"Jean-Claude Buecher Reflets CrÃ©mant d'Alsace";"2014";"233.9";"0.75";"311.87";"Sparkling wine";"Glass";"12.5";"2.4949334"
"Vinmonopolet";"10392901";"Laurent Vogt Alsace Pinot Noir 2016";"Laurent Vogt Alsace Pinot Noir";"2016";"205.9";"0.75";"274.53";"RÃ¸dvin";"Glass";"12.9";"2.1281655"
"Vinmonopolet";"10393001";"Jean-Claude Buecher CrÃ©mant d'Alsace Murmure RosÃ© 2014";"Jean-Claude Buecher CrÃ©mant d'Alsace Murmure RosÃ©";"2014";"250";"0.75";"333.33";"Musserende vin, rosÃ©";"Glass";"12.5";"2.6666667"
"Vinmonopolet";"10393201";"God Jul Bordeaux";"God Jul Bordeaux";"2018";"139.9";"0.75";"186.53";"RÃ¸dvin";"Glass";"13";"1.4348717"
"Vinmonopolet";"10393801";"Sylla Sebaste Dolcetto d'Alba 2016";"Sylla Sebaste Dolcetto d'Alba";"2016";"269";"0.75";"358.67";"RÃ¸dvin";"Glass";"12.5";"2.8693333"
"Vinmonopolet";"10393901";"Sylla Sebaste Barolo Bussia 2014";"Sylla Sebaste Barolo Bussia";"2014";"678.9";"0.75";"905.2";"RÃ¸dvin";"Glass";"14";"6.4657145"
"Vinmonopolet";"10394001";"Sylla Sebaste Barbera d'Alba 2015";"Sylla Sebaste Barbera d'Alba";"2015";"299";"0.75";"398.67";"RÃ¸dvin";"Glass";"13.5";"2.9530864"
"Vinmonopolet";"10394101";"Sylla Sebaste Barbera d'Asti 2014";"Sylla Sebaste Barbera d'Asti";"2014";"249.9";"0.75";"333.2";"RÃ¸dvin";"Glass";"12.5";"2.6655998"
"Vinmonopolet";"10394201";"Sylla Sebaste Barolo Bricco delle Viole 2012";"Sylla Sebaste Barolo Bricco delle Viole";"2012";"779";"0.75";"1038.67";"RÃ¸dvin";"Glass";"14";"7.419048"
"Vinmonopolet";"10394301";"Sylla Sebaste Gavi del Comune di Gavi 2017";"Sylla Sebaste Gavi del Comune di Gavi";"2017";"255.9";"0.75";"341.2";"White wine";"Glass";"12";"2.8433332"
"Vinmonopolet";"10394401";"Sylla Sebaste Barolo 2014";"Sylla Sebaste Barolo";"2014";"575";"0.75";"766.67";"RÃ¸dvin";"Glass";"14";"5.4761906"
"Vinmonopolet";"10394501";"Sylla Sebaste Syllabo Langhe Rosso 2016";"Sylla Sebaste Syllabo Langhe Rosso";"2016";"229";"0.75";"305.33";"RÃ¸dvin";"Glass";"12.5";"2.4426668"
"Vinmonopolet";"10394601";"Sylla Sebaste Roero Arneis 2017";"Sylla Sebaste Roero Arneis";"2017";"265";"0.75";"353.33";"White wine";"Glass";"13";"2.7179487"
"Vinmonopolet";"10394701";"Sylla Sebaste Nebbiolo d'Alba 2014";"Sylla Sebaste Nebbiolo d'Alba";"2014";"319";"0.75";"425.33";"RÃ¸dvin";"Glass";"13.5";"3.1506174"
"Vinmonopolet";"10394801";"Michel Girault Les Beaux Regards Sancerre 2018";"Michel Girault Les Beaux Regards Sancerre";"2018";"325";"0.75";"433.33";"White wine";"Glass";"13";"3.3333333"
"Vinmonopolet";"10394901";"Michel Girault Les Beaux Regards Sancerre Rouge 2016";"Michel Girault Les Beaux Regards Sancerre Rouge";"2016";"319.9";"0.75";"426.53";"RÃ¸dvin";"Glass";"13";"3.2810256"
"Vinmonopolet";"10395001";"Michel Girault Sancerre DÃ©lice 2017";"Michel Girault Sancerre DÃ©lice";"2017";"356";"0.75";"474.67";"White wine";"Glass";"13";"3.651282"
"Vinmonopolet";"10395101";"Michel Girault Pouilly-FumÃ© La Grappe d'Or 2018";"Michel Girault Pouilly-FumÃ© La Grappe d'Or";"2018";"325";"0.75";"433.33";"White wine";"Glass";"13";"3.3333333"
"Vinmonopolet";"10395201";"Michel Girault Pouilly-FumÃ© SuprÃªme 2018";"Michel Girault Pouilly-FumÃ© SuprÃªme";"2018";"356";"0.75";"474.67";"White wine";"Glass";"13";"3.651282"
"Vinmonopolet";"10395301";"Michel Girault Les Beaux Regards Sancerre RosÃ© 2018";"Michel Girault Les Beaux Regards Sancerre RosÃ©";"2018";"312";"0.75";"416";"RosÃ©vin";"Glass";"13";"3.2"
"Vinmonopolet";"10395401";"Michel Girault La ChÃªne Marchand Sancerre 2016";"Michel Girault La ChÃªne Marchand Sancerre";"2016";"395";"0.75";"526.67";"White wine";"Glass";"13";"4.051282"
"Vinmonopolet";"10395501";"Michel Girault Sancerre P'tit Gus 2016";"Michel Girault Sancerre P'tit Gus";"2016";"409.9";"0.75";"546.53";"RÃ¸dvin";"Glass";"13";"4.2041025"
"Vinmonopolet";"10395601";"Michel Girault La Silicieuse 2018";"Michel Girault La Silicieuse";"2018";"345";"0.75";"460";"White wine";"Glass";"13";"3.5384614"
"Vinmonopolet";"10395701";"Ch. PÃ©desclaux 2015";"Ch. PÃ©desclaux";"2015";"789";"0.75";"1052";"RÃ¸dvin";"Glass";"13.5";"7.7925925"
"Vinmonopolet";"10395901";"Hugues GodmÃ© Premier Cru RÃ©serve Brut";"Hugues GodmÃ© Premier Cru RÃ©serve Brut";"0";"485";"0.75";"646.67";"Champagne, brut";"Glass";"12";"5.388889"
"Vinmonopolet";"10396001";"Sandro de Bruno Terre de Terrossa Amarone della Valpolicella 2014";"Sandro de Bruno Terre de Terrossa Amarone della Valpolicella";"2014";"514.9";"0.75";"686.53";"RÃ¸dvin";"Glass";"15";"4.576889"
"Vinmonopolet";"10396101";"Weing. E. Wehrheim Niersteiner Paterberg SpÃ¤tburgunder 2015";"Weing. E. Wehrheim Niersteiner Paterberg SpÃ¤tburgunder";"2015";"245";"0.75";"326.67";"RÃ¸dvin";"Glass";"13";"2.5128205"
"Vinmonopolet";"10396201";"Luigino Zago Marca Trevigiana Chardonnay 2017";"Luigino Zago Marca Trevigiana Chardonnay";"2017";"215";"0.75";"286.67";"White wine";"Glass";"13";"2.2051282"
"Vinmonopolet";"10396301";"Luigino Zago Venezia Pinot Grigio 2017";"Luigino Zago Venezia Pinot Grigio";"2017";"215";"0.75";"286.67";"White wine";"Glass";"13";"2.2051282"
"Vinmonopolet";"10396401";"Luigino Zago Prosecco Treviso Frizzante 2017";"Luigino Zago Prosecco Treviso Frizzante";"2017";"225";"0.75";"300";"Sparkling white wine";"Glass";"11";"2.7272727"
"Vinmonopolet";"10396501";"Luigino Zago Marca Trevigiana Sauvignon 2017";"Luigino Zago Marca Trevigiana Sauvignon";"2017";"193.7";"0.75";"258.27";"White wine";"Glass";"13";"1.9866667"
"Vinmonopolet";"10396601";"Luigino Zago Prosecco Treviso Brut 2017";"Luigino Zago Prosecco Treviso Brut";"2017";"197.9";"0.75";"263.87";"Sparkling wine";"Glass";"11";"2.3987877"
"Vinmonopolet";"10396701";"Luigino Zago Prosecco Treviso Extra Dry 2017";"Luigino Zago Prosecco Treviso Extra Dry";"2017";"225";"0.75";"300";"Sparkling wine";"Glass";"11";"2.7272727"
"Vinmonopolet";"10396801";"Luigino Zago Venezia Cabernet Sauvignon 2017";"Luigino Zago Venezia Cabernet Sauvignon";"2017";"215";"0.75";"286.67";"RÃ¸dvin";"Glass";"12.5";"2.2933333"
"Vinmonopolet";"10396901";"Luigino Zago Venecia Merlot 2017";"Luigino Zago Venecia Merlot";"2017";"195.9";"0.75";"261.2";"RÃ¸dvin";"Glass";"12.5";"2.0895998"
"Vinmonopolet";"10397001";"Luigino Zago Refoso dal Peduncolo Rosso 2017";"Luigino Zago Refoso dal Peduncolo Rosso";"2017";"214.9";"0.75";"286.53";"RÃ¸dvin";"Glass";"12.5";"2.2922666"
"Vinmonopolet";"10397101";"Luigino Zago Piave CarmenÃ¨re 2017";"Luigino Zago Piave CarmenÃ¨re";"2017";"215";"0.75";"286.67";"RÃ¸dvin";"Glass";"13";"2.2051282"
"Vinmonopolet";"10397301";"Dom. du Tunnel Saint-Joseph 2017";"Dom. du Tunnel Saint-Joseph";"2017";"459.2";"0.75";"612.27";"RÃ¸dvin";"Glass";"13";"4.7097435"
"Vinmonopolet";"10397401";"Dom. du Tunnel Saint-Peray Roussanne 2017";"Dom. du Tunnel Saint-Peray Roussanne";"2017";"391.6";"0.75";"522.13";"White wine";"Glass";"13.5";"3.8676543"
"Vinmonopolet";"10397501";"Dom. du Tunnel Cornas 2017";"Dom. du Tunnel Cornas";"2017";"530.7";"0.75";"707.6";"RÃ¸dvin";"Glass";"13.5";"5.241482"
"Vinmonopolet";"10397601";"Orlando Abrigo Settevie Langhe Nebbiolo 2015";"Orlando Abrigo Settevie Langhe Nebbiolo";"2015";"335";"0.75";"446.67";"RÃ¸dvin";"Glass";"14";"3.1904762"
"Vinmonopolet";"10397701";"Orlando Abrigo Barbaresco Meruzzano 2015";"Orlando Abrigo Barbaresco Meruzzano";"2015";"525";"0.75";"700";"RÃ¸dvin";"Glass";"14";"5"
"Vinmonopolet";"10397801";"Orlando Abrigo Barbaresco Montersino 2012";"Orlando Abrigo Barbaresco Montersino";"2012";"645";"0.75";"860";"RÃ¸dvin";"Glass";"14.5";"5.9310346"
"Vinmonopolet";"10397901";"Orlando Abrigo DâAmblÃ¨ Sauvignon 2016";"Orlando Abrigo DâAmblÃ¨ Sauvignon";"2016";"315";"0.75";"420";"White wine";"Glass";"13";"3.2307692"
"Vinmonopolet";"10398001";"Orlando Abrigo Barbera d'Alba Roreto 2015";"Orlando Abrigo Barbera d'Alba Roreto";"2015";"299";"0.75";"398.67";"RÃ¸dvin";"Glass";"14";"2.847619"
"Vinmonopolet";"10398101";"Orlando Abrigo Dolcetto d'Alba Dell'Erto 2016";"Orlando Abrigo Dolcetto d'Alba Dell'Erto";"2016";"279";"0.75";"372";"RÃ¸dvin";"Glass";"13.5";"2.7555556"
"Vinmonopolet";"10398201";"Orlando Abrigo Mervisano Barbera d'Alba 2013";"Orlando Abrigo Mervisano Barbera d'Alba";"2013";"399";"0.75";"532";"RÃ¸dvin";"Glass";"14.5";"3.6689656"
"Vinmonopolet";"10398301";"Orlando Abrigo Nebbiolo d'Alba Valmaggiore 2013";"Orlando Abrigo Nebbiolo d'Alba Valmaggiore";"2013";"425";"0.75";"566.67";"RÃ¸dvin";"Glass";"14";"4.047619"
"Vinmonopolet";"10398401";"Orlando Abrigo Livraie Langhe Rosso 2013";"Orlando Abrigo Livraie Langhe Rosso";"2013";"359";"0.75";"478.67";"RÃ¸dvin";"Glass";"14";"3.4190476"
"Vinmonopolet";"10398501";"Orlando Abrigo TrÃ¨s Plus Langhe 2015";"Orlando Abrigo TrÃ¨s Plus Langhe";"2015";"349.9";"0.75";"466.53";"White wine";"Glass";"13";"3.588718"
"Vinmonopolet";"10398601";"Sandro de Bruno Cabernet 2015";"Sandro de Bruno Cabernet";"2015";"220";"0.75";"293.33";"RÃ¸dvin";"Glass";"12.5";"2.3466666"
"Vinmonopolet";"10398701";"Pascal ClÃ©ment Chambolle Musigny Les Argilleres 2016";"Pascal ClÃ©ment Chambolle Musigny Les Argilleres";"2016";"729.9";"0.75";"973.2";"RÃ¸dvin";"Glass";"13";"7.486154"
"Vinmonopolet";"10398801";"Geoffroy Terre Champagne 2006";"Geoffroy Terre Champagne";"2006";"907.4";"0.75";"1209.87";"Champagne extra brut";"Glass";"12.5";"9.678933"
"Vinmonopolet";"10398901";"Hugues GodmÃ© Blanc de Noir Grand Cru Extra-Brut";"Hugues GodmÃ© Blanc de Noir Grand Cru Extra-Brut";"0";"575";"0.75";"766.67";"Champagne extra brut";"Glass";"12";"6.388889"
"Vinmonopolet";"10399101";"Hugues GodmÃ© Grand Cru Brut RosÃ©";"Hugues GodmÃ© Grand Cru Brut RosÃ©";"0";"550";"0.75";"733.33";"Champagne, rosÃ©";"Glass";"12";"6.111111"
"Vinmonopolet";"10399201";"Hugues GodmÃ© Fins Bois Grand Cru Extra-Brut";"Hugues GodmÃ© Fins Bois Grand Cru Extra-Brut";"0";"696";"0.75";"928";"Champagne extra brut";"Glass";"12";"7.733333"
"Vinmonopolet";"10399302";"Landgang Helle Aufregung";"Landgang Helle Aufregung";"0";"79";"0.33";"239.39";"Light lager";"Glass";"5";"4.7878785"
"Vinmonopolet";"10399401";"Hugues GodmÃ© Les Champs St Martin Grand Cru Pinot Noir Extra-Brut 2009";"Hugues GodmÃ© Les Champs St Martin Grand Cru Pinot Noir Extra-Brut";"2009";"1059";"0.75";"1412";"Champagne extra brut";"Glass";"12";"11.766666"
"Vinmonopolet";"10399502";"Landgang Amerikanischer Traum";"Landgang Amerikanischer Traum";"0";"79";"0.33";"239.39";"India pale ale";"Glass";"6.5";"3.6829836"
"Vinmonopolet";"10399602";"Landgang Weizheit IPA";"Landgang Weizheit IPA";"0";"79";"0.33";"239.39";"India pale ale";"Glass";"5.4";"4.433221"
"Vinmonopolet";"10399702";"Landgang Dunkle Macht Porter";"Landgang Dunkle Macht Porter";"0";"78.9";"0.33";"239.09";"Porter and stout";"Glass";"6.6";"3.6225896"
"Vinmonopolet";"10399802";"Landgang Pils";"Landgang Pils";"0";"68.9";"0.33";"208.79";"Light lager";"Glass";"4.9";"4.260977"
"Vinmonopolet";"10399901";"Zind-Humbrecht Riesling Turckheim 2018";"Zind-Humbrecht Riesling Turckheim";"2018";"249.9";"0.75";"333.2";"White wine";"Glass";"11.5";"2.8973913"
"Vinmonopolet";"10400001";"Zind-Humbrecht Riesling Roche Granitique 2017";"Zind-Humbrecht Riesling Roche Granitique";"2017";"309.9";"0.75";"413.2";"White wine";"Glass";"13";"3.1784616"
"Vinmonopolet";"10400101";"Ch. Bel-Air Lagrave 1994";"Ch. Bel-Air Lagrave";"1994";"399.9";"0.75";"533.2";"RÃ¸dvin";"Glass";"12.5";"4.2655997"
"Vinmonopolet";"10400201";"Muhr van der Niepoort Samt & Seide 2016";"Muhr van der Niepoort Samt & Seide";"2016";"299.9";"0.75";"399.87";"RÃ¸dvin";"Glass";"12.5";"3.1989334"
"Vinmonopolet";"10400301";"Muhr van der Niepoort Cuvee Vom Berg 2015";"Muhr van der Niepoort Cuvee Vom Berg";"2015";"229.8";"0.75";"306.4";"RÃ¸dvin";"Glass";"13";"2.356923"
"Vinmonopolet";"10400401";"Muhr van der Niepoort Ried Spitzerberg 2014";"Muhr van der Niepoort Ried Spitzerberg";"2014";"549.8";"0.75";"733.07";"RÃ¸dvin";"Glass";"12.5";"5.8645334"
"Vinmonopolet";"10400501";"Hapusa Himalayan Dry Gin";"Hapusa Himalayan Dry Gin";"0";"599";"0.7";"855.71";"Gin";"Glass";"43";"1.9900333"
"Vinmonopolet";"10400601";"Farmers Market";"Farmers Market";"2016";"129.9";"0.75";"173.2";"RÃ¸dvin";"Glass";"14";"1.2371428"
"Vinmonopolet";"10400701";"Chiusa Grande Tommolo Montepulciano d'Abruzzo";"Chiusa Grande Tommolo Montepulciano d'Abruzzo";"2016";"125";"0.75";"166.67";"RÃ¸dvin";"Glass";"13";"1.2820513"
"Vinmonopolet";"10400801";"Etike Vigna Pura";"Etike Vigna Pura";"2017";"129.9";"0.75";"173.2";"RÃ¸dvin";"Glass";"13.5";"1.2829629"
"Vinmonopolet";"10400905";"Tissot Les Graviers Chardonnay 2017";"Tissot Les Graviers Chardonnay";"2017";"919.9";"1.5";"613.27";"White wine";"Glass";"14.5";"4.2294254"
"Vinmonopolet";"10401001";"Weinhaus Saar Riesling Kabinett Feinherb";"Weinhaus Saar Riesling Kabinett Feinherb";"2017";"139.9";"0.75";"186.53";"White wine";"Glass";"8.5";"2.1945097"
"Vinmonopolet";"10401101";"Ch. du Trignon CÃ´tes-du-RhÃ´ne";"Ch. du Trignon CÃ´tes-du-RhÃ´ne";"2016";"174.9";"0.75";"233.2";"RÃ¸dvin";"Glass";"14.5";"1.6082758"
"Vinmonopolet";"10401201";"Tomintoul 15 YO Portwood Finish";"Tomintoul 15 YO Portwood Finish";"0";"899.5";"0.7";"1285";"Whisky";"Glass";"46";"2.7934783"
"Vinmonopolet";"10401301";"Glencadam 19 YO Oloroso Sherry Cask Finish";"Glencadam 19 YO Oloroso Sherry Cask Finish";"0";"1349.5";"0.7";"1927.86";"Whisky";"Glass";"46";"4.190994"
"Vinmonopolet";"10401401";"Glencadam 17 YO Triple Cask Portwood Finish";"Glencadam 17 YO Triple Cask Portwood Finish";"0";"1249.5";"0.7";"1785";"Whisky";"Glass";"46";"3.8804348"
"Vinmonopolet";"10401501";"Old Ballantruan The Peated Malt";"Old Ballantruan The Peated Malt";"0";"589.9";"0.7";"842.71";"Whisky";"Glass";"50";"1.6854286"
"Vinmonopolet";"10401701";"ViÃ±a Salceda Reserva 2014";"ViÃ±a Salceda Reserva";"2014";"199.9";"0.75";"266.53";"RÃ¸dvin";"Glass";"14.5";"1.8381609"
"Vinmonopolet";"10401801";"BO Bobal Ãºnico";"BO Bobal Ãºnico";"2016";"169.9";"0.75";"226.53";"RÃ¸dvin";"Glass";"13";"1.7425641"
"Vinmonopolet";"10401901";"Hoya de Cadenas Cava Brut";"Hoya de Cadenas Cava Brut";"0";"164.9";"0.75";"219.87";"Sparkling wine";"Glass";"11.5";"1.911884"
"Vinmonopolet";"10402301";"Spindler Ungeheuer Riesling Trocken Grosse Lage 2016";"Spindler Ungeheuer Riesling Trocken Grosse Lage";"2016";"395";"0.75";"526.67";"White wine";"Glass";"13";"4.051282"
"Vinmonopolet";"10402401";"Pascal ClÃ©ment Gevrey-Chambertin 2016";"Pascal ClÃ©ment Gevrey-Chambertin";"2016";"639.9";"0.75";"853.2";"RÃ¸dvin";"Glass";"13";"6.563077"
"Vinmonopolet";"10402701";"Lourens Howard John 2017";"Lourens Howard John";"2017";"309.9";"0.75";"413.2";"RÃ¸dvin";"Glass";"12";"3.4433331"
"Vinmonopolet";"10402801";"Lourens Lindi Carien 2017";"Lourens Lindi Carien";"2017";"329.9";"0.75";"439.87";"White wine";"Glass";"13.5";"3.2582715"
"Vinmonopolet";"10402901";"Biondi Etna San Nicolo' 2013";"Biondi Etna San Nicolo'";"2013";"461.3";"0.75";"615.07";"RÃ¸dvin";"Glass";"13";"4.7312818"
"Vinmonopolet";"10403001";"Biondi Etna Rosso Cisterna Fuori 2014";"Biondi Etna Rosso Cisterna Fuori";"2014";"461.1";"0.75";"614.8";"RÃ¸dvin";"Glass";"13.5";"4.5540743"
"Vinmonopolet";"10403606";"Robert Debuisson Beaujolaise Villages";"Robert Debuisson Beaujolaise Villages";"2017";"525";"3";"175";"RÃ¸dvin";"Bag-in-box";"13";"1.3461539"
"Vinmonopolet";"10404201";"Von Grossen Lagen";"Von Grossen Lagen";"2017";"199.9";"0.75";"266.53";"White wine";"Glass";"11.5";"2.317681"
"Vinmonopolet";"10404706";"Ricardelle de Lautrec Handmade Chardonnay 2017";"Ricardelle de Lautrec Handmade Chardonnay";"2017";"519.9";"3";"173.3";"White wine";"Bag-in-box";"13.5";"1.2837038"
"Vinmonopolet";"10404806";"Ricardelle de Lautrec Merlot 2017";"Ricardelle de Lautrec Merlot";"2017";"509.9";"3";"169.97";"RÃ¸dvin";"Bag-in-box";"13";"1.3074359"
"Vinmonopolet";"10404906";"Ricardelle de Lautrec Handmade Pinot Noir 2017";"Ricardelle de Lautrec Handmade Pinot Noir";"2017";"519.7";"3";"173.23";"RÃ¸dvin";"Bag-in-box";"13.5";"1.2832099"
"Vinmonopolet";"10405006";"Ricardelle de Lautrec Handmade Syrah RosÃ© 2018";"Ricardelle de Lautrec Handmade Syrah RosÃ©";"2018";"519.7";"3";"173.23";"RosÃ©vin";"Bag-in-box";"13";"1.3325641"
"Vinmonopolet";"10405101";"TerraQuilla Falconero Zero 2016";"TerraQuilla Falconero Zero";"2016";"129.9";"0.75";"173.2";"Perlende vin, rÃ¸d";"Glass";"12";"1.4433333"
"Vinmonopolet";"10405201";"TerraQuilia Terrebianche Col Fondo 2017";"TerraQuilia Terrebianche Col Fondo";"2017";"199.8";"0.75";"266.4";"Sparkling white wine";"Glass";"12";"2.22"
"Vinmonopolet";"10405301";"Fidora Civranetta Col Fondo Prosecco";"Fidora Civranetta Col Fondo Prosecco";"0";"179.9";"0.75";"239.87";"Sparkling white wine";"Glass";"11";"2.180606"
"Vinmonopolet";"10405407";"Franco Conterno Bussia Barolo Riserva 2011";"Franco Conterno Bussia Barolo Riserva";"2011";"2941.9";"3";"980.63";"RÃ¸dvin";"Glass";"14.5";"6.762988"
"Vinmonopolet";"10405507";"Franco Conterno Bussia Barolo Riserva 2012";"Franco Conterno Bussia Barolo Riserva";"2012";"5559.7";"5";"1111.94";"RÃ¸dvin";"Glass";"14.5";"7.668552"
"Vinmonopolet";"10405707";"Franco Conterno 7 Anni Barolo Riserva 2010";"Franco Conterno 7 Anni Barolo Riserva";"2010";"3508.4";"3";"1169.47";"RÃ¸dvin";"Glass";"14.5";"8.065288"
"Vinmonopolet";"10405807";"Franco Conterno 7 Anni Barolo Riserva 2008";"Franco Conterno 7 Anni Barolo Riserva";"2008";"3840.2";"3";"1280.07";"RÃ¸dvin";"Glass";"15";"8.533777"
"Vinmonopolet";"10406005";"Franco Conterno Langhe Nebbiolo 2016";"Franco Conterno Langhe Nebbiolo";"2016";"641.4";"1.5";"427.6";"RÃ¸dvin";"Glass";"14";"3.0542858"
"Vinmonopolet";"10406107";"Franco Conterno Panerole Barolo 2013";"Franco Conterno Panerole Barolo";"2013";"2503.3";"3";"834.43";"RÃ¸dvin";"Glass";"13.8";"6.0466185"
"Vinmonopolet";"10406207";"Franco Conterno Panerole Barolo 2013";"Franco Conterno Panerole Barolo";"2013";"4171.9";"5";"834.38";"RÃ¸dvin";"Glass";"13.8";"6.0462317"
"Vinmonopolet";"10406705";"Roche de Bellene Bourgogne Chardonnay Vieilles Vignes 2015";"Roche de Bellene Bourgogne Chardonnay Vieilles Vignes";"2015";"459.9";"1.5";"306.6";"White wine";"Glass";"13";"2.3584616"
"Vinmonopolet";"10407001";"Dom. du Valmoissine Pinot Noir";"Dom. du Valmoissine Pinot Noir";"2016";"156";"0.75";"208";"RÃ¸dvin";"Glass";"13.5";"1.5407407"
"Vinmonopolet";"10407101";"Ten. San Guido Guidalberto 2017";"Ten. San Guido Guidalberto";"2017";"449.9";"0.75";"599.87";"RÃ¸dvin";"Glass";"14";"4.284762"
"Vinmonopolet";"10407201";"Ten. San Guido Le Difese 2017";"Ten. San Guido Le Difese";"2017";"299.9";"0.75";"399.87";"RÃ¸dvin";"Glass";"13";"3.0758975"
"Vinmonopolet";"10407301";"Negro Roero Riserva Ciabot San Giorgio 2014";"Negro Roero Riserva Ciabot San Giorgio";"2014";"299.9";"0.75";"399.87";"RÃ¸dvin";"Glass";"14";"2.8561904"
"Vinmonopolet";"10407401";"Negro Roero Prachiosso 2014";"Negro Roero Prachiosso";"2014";"250";"0.75";"333.33";"RÃ¸dvin";"Glass";"14";"2.3809524"
"Vinmonopolet";"10407501";"Louis Roederer Cristal 2002";"Louis Roederer Cristal";"2002";"3050";"0.75";"4066.67";"Champagne, other";"Glass";"12";"33.88889"
"Vinmonopolet";"10407602";"De Kuyper Pisang";"De Kuyper Pisang";"0";"199.9";"0.5";"399.8";"LikÃ¸r";"Glass";"15";"2.6653333"
"Vinmonopolet";"10407702";"De Kuyper Sour Rhubarb";"De Kuyper Sour Rhubarb";"0";"199.9";"0.5";"399.8";"LikÃ¸r";"Glass";"15";"2.6653333"
"Vinmonopolet";"10407802";"De Kuyper CrÃ¨me de Cacao White";"De Kuyper CrÃ¨me de Cacao White";"0";"229.9";"0.5";"459.8";"LikÃ¸r";"Glass";"24";"1.9158332"
"Vinmonopolet";"10407902";"De Kuyper Amaretto";"De Kuyper Amaretto";"0";"249.9";"0.5";"499.8";"LikÃ¸r";"Glass";"30";"1.666"
"Vinmonopolet";"10408002";"De Kuyper Mango";"De Kuyper Mango";"0";"199.9";"0.5";"399.8";"LikÃ¸r";"Glass";"15";"2.6653333"
"Vinmonopolet";"10408102";"De Kuyper Triple Sec";"De Kuyper Triple Sec";"0";"309.9";"0.5";"619.8";"LikÃ¸r";"Glass";"40";"1.5495"
"Vinmonopolet";"10408202";"De Kuyper CrÃ¨me de Cacao Dark";"De Kuyper CrÃ¨me de Cacao Dark";"0";"219.9";"0.5";"439.8";"LikÃ¸r";"Glass";"20";"2.199"
"Vinmonopolet";"10408302";"De Kuyper Banana";"De Kuyper Banana";"0";"199.9";"0.5";"399.8";"LikÃ¸r";"Glass";"15";"2.6653333"
"Vinmonopolet";"10408402";"De Kuyper Grapefruit";"De Kuyper Grapefruit";"0";"199.9";"0.5";"399.8";"LikÃ¸r";"Glass";"15";"2.6653333"
"Vinmonopolet";"10408501";"Perusini Refosco 2016";"Perusini Refosco";"2016";"230.9";"0.75";"307.87";"RÃ¸dvin";"Glass";"13.5";"2.2804937"
"Vinmonopolet";"10408701";"Barkan Reserve Cabernet Sauvignon";"Barkan Reserve Cabernet Sauvignon";"2016";"232.5";"0.75";"310";"RÃ¸dvin";"Glass";"13.5";"2.2962964"
"Vinmonopolet";"10408801";"Rutte Sloe Gin";"Rutte Sloe Gin";"0";"549.9";"0.7";"785.57";"LikÃ¸r";"Glass";"30";"2.6185715"
"Vinmonopolet";"10409701";"Henri Giraud Esprit Nature";"Henri Giraud Esprit Nature";"0";"595";"0.75";"793.33";"Champagne, brut";"Glass";"12";"6.611111"
"Vinmonopolet";"10409801";"Henri Giraud Hommage";"Henri Giraud Hommage";"0";"660";"0.75";"880";"Champagne, brut";"Glass";"12";"7.3333335"
"Vinmonopolet";"10409901";"Henri Giraud MV 12 Grand Cru Champagne";"Henri Giraud MV 12 Grand Cru Champagne";"0";"1600";"0.75";"2133.33";"Champagne, brut";"Glass";"12";"17.777779"
"Vinmonopolet";"10410301";"Croft Vintage Port 2016";"Croft Vintage Port";"2016";"799";"0.75";"1065.33";"Port wine";"Glass";"20.5";"5.196748"
"Vinmonopolet";"10410401";"Quinta do Vallado LBV Port 2014";"Quinta do Vallado LBV Port";"2014";"365";"0.75";"486.67";"Port wine";"Glass";"19.5";"2.4957266"
"Vinmonopolet";"10410601";"Dom. Padie Gibraltar 2017";"Dom. Padie Gibraltar";"2017";"299.9";"0.75";"399.87";"RÃ¸dvin";"Glass";"13.5";"2.9619753"
"Vinmonopolet";"10410701";"Dom. Padie Tourbillon de la Vie 2017";"Dom. Padie Tourbillon de la Vie";"2017";"229";"0.75";"305.33";"RÃ¸dvin";"Glass";"14";"2.1809523"
"Vinmonopolet";"10410801";"Ch. Franc Patarabet Saint-Emilion Grand Cru 2009";"Ch. Franc Patarabet Saint-Emilion Grand Cru";"2009";"325";"0.75";"433.33";"RÃ¸dvin";"Glass";"13.5";"3.2098765"
"Vinmonopolet";"10410901";"Kariho Yamahai Jummai Ginjo";"Kariho Yamahai Jummai Ginjo";"0";"360";"0.72";"500";"Sake";"Glass";"16";"3.1249998"
"Vinmonopolet";"10410907";"Kariho Yamahai Jummai Ginjo";"Kariho Yamahai Jummai Ginjo";"0";"745";"1.8";"413.89";"Sake";"Glass";"16";"2.5868056"
"Vinmonopolet";"10411301";"Jean-Claude Buecher Paradoxe CrÃ©mant d'Alsace 2011";"Jean-Claude Buecher Paradoxe CrÃ©mant d'Alsace";"2011";"303.9";"0.75";"405.2";"Sparkling wine";"Glass";"12.5";"3.2416"
"Vinmonopolet";"10411401";"La Soeur Cadette MÃ¢con Chardonnay";"La Soeur Cadette MÃ¢con Chardonnay";"2018";"300";"0.75";"400";"White wine";"Glass";"12.5";"3.2"
"Vinmonopolet";"10411501";"La Soeur Cadette JuliÃ©nas 2018";"La Soeur Cadette JuliÃ©nas";"2018";"320";"0.75";"426.67";"RÃ¸dvin";"Glass";"13.5";"3.1604939"
"Vinmonopolet";"10411601";"Jean-Paul Schmitt CrÃ©mant d'Alsace Brut ZÃ©ro";"Jean-Paul Schmitt CrÃ©mant d'Alsace Brut ZÃ©ro";"0";"318.9";"0.75";"425.2";"Sparkling wine";"Glass";"12.5";"3.4016"
"Vinmonopolet";"10411701";"Puech-Haut Les Complices 2016";"Puech-Haut Les Complices";"2016";"146.7";"0.75";"195.6";"RÃ¸dvin";"Glass";"14";"1.3971429"
"Vinmonopolet";"10412201";"Kariho Junkei Karakuchi80";"Kariho Junkei Karakuchi80";"0";"285";"0.72";"395.83";"Sake";"Glass";"17";"2.3284314"
"Vinmonopolet";"10412207";"Kariho Junkei Karakuchi80";"Kariho Junkei Karakuchi80";"0";"575";"1.8";"319.44";"Sake";"Glass";"17";"1.8790851"
"Vinmonopolet";"10412301";"Dewatsuru Nugudamaru";"Dewatsuru Nugudamaru";"0";"290";"0.72";"402.78";"Sake";"Glass";"18";"2.2376542"
"Vinmonopolet";"10412501";"Jean-Paul Schmitt Rittersberg Pinot Gris RÃ©serve Personnelle 2014";"Jean-Paul Schmitt Rittersberg Pinot Gris RÃ©serve Personnelle";"2014";"378";"0.75";"504";"White wine";"Glass";"14.7";"3.4285715"
"Vinmonopolet";"10412601";"Jean-Paul Schmitt Rittersberg Gewurztraminer RÃ©serve Personnelle 2015";"Jean-Paul Schmitt Rittersberg Gewurztraminer RÃ©serve Personnelle";"2015";"426.9";"0.75";"569.2";"White wine";"Glass";"13.5";"4.216296"
"Vinmonopolet";"10412702";"The Illusionist Dry Gin";"The Illusionist Dry Gin";"0";"625";"0.5";"1250";"Gin";"Glass";"45";"2.7777777"
"Vinmonopolet";"10412801";"Jean-Paul Schmitt Rittersberg Pinot Noir Grande RÃ©serve";"Jean-Paul Schmitt Rittersberg Pinot Noir Grande RÃ©serve";"2015";"688.9";"0.75";"918.53";"RÃ¸dvin";"Glass";"13.7";"6.704623"
"Vinmonopolet";"10412901";"Jean-Paul Schmitt Rittersberg Pinot Noir RÃ©serve Personnelle";"Jean-Paul Schmitt Rittersberg Pinot Noir RÃ©serve Personnelle";"2016";"384";"0.75";"512";"RÃ¸dvin";"Glass";"13";"3.9384615"
"Vinmonopolet";"10413401";"Schwedhelm Riesling 2018";"Schwedhelm Riesling";"2018";"164.9";"0.75";"219.87";"White wine";"Glass";"12";"1.8322221"
"Vinmonopolet";"10413501";"Schwedhelm Riesling Zellertal 2018";"Schwedhelm Riesling Zellertal";"2018";"199.7";"0.75";"266.27";"White wine";"Glass";"12";"2.2188888"
"Vinmonopolet";"10413601";"Karl May Riesling Morstein 2018";"Karl May Riesling Morstein";"2018";"299.9";"0.75";"399.87";"White wine";"Glass";"13";"3.0758975"
"Vinmonopolet";"10413701";"Kampf Weiss Trocken 2017";"Kampf Weiss Trocken";"2017";"109.6";"0.75";"146.13";"White wine";"Glass";"12";"1.2177777"
"Vinmonopolet";"10413808";"Ramona Ruby Grapefruit (4x25cl)";"Ramona Ruby Grapefruit (4x25cl)";"0";"144.9";"1";"144.9";"Flavoured wine	";"Ãvrig";"7";"2.07"
"Vinmonopolet";"10413901";"Kampf Riesling Trocken 2017";"Kampf Riesling Trocken";"2017";"179.9";"0.75";"239.87";"White wine";"Glass";"12.5";"1.9189333"
"Vinmonopolet";"10414001";"MÃ¼ller-Catoir Riesling BÃ¼rgergarten Erste Lage 2018";"MÃ¼ller-Catoir Riesling BÃ¼rgergarten Erste Lage";"2018";"349.7";"0.75";"466.27";"White wine";"Glass";"13";"3.5866668"
"Vinmonopolet";"10414101";"Candidato Tempranillo";"Candidato Tempranillo";"2017";"134.9";"0.75";"175.87";"RÃ¸dvin";"Emballasje med pant";"13";"1.3835896"
"Vinmonopolet";"10414201";"Briada Il Monello Barbera del Monferrato 2015";"Briada Il Monello Barbera del Monferrato";"2015";"209.9";"0.75";"279.87";"RÃ¸dvin";"Glass";"13.5";"2.0730863"
"Vinmonopolet";"10414301";"Saint Emilion Calvet";"Saint Emilion Calvet";"2016";"199.9";"0.75";"266.53";"RÃ¸dvin";"Glass";"13.5";"1.9743209"
"Vinmonopolet";"10414401";"BearFlag Zinfandel Sonoma County";"BearFlag Zinfandel Sonoma County";"2016";"259.9";"0.75";"346.53";"RÃ¸dvin";"Glass";"15";"2.3102221"
"Vinmonopolet";"10414501";"BearFlag Smooth Red Blend";"BearFlag Smooth Red Blend";"2018";"159.9";"0.75";"213.2";"RÃ¸dvin";"Glass";"13.5";"1.5792592"
"Vinmonopolet";"10414601";"Yohan Lardy Moulin-Ã -Vent Vieilles Vignes de 1903 2017";"Yohan Lardy Moulin-Ã -Vent Vieilles Vignes de";"2017";"299.9";"0.75";"399.87";"RÃ¸dvin";"Glass";"13";"3.0758975"
"Vinmonopolet";"10414701";"JÃ©rÃ´me Arnoux CrÃ©mant du Jura";"JÃ©rÃ´me Arnoux CrÃ©mant du Jura";"0";"254.9";"0.75";"339.87";"Sparkling wine";"Glass";"12.5";"2.7189333"
"Vinmonopolet";"10414801";"Yohan Lardy Gamay Poppy 2019";"Yohan Lardy Gamay Poppy";"2019";"175.9";"0.75";"234.53";"RÃ¸dvin";"Glass";"12.5";"1.8762666"
"Vinmonopolet";"10414901";"Elio Grasso Gavarini Langhe Nebbiolo 2018";"Elio Grasso Gavarini Langhe Nebbiolo";"2018";"279.9";"0.75";"373.2";"RÃ¸dvin";"Glass";"14.5";"2.573793"
"Vinmonopolet";"10415101";"Wiston Estate Cuvee Brut";"Wiston Estate Cuvee Brut";"0";"359.9";"0.75";"479.87";"Sparkling wine";"Glass";"12";"3.9988887"
"Vinmonopolet";"10415206";"Explorer 2 x Cocktails";"Explorer 2 x Cocktails";"0";"299.9";"1.5";"199.93";"Other spirit";"Bag-in-box";"12.5";"1.5994667"
"Vinmonopolet";"10415301";"Dewatsuru Umegokochi";"Dewatsuru Umegokochi";"0";"265";"0.72";"368.06";"Sake";"Glass";"12";"3.0671296"
"Vinmonopolet";"10415307";"Dewatsuru Umegokochi";"Dewatsuru Umegokochi";"0";"545";"1.8";"302.78";"Sake";"Glass";"12";"2.5231483"
"Vinmonopolet";"10415401";"Moulins de Citran Haut-MÃ©doc 2010";"Moulins de Citran Haut-MÃ©doc";"2010";"284.9";"0.75";"379.87";"RÃ¸dvin";"Glass";"13";"2.9220512"
"Vinmonopolet";"10415501";"Ch. Fongaban 2016";"Ch. Fongaban";"2016";"199.9";"0.75";"266.53";"RÃ¸dvin";"Glass";"14.5";"1.8381609"
"Vinmonopolet";"10415601";"Vinultra Insight Sauvignon Blanc";"Vinultra Insight Sauvignon Blanc";"2018";"179.9";"0.75";"239.87";"White wine";"Glass";"12.5";"1.9189333"
"Vinmonopolet";"10415702";"Lindheim Farmer's Reserve Coolship Cherry";"Lindheim Farmer's Reserve Coolship Cherry";"0";"135";"0.38";"360";"SurÃ¸l";"Glass";"7";"5.075188"
"Vinmonopolet";"10415801";"Vinultra Little Beauty Black Edition Pinot Noir";"Vinultra Little Beauty Black Edition Pinot Noir";"2017";"439.9";"0.75";"586.53";"RÃ¸dvin";"Glass";"14";"4.1895237"
"Vinmonopolet";"10415901";"Vinultra Little Beauty Sauvignon Blanc";"Vinultra Little Beauty Sauvignon Blanc";"2017";"336";"0.75";"448";"White wine";"Glass";"13.5";"3.3185184"
"Vinmonopolet";"10416004";"JP. Chenet Sparkling Brut";"JP. Chenet Sparkling Brut";"0";"49.9";"0.2";"249.5";"Sparkling wine";"Plast";"11";"2.2681818"
"Vinmonopolet";"10416101";"Riveyrac Rivesaltes La Cuvee des Aigles 1975";"Riveyrac Rivesaltes La Cuvee des Aigles";"1975";"649";"0.75";"865.33";"Fortified wine";"Glass";"15.5";"5.5827956"
"Vinmonopolet";"10416201";"Collavini Sauvignon Blanc Fumat";"Collavini Sauvignon Blanc Fumat";"2017";"195";"0.75";"260";"White wine";"Glass";"12.5";"2.08"
"Vinmonopolet";"10416301";"Collavini Turian Schioppettino";"Collavini Turian Schioppettino";"2011";"299.9";"0.75";"399.87";"RÃ¸dvin";"Glass";"13.5";"2.9619753"
"Vinmonopolet";"10416401";"Alta Alella Maller Cava Brut Nature 2016";"Alta Alella Maller Cava Brut Nature";"2016";"289.9";"0.75";"386.53";"Sparkling wine";"Glass";"12";"3.221111"
"Vinmonopolet";"10416601";"Amaro Montenegro";"Amaro Montenegro";"0";"345";"0.7";"492.86";"LikÃ¸r";"Glass";"23";"2.142857"
"Vinmonopolet";"10416701";"The Gauldrons Campbeltown Blended Malt";"The Gauldrons Campbeltown Blended Malt";"0";"859.9";"0.7";"1228.43";"Whisky";"Glass";"46.2";"2.6589363"
"Vinmonopolet";"10416901";"Big Peat Feis Ile";"Big Peat Feis Ile";"0";"699.9";"0.7";"999.86";"Whisky";"Glass";"48";"2.0830357"
"Vinmonopolet";"10417001";"Collavini Pinot Grigio Canlungo";"Collavini Pinot Grigio Canlungo";"2018";"195";"0.75";"260";"White wine";"Glass";"12.5";"2.08"
"Vinmonopolet";"10417101";"Canlibero Iastemma Falanghina 2016";"Canlibero Iastemma Falanghina";"2016";"349.9";"0.75";"466.53";"White wine";"Glass";"12.5";"3.7322667"
"Vinmonopolet";"10417201";"Foradori Granato 2016";"Foradori Granato";"2016";"575";"0.75";"766.67";"RÃ¸dvin";"Glass";"12.5";"6.133333"
"Vinmonopolet";"10417301";"Jacquesson CuvÃ©e no 739 Grand Vin";"Jacquesson CuvÃ©e no 739 Grand Vin";"0";"649.9";"0.75";"866.53";"Champagne, brut";"Glass";"12";"7.2211113"
"Vinmonopolet";"10417405";"Ca' Vendri Amarone della Valpolicella";"Ca' Vendri Amarone della Valpolicella";"2015";"580";"1.5";"386.67";"RÃ¸dvin";"Glass";"15";"2.5777779"
"Vinmonopolet";"10417601";"Elena Walch Ludwig Pinot Nero 2016";"Elena Walch Ludwig Pinot Nero";"2016";"389.9";"0.75";"519.87";"RÃ¸dvin";"Glass";"14";"3.7133334"
"Vinmonopolet";"10417801";"Ch. Bouscaut Blanc Grand Cru ClassÃ© 2016";"Ch. Bouscaut Blanc Grand Cru ClassÃ©";"2016";"495";"0.75";"660";"White wine";"Glass";"13.5";"4.888889"
"Vinmonopolet";"10418305";"Charles de FÃ¨re CuvÃ©e Jean-Louis Blanc de Blancs Brut";"Charles de FÃ¨re CuvÃ©e Jean-Louis Blanc de Blancs Brut";"0";"289.9";"1.5";"193.27";"Sparkling wine";"Glass";"11.5";"1.6805797"
"Vinmonopolet";"10418501";"Ch. Latour-Martillac 2013";"Ch. Latour-Martillac";"2013";"435";"0.75";"580";"White wine";"Glass";"12.5";"4.64"
"Vinmonopolet";"10418601";"Sarget de Gruaud Larose 2014";"Sarget de Gruaud Larose";"2014";"389.8";"0.75";"519.73";"RÃ¸dvin";"Glass";"13";"3.9979486"
"Vinmonopolet";"10418701";"Ch. Montrose 2012";"Ch. Montrose";"2012";"1128.1";"0.75";"1504.13";"RÃ¸dvin";"Glass";"13";"11.570256"
"Vinmonopolet";"10418801";"La Dame de Montrose 2012";"La Dame de Montrose";"2012";"454.8";"0.75";"606.4";"RÃ¸dvin";"Glass";"13";"4.664615"
"Vinmonopolet";"10418901";"Ch. Grand-Puy-Lacoste 2011";"Ch. Grand-Puy-Lacoste";"2011";"672.1";"0.75";"896.13";"RÃ¸dvin";"Glass";"13.5";"6.6380243"
"Vinmonopolet";"10419001";"Blason d'Issan 2014";"Blason d'Issan";"2014";"378";"0.75";"504";"RÃ¸dvin";"Glass";"13";"3.876923"
"Vinmonopolet";"10419101";"La Parde de Haut Bailly 2014";"La Parde de Haut Bailly";"2014";"379";"0.75";"505.33";"RÃ¸dvin";"Glass";"13";"3.8871794"
"Vinmonopolet";"10419201";"Dom. de Chevalier 2014";"Dom. de Chevalier";"2014";"719";"0.75";"958.67";"RÃ¸dvin";"Glass";"13.5";"7.1012344"
"Vinmonopolet";"10419301";"Le Saint-Estephe de Montrose 2015";"Le Saint-Estephe de Montrose";"2015";"424.3";"0.75";"565.73";"RÃ¸dvin";"Glass";"13.5";"4.190617"
"Vinmonopolet";"10419402";"Fresh Shot Lime & Mint";"Fresh Shot Lime & Mint";"0";"219";"0.5";"438";"Other spirit";"Glass";"28";"1.5642858"
"Vinmonopolet";"10419502";"Fresh Shot Melon";"Fresh Shot Melon";"0";"219";"0.5";"438";"Other spirit";"Glass";"28";"1.5642858"
"Vinmonopolet";"10419602";"Fresh Shot Grapefrukt";"Fresh Shot Grapefrukt";"0";"219";"0.5";"438";"Other spirit";"Glass";"28";"1.5642858"
"Vinmonopolet";"10419801";"Bouchard Bourgogne Pinot Noir Reserve du Centenaire 2007";"Bouchard Bourgogne Pinot Noir Reserve du Centenaire";"2007";"249.9";"0.75";"333.2";"RÃ¸dvin";"Glass";"12.5";"2.6655998"
"Vinmonopolet";"10419901";"Meinklang Nacht 2018";"Meinklang Nacht";"2018";"369.9";"0.75";"493.2";"RÃ¸dvin";"Glass";"11.5";"4.288696"
"Vinmonopolet";"10420101";"G. Reynolds Finissima Cava Brut RosÃ¨";"G. Reynolds Finissima Cava Brut RosÃ¨";"2016";"99.9";"0.75";"133.2";"Musserende vin, rosÃ©";"Glass";"11.5";"1.158261"
"Vinmonopolet";"10420201";"Amarula Vanilla Spice";"Amarula Vanilla Spice";"0";"224.9";"0.7";"321.29";"LikÃ¸r";"Glass";"15.5";"2.0728111"
"Vinmonopolet";"10420301";"Villa Ponciago Moulin-Ã -Vent les GrÃ¨s Rouges 2016";"Villa Ponciago Moulin-Ã -Vent les GrÃ¨s Rouges";"2016";"251.9";"0.75";"335.87";"RÃ¸dvin";"Glass";"13";"2.5835898"
"Vinmonopolet";"10420507";"Meteor Biere De NoÃ«l Keg";"Meteor Biere De NoÃ«l Keg";"0";"480.5";"5";"96.1";"Special";"";"5.8";"1.6568965"
"Vinmonopolet";"10421001";"Quaglia Berto Vermouth di Torino Rosso";"Quaglia Berto Vermouth di Torino Rosso";"0";"239.9";"0.75";"319.87";"Vermouth";"Glass";"17";"1.8815686"
"Vinmonopolet";"10421101";"MalvirÃ  Roero Arneis 2018";"MalvirÃ  Roero Arneis";"2018";"164.9";"0.75";"219.87";"White wine";"Glass";"12";"1.8322221"
"Vinmonopolet";"10421201";"Clos Bagatelle Donnadieu 2016";"Clos Bagatelle Donnadieu";"2016";"198";"0.75";"264";"RÃ¸dvin";"Glass";"13.5";"1.9555556"
"Vinmonopolet";"10421601";"Tiffon Grande Champagne";"Tiffon Grande Champagne";"0";"2300";"0.7";"3285.71";"Grape spirit";"Glass";"40";"8.214286"
"Vinmonopolet";"10421701";"Tiffon Vieux SupÃ©rieur";"Tiffon Vieux SupÃ©rieur";"0";"1999";"0.7";"2855.71";"Grape spirit";"Glass";"40";"7.139286"
"Vinmonopolet";"10422101";"Athenais Bourgogne Chardonnay 2016";"Athenais Bourgogne Chardonnay";"2016";"349.9";"0.75";"466.53";"White wine";"Glass";"12";"3.8877778"
"Vinmonopolet";"10422201";"Ch. Valoux 2014";"Ch. Valoux";"2014";"264";"0.75";"352";"RÃ¸dvin";"Glass";"12.5";"2.816"
"Vinmonopolet";"10422301";"Ch. Valoux Blanc 2016";"Ch. Valoux Blanc";"2016";"265";"0.75";"353.33";"White wine";"Glass";"13";"2.7179487"
"Vinmonopolet";"10422401";"Bennati 1870 Recioto di Soave";"Bennati  Recioto di Soave";"2015";"299.9";"0.75";"399.87";"Sparkling wine";"Glass";"12.5";"3.1989334"
"Vinmonopolet";"10422501";"Dana Estates Helms Cabernet Sauvignon";"Dana Estates Helms Cabernet Sauvignon";"2015";"3950";"0.75";"5266.67";"RÃ¸dvin";"Glass";"15.3";"34.422657"
"Vinmonopolet";"10422601";"Dana Estates Onda Cabernet Sauvignon";"Dana Estates Onda Cabernet Sauvignon";"2015";"1950";"0.75";"2600";"RÃ¸dvin";"Glass";"15.2";"17.105263"
"Vinmonopolet";"10422701";"Coccinella Aldo Viola 2016";"Coccinella Aldo Viola";"2016";"269";"0.75";"358.67";"RÃ¸dvin";"Glass";"13.5";"2.65679"
"Vinmonopolet";"10422801";"Aldo Viola Egesta 2017";"Aldo Viola Egesta";"2017";"359";"0.75";"478.67";"White wine";"Glass";"13.5";"3.545679"
"Vinmonopolet";"10422901";"Aldo Viola Krimiso Catarratto 2017";"Aldo Viola Krimiso Catarratto";"2017";"339";"0.75";"452";"White wine";"Glass";"13";"3.476923"
"Vinmonopolet";"10423001";"Tenuta de Poi Salice Salentino Riserva 2016";"Tenuta de Poi Salice Salentino Riserva";"2016";"150";"0.75";"200";"RÃ¸dvin";"Glass";"13.5";"1.4814814"
"Vinmonopolet";"10423101";"Nonno Pietro Vino Rosso";"Nonno Pietro Vino Rosso";"2016";"270";"0.75";"360";"RÃ¸dvin";"Glass";"14";"2.5714285"
"Vinmonopolet";"10423201";"Durio Monferrato Dolcetto";"Durio Monferrato Dolcetto";"2016";"189.9";"0.75";"253.2";"RÃ¸dvin";"Glass";"12.5";"2.0256"
"Vinmonopolet";"10423301";"Durio L'Armatore Barbera d'Asti";"Durio L'Armatore Barbera d'Asti";"2016";"225";"0.75";"300";"RÃ¸dvin";"Glass";"14.5";"2.0689654"
"Vinmonopolet";"10423402";"Kaapse Tineke Breakfast Stout";"Kaapse Tineke Breakfast Stout";"0";"59.8";"0.33";"181.21";"Porter and stout";"Glass";"7.9";"2.2938242"
"Vinmonopolet";"10423701";"Christian Clerget Chambolle-Musigny 1er Cru Les Charmes 2014";"Christian Clerget Chambolle-Musigny 1er Cru Les Charmes";"2014";"829.9";"0.75";"1106.53";"RÃ¸dvin";"Glass";"13.5";"8.196544"
"Vinmonopolet";"10425301";"Ch. Chasse-Spleen 2004";"Ch. Chasse-Spleen";"2004";"639.9";"0.75";"853.2";"RÃ¸dvin";"Glass";"13";"6.563077"
"Vinmonopolet";"10425401";"Ch. Chasse-Spleen 2008";"Ch. Chasse-Spleen";"2008";"639.9";"0.75";"853.2";"RÃ¸dvin";"Glass";"13";"6.563077"
"Vinmonopolet";"10425501";"Louis Roederer Cristal RosÃ© 2002";"Louis Roederer Cristal RosÃ©";"2002";"5520";"0.75";"7360";"Champagne, other";"Glass";"12";"61.333332"
"Vinmonopolet";"10425601";"Wizla Vodka";"Wizla Vodka";"0";"399.8";"1";"399.8";"Vodka";"Glass";"37.5";"1.0661333"
"Vinmonopolet";"10425702";"SmÃ¥ Cactus Blossom & Lime";"SmÃ¥ Cactus Blossom & Lime";"0";"149.9";"0.5";"299.8";"LikÃ¸r";"Plast";"15";"1.9986666"
"Vinmonopolet";"10425801";"Yalumba Old Bush Vine Grenache 2016";"Yalumba Old Bush Vine Grenache";"2016";"259";"0.75";"345.33";"RÃ¸dvin";"Glass";"14";"2.4666667"
"Vinmonopolet";"10425901";"Yalumba Y Series Riesling 2017";"Yalumba Y Series Riesling";"2017";"189.9";"0.75";"253.2";"White wine";"Glass";"12";"2.11"
"Vinmonopolet";"10426001";"Dalrymple Cave Block Chardonnay";"Dalrymple Cave Block Chardonnay";"2016";"339";"0.75";"452";"White wine";"Glass";"12.5";"3.616"
"Vinmonopolet";"10426101";"La Croix de Seguin 2014";"La Croix de Seguin";"2014";"294";"0.75";"392";"RÃ¸dvin";"Glass";"14";"2.8"
"Vinmonopolet";"10426301";"Savage Thief in the Night";"Savage Thief in the Night";"2018";"339.9";"0.75";"453.2";"RÃ¸dvin";"Glass";"13";"3.4861538"
"Vinmonopolet";"10426501";"Griesel Chardonnay Brut Nature 2015";"Griesel Chardonnay Brut Nature";"2015";"349.9";"0.75";"466.53";"Sparkling wine";"Glass";"12.5";"3.7322667"
"Vinmonopolet";"10426601";"Griesel Blanc de Noirs Brut";"Griesel Blanc de Noirs Brut";"2017";"299";"0.75";"398.67";"Sparkling wine";"Glass";"12.5";"3.1893334"
"Vinmonopolet";"10426702";"Egge GÃ¥rd Juleakevitt";"Egge GÃ¥rd Juleakevitt";"2018";"335.9";"0.5";"671.8";"Aquavit";"Glass";"40";"1.6795"
"Vinmonopolet";"10427101";"La Maison du CrÃ©mant Brut";"La Maison du CrÃ©mant Brut";"0";"179.9";"0.75";"239.87";"Sparkling wine";"Glass";"12.5";"1.9189333"
"Vinmonopolet";"10427201";"Coopers Choice BenRiach 2012 5 YO Port Finish #9751";"Coopers Choice BenRiach  5 YO Port Finish #";"2012";"939";"0.7";"1341.43";"Whisky";"Glass";"56";"2.3954082"
"Vinmonopolet";"10427401";"Cooper's Choice Tullibardine 2011 6 YO Port Finish Cask No. 9729";"Cooper's Choice Tullibardine  6 YO Port Finish Cask No.";"0";"939";"0.7";"1341.43";"Whisky";"Glass";"54";"2.484127"
"Vinmonopolet";"10428001";"Wemyss Maritime Memories Bunnahabhain 1987";"Wemyss Maritime Memories Bunnahabhain";"1987";"3400";"0.7";"4857.14";"Whisky";"Glass";"48.1";"10.098011"
"Vinmonopolet";"10428201";"Salicutti Rosso di Montalcino 2016";"Salicutti Rosso di Montalcino";"2016";"399";"0.75";"532";"RÃ¸dvin";"Glass";"14.5";"3.6689656"
"Vinmonopolet";"10428302";"SmÃ¶gen Sherry Octaves";"SmÃ¶gen Sherry Octaves";"0";"1199";"0.5";"2398";"Whisky";"Glass";"53.6";"4.473881"
"Vinmonopolet";"10428701";"Massimo Rattalino Barolo Trentaquattro34 2014";"Massimo Rattalino Barolo Trentaquattro34";"2014";"494.9";"0.75";"659.87";"RÃ¸dvin";"Glass";"14";"4.713333"
"Vinmonopolet";"10428801";"A Tribute to Grace Grenache 2017";"A Tribute to Grace Grenache";"2017";"349";"0.75";"465.33";"RÃ¸dvin";"Glass";"14";"3.3238096"
"Vinmonopolet";"10428901";"Chartron et TrÃ©buchet Cremant de Bourgogne Brut";"Chartron et TrÃ©buchet Cremant de Bourgogne Brut";"2017";"189.9";"0.75";"253.2";"Sparkling wine";"Glass";"12.5";"2.0256"
"Vinmonopolet";"10429001";"Dom. Heitz-Lochardet Meursault 1er Cru Les PerriÃ¨res 2017";"Dom. Heitz-Lochardet Meursault 1er Cru Les PerriÃ¨res";"2017";"1099.9";"0.75";"1466.53";"White wine";"Glass";"13";"11.281026"
"Vinmonopolet";"10429101";"Dom. Heitz-Lochardet Pommard 1er Cru Les Pezerolles 2016";"Dom. Heitz-Lochardet Pommard 1er Cru Les Pezerolles";"2016";"739.9";"0.75";"986.53";"RÃ¸dvin";"Glass";"12.5";"7.8922668"
"Vinmonopolet";"10429201";"Dom. Chofflot-Valdenaire Givry 1er Cru Clos de ChouÃ©";"Dom. Chofflot-Valdenaire Givry 1er Cru Clos de ChouÃ©";"2014";"299";"0.75";"398.67";"RÃ¸dvin";"Glass";"13";"3.0666666"
"Vinmonopolet";"10429301";"Vignerons de Mancey MÃ¢con Villages";"Vignerons de Mancey MÃ¢con Villages";"2017";"189.6";"0.75";"252.8";"White wine";"Glass";"13";"1.9446155"
"Vinmonopolet";"10429401";"Bitouzet-Prieur Meursault Les Corbins";"Bitouzet-Prieur Meursault Les Corbins";"2015";"499.9";"0.75";"666.53";"White wine";"Glass";"13.5";"4.937284"
"Vinmonopolet";"10429501";"Bitouzet-Prieur Meursault 1er Cru Les Charmes";"Bitouzet-Prieur Meursault 1er Cru Les Charmes";"2015";"729.9";"0.75";"973.2";"White wine";"Glass";"13";"7.486154"
"Vinmonopolet";"10429701";"Bitouzet-Prieur Volnay Premier Cru Les Aussys";"Bitouzet-Prieur Volnay Premier Cru Les Aussys";"2015";"564.9";"0.75";"753.2";"RÃ¸dvin";"Glass";"13.5";"5.5792594"
"Vinmonopolet";"10429801";"Bachey-Legros Santenay 1er Cru Clos Rosseau Vieilles Vignes";"Bachey-Legros Santenay 1er Cru Clos Rosseau Vieilles Vignes";"2016";"429.9";"0.75";"573.2";"RÃ¸dvin";"Glass";"13.5";"4.245926"
"Vinmonopolet";"10430001";"Dom. Heitz-Lochardet Pommard 1er Cru Rugiens 2016";"Dom. Heitz-Lochardet Pommard 1er Cru Rugiens";"2016";"819.9";"0.75";"1093.2";"RÃ¸dvin";"Glass";"12.5";"8.745601"
"Vinmonopolet";"10430101";"Norman Hardie Riesling 2017";"Norman Hardie Riesling";"2017";"245.2";"0.75";"326.93";"White wine";"Glass";"11";"2.9721212"
"Vinmonopolet";"10430201";"Pietro di Campo Perfetto Langhe Rosso";"Pietro di Campo Perfetto Langhe Rosso";"2017";"164.9";"0.75";"219.87";"RÃ¸dvin";"Glass";"13.5";"1.628642"
"Vinmonopolet";"10430301";"Verum Christmas Edition Garnacha";"Verum Christmas Edition Garnacha";"0";"124.6";"0.75";"166.13";"RÃ¸dvin";"Glass";"12.5";"1.3290666"
"Vinmonopolet";"10430401";"La Rioja Alta Lat 42 2017";"La Rioja Alta Lat 42";"2017";"164.9";"0.75";"219.87";"RÃ¸dvin";"Glass";"14.5";"1.5163218"
"Vinmonopolet";"10430501";"Norman Hardie County Pinot Noir Unfiltered 2016";"Norman Hardie County Pinot Noir Unfiltered";"2016";"379.3";"0.75";"505.73";"RÃ¸dvin";"Glass";"11.5";"4.397681"
"Vinmonopolet";"10430601";"Norman Hardie County Chardonnay Unfiltered 2016";"Norman Hardie County Chardonnay Unfiltered";"2016";"379.3";"0.75";"505.73";"White wine";"Glass";"13";"3.8902562"
"Vinmonopolet";"10430701";"Norman Hardie Chardonnay Unfiltered 2016";"Norman Hardie Chardonnay Unfiltered";"2016";"348.5";"0.75";"464.67";"White wine";"Glass";"12.5";"3.7173333"
"Vinmonopolet";"10430801";"Norman Hardie Pinot Noir Unfiltered 2016";"Norman Hardie Pinot Noir Unfiltered";"2016";"348.5";"0.75";"464.67";"RÃ¸dvin";"Glass";"11.5";"4.04058"
"Vinmonopolet";"10430901";"Verum Patagonia Pinot Noir";"Verum Patagonia Pinot Noir";"2017";"169.9";"0.75";"226.53";"RÃ¸dvin";"Glass";"13.5";"1.6780246"
"Vinmonopolet";"10431001";"Lurton Le Petit Pas Blanc";"Lurton Le Petit Pas Blanc";"2018";"144.9";"0.75";"193.2";"White wine";"Glass";"13";"1.4861538"
"Vinmonopolet";"10431101";"Lurton Le Petit Pas Rouge";"Lurton Le Petit Pas Rouge";"2018";"144.9";"0.75";"193.2";"RÃ¸dvin";"Glass";"13.5";"1.4311111"
"Vinmonopolet";"10431201";"Ulterior Garnacha Parcela No 6";"Ulterior Garnacha Parcela No 6";"2016";"229.9";"0.75";"306.53";"RÃ¸dvin";"Glass";"13";"2.3579485"
"Vinmonopolet";"10431301";"Verum MalvasÃ­a";"Verum MalvasÃ­a";"2017";"149.9";"0.75";"199.87";"White wine";"Glass";"13.5";"1.4804938"
"Vinmonopolet";"10431401";"Verum Patagonia Chardonnay";"Verum Patagonia Chardonnay";"2018";"154.9";"0.75";"206.53";"White wine";"Glass";"13.5";"1.5298765"
"Vinmonopolet";"10431601";"Pierre Labet Beaune 1er Cru Coucherias 2014";"Pierre Labet Beaune 1er Cru Coucherias";"2014";"439.8";"0.75";"586.4";"RÃ¸dvin";"Glass";"13";"4.510769"
"Vinmonopolet";"10431701";"Pierre Labet Beaune Clos du Dessus Des Marconnets rouge 2014";"Pierre Labet Beaune Clos du Dessus Des Marconnets rouge";"2014";"339.9";"0.75";"453.2";"RÃ¸dvin";"Glass";"13";"3.4861538"
"Vinmonopolet";"10432002";"Blue Moon Belgian White";"Blue Moon Belgian White";"0";"43.9";"0.33";"133.03";"HveteÃ¸l";"Glass";"5.4";"2.463524"
"Vinmonopolet";"10432101";"Von Buhl RosÃ© Brut";"Von Buhl RosÃ© Brut";"2016";"249.9";"0.75";"333.2";"Musserende vin, rosÃ©";"Glass";"12.5";"2.6655998"
"Vinmonopolet";"10432201";"Von Buhl Kieselberg Riesling GG 2017";"Von Buhl Kieselberg Riesling GG";"2017";"459.9";"0.75";"613.2";"White wine";"Glass";"13";"4.716923"
"Vinmonopolet";"10432301";"Von Buhl Ungeheuer Riesling GG 2017";"Von Buhl Ungeheuer Riesling GG";"2017";"449.9";"0.75";"599.87";"White wine";"Glass";"13";"4.614359"
"Vinmonopolet";"10432702";"SmÃ¶gen Strane Navy Strength Gin";"SmÃ¶gen Strane Navy Strength Gin";"0";"889";"0.5";"1778";"Gin";"Glass";"57.1";"3.1138356"
"Vinmonopolet";"10432802";"SmÃ¶gen Strane Oaked Gin";"SmÃ¶gen Strane Oaked Gin";"0";"889";"0.5";"1778";"Gin";"Glass";"55";"3.2327273"
"Vinmonopolet";"10432901";"Cotes de Jura Chardonnay Messagelins 2016";"Cotes de Jura Chardonnay Messagelins";"2016";"239.9";"0.75";"319.87";"White wine";"Glass";"13";"2.4605129"
"Vinmonopolet";"10433001";"Marcel Cabelier CrÃ©mant du Jura Extra Brut";"Marcel Cabelier CrÃ©mant du Jura Extra Brut";"2012";"219.9";"0.75";"293.2";"Sparkling wine";"Glass";"12.5";"2.3456"
"Vinmonopolet";"10433201";"Oxer Bastegieta Marko Gure Arbasoak 2018";"Oxer Bastegieta Marko Gure Arbasoak";"2018";"347.9";"0.75";"463.87";"White wine";"Glass";"13";"3.568205"
"Vinmonopolet";"10434101";"Massimo Rivetti Serraboella Barbera d'Alba Superiore 2017";"Massimo Rivetti Serraboella Barbera d'Alba Superiore";"2017";"318.9";"0.75";"425.2";"RÃ¸dvin";"Glass";"14.5";"2.9324138"
"Vinmonopolet";"10434602";"Fresh Shot Cranberry";"Fresh Shot Cranberry";"0";"219";"0.5";"438";"Other spirit";"Glass";"28";"1.5642858"
"Vinmonopolet";"10434901";"Champliau CrÃ©mant de Bourgogne Brut Authentique";"Champliau CrÃ©mant de Bourgogne Brut Authentique";"0";"222";"0.75";"296";"Sparkling wine";"Glass";"12.5";"2.368"
"Vinmonopolet";"10435001";"Champliau CdB Brut RosÃ©";"Champliau CdB Brut RosÃ©";"0";"222";"0.75";"296";"Musserende vin, rosÃ©";"Glass";"12.5";"2.368"
"Vinmonopolet";"10435101";"Ch. Dudon Reserve de la Cave 2001";"Ch. Dudon Reserve de la Cave";"2001";"209.9";"0.75";"279.87";"RÃ¸dvin";"Glass";"12";"2.3322222"
"Vinmonopolet";"10435205";"Ch. Kefraya Les BretÃ¨ches";"Ch. Kefraya Les BretÃ¨ches";"2017";"369.9";"1.5";"246.6";"RÃ¸dvin";"Glass";"14";"1.7614286"
"Vinmonopolet";"10435301";"Ch. Kefraya 2008";"Ch. Kefraya";"2008";"319.9";"0.75";"426.53";"RÃ¸dvin";"Glass";"13";"3.2810256"
"Vinmonopolet";"10435405";"Ch. Kefraya 2013";"Ch. Kefraya";"2013";"529.9";"1.5";"353.27";"RÃ¸dvin";"Glass";"14.5";"2.436322"
"Vinmonopolet";"10436006";"Fontaleoni Rosso de Toscana 2017";"Fontaleoni Rosso de Toscana";"2017";"469";"3";"156.33";"RÃ¸dvin";"Bag-in-box";"13";"1.2025641"
"Vinmonopolet";"10436402";"Gordon Xmas";"Gordon Xmas";"0";"73.4";"0.33";"222.42";"Scotch ale";"Glass";"8.8";"2.527548"
"Vinmonopolet";"10437402";"Geiranger Bryggeri Stabbefonna JuleÃ¸l";"Geiranger Bryggeri Stabbefonna JuleÃ¸l";"0";"59.9";"0.33";"181.52";"Special";"Glass";"7.5";"2.420202"
"Vinmonopolet";"10437501";"La Maison du CrÃ©mant Brut CuvÃ©e Prestige";"La Maison du CrÃ©mant Brut CuvÃ©e Prestige";"0";"199.9";"0.75";"266.53";"Sparkling wine";"Glass";"12.5";"2.1322665"
"Vinmonopolet";"10437801";"Hemar 7";"Hemar 7";"2016";"199.9";"0.75";"266.53";"RÃ¸dvin";"Glass";"14";"1.9038094"
"Vinmonopolet";"10437901";"Hemar 12";"Hemar 12";"2016";"245";"0.75";"326.67";"RÃ¸dvin";"Glass";"13.5";"2.419753"
"Vinmonopolet";"10438001";"Hemar Llanum";"Hemar Llanum";"2012";"375";"0.75";"500";"RÃ¸dvin";"Glass";"14";"3.5714285"
"Vinmonopolet";"10438101";"Pure HindbÃ¦r";"Pure HindbÃ¦r";"2018";"229.9";"0.7";"328.43";"Other spirit";"Glass";"16.4";"2.0026133"
"Vinmonopolet";"10438202";"O.P. Anderson BjÃ¶rk";"O.P. Anderson BjÃ¶rk";"0";"274.9";"0.5";"549.8";"Aquavit";"Glass";"37.5";"1.4661334"
"Vinmonopolet";"10438301";"The Tomatin 30 Year Old Highland Single Malt";"The Tomatin 30 Year Old Highland Single Malt";"0";"4075";"0.7";"5821.43";"Whisky";"Glass";"46";"12.65528"
"Vinmonopolet";"10438602";"Bad Santa Julebrygg";"Bad Santa Julebrygg";"0";"75";"0.5";"150";"Special";"Glass";"5.6";"2.6785715"
"Vinmonopolet";"10438702";"Wettre Jul Belgisk Juletrippel";"Wettre Jul Belgisk Juletrippel";"2018";"99.9";"0.5";"199.8";"Trappist";"Glass";"8.5";"2.3505883"
"Vinmonopolet";"10438901";"Rombauer Chardonnay 2018";"Rombauer Chardonnay";"2018";"439.9";"0.75";"586.53";"White wine";"Glass";"14.5";"4.0450573"
"Vinmonopolet";"10439701";"Les ChÃªnes de Bouscaut Blanc 2016";"Les ChÃªnes de Bouscaut Blanc";"2016";"316";"0.75";"421.33";"White wine";"Glass";"13.5";"3.1209877"
"Vinmonopolet";"10439801";"Ch. Brown Blanc 2016";"Ch. Brown Blanc";"2016";"419";"0.75";"558.67";"White wine";"Glass";"13.5";"4.138272"
"Vinmonopolet";"10440001";"Mary White Vodka";"Mary White Vodka";"0";"599.9";"0.7";"857";"Vodka";"Glass";"40";"2.1425002"
"Vinmonopolet";"10440101";"IÃ±igo AmÃ©zola Reserva 2012";"IÃ±igo AmÃ©zola Reserva";"2012";"370";"0.75";"493.33";"White wine";"Glass";"14";"3.5238094"
"Vinmonopolet";"10440201";"Roagna Barbaresco 2014";"Roagna Barbaresco";"2014";"579.9";"0.75";"773.2";"RÃ¸dvin";"Glass";"14";"5.522857"
"Vinmonopolet";"10440301";"Raddeck Edition 2HÃ¼gel vom Kalkenstein Riesling Trocken 2017";"Raddeck Edition 2HÃ¼gel vom Kalkenstein Riesling Trocken";"2017";"183.9";"0.75";"245.2";"White wine";"Glass";"13";"1.8861538"
"Vinmonopolet";"10440401";"Baglio di Pianetto Frappato 2018";"Baglio di Pianetto Frappato";"2018";"179.9";"0.75";"239.87";"RÃ¸dvin";"Glass";"13";"1.8451282"
"Vinmonopolet";"10440601";"Nita Priorat 2018";"Nita Priorat";"2018";"219.9";"0.75";"293.2";"RÃ¸dvin";"Glass";"14.5";"2.022069"
"Vinmonopolet";"10440701";"Darroze Ch de Lahitte 1988";"Darroze Ch de Lahitte";"1988";"1250";"0.7";"1785.71";"Grape spirit";"Glass";"47.5";"3.7593985"
"Vinmonopolet";"10440901";"Land of Saints Chardonnay 2018";"Land of Saints Chardonnay";"2018";"289";"0.75";"385.33";"White wine";"Glass";"12.8";"3.0104165"
"Vinmonopolet";"10441101";"Reeve The Prism Riesling 2017";"Reeve The Prism Riesling";"2017";"398";"0.75";"530.67";"White wine";"Glass";"12.9";"4.113695"
"Vinmonopolet";"10441201";"Mayacamas Cabernet Sauvignon 2014";"Mayacamas Cabernet Sauvignon";"2014";"995";"0.75";"1326.67";"RÃ¸dvin";"Glass";"13.7";"9.683699"
"Vinmonopolet";"10441401";"Christer Berens Riesling";"Christer Berens Riesling";"2017";"189.9";"0.75";"253.2";"White wine";"Glass";"12";"2.11"
"Vinmonopolet";"10441501";"KÃ¼hn Doosberg Riesling Trocken 2016";"KÃ¼hn Doosberg Riesling Trocken";"2016";"459";"0.75";"612";"White wine";"Glass";"13";"4.707692"
"Vinmonopolet";"10441602";"Lapeyre La Magendia JuranÃ§on 2016";"Lapeyre La Magendia JuranÃ§on";"2016";"169";"0.38";"450.67";"White wine";"Glass";"12.5";"3.5578947"
"Vinmonopolet";"10441701";"Lapeyre BalaguÃ¨ra JuranÃ§on 2014";"Lapeyre BalaguÃ¨ra JuranÃ§on";"2014";"459";"0.75";"612";"White wine";"Glass";"12.5";"4.896"
"Vinmonopolet";"10441802";"Kracher TBA Nr 9 Welschriesling 2008";"Kracher TBA Nr 9 Welschriesling";"2008";"449";"0.38";"1197.33";"White wine";"Glass";"8";"14.769737"
"Vinmonopolet";"10441905";"Tedeschi Capitel San Rocco Valpolicella Ripasso Superiore 2016";"Tedeschi Capitel San Rocco Valpolicella Ripasso Superiore";"2016";"469";"1.5";"312.67";"RÃ¸dvin";"Glass";"14.5";"2.1563218"
"Vinmonopolet";"10442001";"Luis Seabra Xisto Ilimitado 2018";"Luis Seabra Xisto Ilimitado";"2018";"219.9";"0.75";"293.2";"White wine";"Glass";"12.5";"2.3456"
"Vinmonopolet";"10442102";"Kracher Grande CuvÃ©e TBA Nr 6 2015";"Kracher Grande CuvÃ©e TBA Nr 6";"2015";"429";"0.38";"1144";"White wine";"Glass";"10";"11.289474"
"Vinmonopolet";"10442202";"Kracher Scheurebe TBA Nr 10 2015";"Kracher Scheurebe TBA Nr 10";"2015";"449";"0.38";"1197.33";"White wine";"Glass";"8";"14.769737"
"Vinmonopolet";"10443101";"Veyder-Malberg Loibner GrÃ¼ner Veltliner 2017";"Veyder-Malberg Loibner GrÃ¼ner Veltliner";"2017";"339";"0.75";"452";"White wine";"Glass";"12.5";"3.616"
"Vinmonopolet";"10443301";"Veyder-Malberg Brandstatt Riesling 2017";"Veyder-Malberg Brandstatt Riesling";"2017";"699";"0.75";"932";"White wine";"Glass";"13";"7.169231"
"Vinmonopolet";"10443401";"Veyder-Malberg Alter Native GrÃ¼ner Veltliner 2016";"Veyder-Malberg Alter Native GrÃ¼ner Veltliner";"2016";"425";"0.75";"566.67";"White wine";"Glass";"12.5";"4.5333333"
"Vinmonopolet";"10443502";"Magic Rock Fantasma IPA";"Magic Rock Fantasma IPA";"0";"59.9";"0.33";"175.45";"India pale ale";"Emballasje med pant";"6.5";"2.7925408"
"Vinmonopolet";"10444701";"Ridge Geyserville 2016";"Ridge Geyserville";"2016";"429";"0.75";"572";"RÃ¸dvin";"Glass";"14.5";"3.9448276"
"Vinmonopolet";"10444901";"Ridge Lytton Springs 2016";"Ridge Lytton Springs";"2016";"459";"0.75";"612";"RÃ¸dvin";"Glass";"14.5";"4.22069"
"Vinmonopolet";"10445201";"Martha Stoumen Post Flirtation 2018";"Martha Stoumen Post Flirtation";"2018";"299";"0.75";"398.67";"RÃ¸dvin";"Glass";"12.3";"3.2411923"
"Vinmonopolet";"10445301";"Martha Stoumen Nero d'Avola 2017";"Martha Stoumen Nero d'Avola";"2017";"435";"0.75";"580";"RÃ¸dvin";"Glass";"13";"4.4615383"
"Vinmonopolet";"10445401";"Fabbrica Prototipo 470 Sangiovese 2013";"Fabbrica Prototipo 470 Sangiovese";"2013";"359";"0.75";"478.67";"RÃ¸dvin";"Glass";"14";"3.4190476"
"Vinmonopolet";"10445501";"Sottimano Langhe Nebbiolo 2018";"Sottimano Langhe Nebbiolo";"2018";"285";"0.75";"380";"RÃ¸dvin";"Glass";"14";"2.7142856"
"Vinmonopolet";"10445601";"Sottimano Pairolero Barbera d'Alba Superiore 2017";"Sottimano Pairolero Barbera d'Alba Superiore";"2017";"289";"0.75";"385.33";"RÃ¸dvin";"Glass";"14.5";"2.6574712"
"Vinmonopolet";"10445701";"Sottimano Barbaresco CottÃ¡ 2015";"Sottimano Barbaresco CottÃ¡";"2015";"639";"0.75";"852";"RÃ¸dvin";"Glass";"14";"6.0857143"
"Vinmonopolet";"10445801";"Sottimano Barbaresco Basarin 2015";"Sottimano Barbaresco Basarin";"2015";"609";"0.75";"812";"RÃ¸dvin";"Glass";"14";"5.8"
"Vinmonopolet";"10446101";"Big Red Beast 2017";"Big Red Beast";"2017";"139.9";"0.75";"186.53";"RÃ¸dvin";"Glass";"12.5";"1.4922667"
"Vinmonopolet";"10446201";"Pujanza Hado 2015";"Pujanza Hado";"2015";"179.9";"0.75";"239.87";"RÃ¸dvin";"Glass";"14.5";"1.6542528"
"Vinmonopolet";"10446301";"Ligier Chardonnay Arbois";"Ligier Chardonnay Arbois";"2017";"269.9";"0.75";"359.87";"White wine";"Glass";"13";"2.7682052"
"Vinmonopolet";"10446401";"Monterosso Volcano Bianco 2017";"Monterosso Volcano Bianco";"2017";"329.9";"0.75";"439.87";"White wine";"Glass";"13";"3.3835897"
"Vinmonopolet";"10446501";"Monterosso Crater Bianco 2017";"Monterosso Crater Bianco";"2017";"349.9";"0.75";"466.53";"White wine";"Glass";"12.5";"3.7322667"
"Vinmonopolet";"10446601";"Monterosso Sisma 2016";"Monterosso Sisma";"2016";"369.9";"0.75";"493.2";"RÃ¸dvin";"Glass";"13";"3.7938461"
"Vinmonopolet";"10446701";"Monterosso Carbonio 2016";"Monterosso Carbonio";"2016";"429.9";"0.75";"573.2";"RÃ¸dvin";"Glass";"13";"4.4092307"
"Vinmonopolet";"10446801";"Robert-Denogent Pouilly-FuissÃ© La Croix 2016";"Robert-Denogent Pouilly-FuissÃ© La Croix";"2016";"309.9";"0.75";"413.2";"White wine";"Glass";"13.5";"3.0607407"
"Vinmonopolet";"10446805";"Robert-Denogent Pouilly-FuissÃ© La Croix 2016";"Robert-Denogent Pouilly-FuissÃ© La Croix";"2016";"719.9";"1.5";"479.93";"White wine";"Glass";"13.6";"3.5289216"
"Vinmonopolet";"10446905";"Robert-Denogent Saint-VÃ©ran Les Pommards 2016";"Robert-Denogent Saint-VÃ©ran Les Pommards";"2016";"799.9";"1.5";"533.27";"White wine";"Glass";"13.6";"3.9210784"
"Vinmonopolet";"10447001";"Robert-Denogent MÃ¢con-FuissÃ© Les Taches 2016";"Robert-Denogent MÃ¢con-FuissÃ© Les Taches";"2016";"379.9";"0.75";"506.53";"White wine";"Glass";"13";"3.8964102"
"Vinmonopolet";"10447101";"Robert-Denogent MÃ¢con-Villages Les Sardines 2017";"Robert-Denogent MÃ¢con-Villages Les Sardines";"2017";"319.9";"0.75";"426.53";"White wine";"Glass";"13.5";"3.159506"
"Vinmonopolet";"10447105";"Robert-Denogent MÃ¢con-Villages Les Sardines 2016";"Robert-Denogent MÃ¢con-Villages Les Sardines";"2016";"629.9";"1.5";"419.93";"White wine";"Glass";"13";"3.2302566"
"Vinmonopolet";"10447201";"Loimer Langenlois Blanc de Blanc Brut Nature Grosse Reserve 2013";"Loimer Langenlois Blanc de Blanc Brut Nature Grosse Reserve";"2013";"399";"0.75";"532";"Sparkling wine";"Glass";"12";"4.4333334"
"Vinmonopolet";"10447301";"Veyder-Malberg Buschenberg Riesling 2017";"Veyder-Malberg Buschenberg Riesling";"2017";"749";"0.75";"998.67";"White wine";"Glass";"13.5";"7.397531"
"Vinmonopolet";"10447401";"Georg Breuer Berg Roseneck 2014";"Georg Breuer Berg Roseneck";"2014";"629.9";"0.75";"839.87";"White wine";"Glass";"11.5";"7.303189"
"Vinmonopolet";"10447601";"Ch. Soudars 2005";"Ch. Soudars";"2005";"301.3";"0.75";"401.73";"RÃ¸dvin";"Glass";"13";"3.0902562"
"Vinmonopolet";"10447701";"Radio-Coteau Wingtine Chardonnay 2017";"Radio-Coteau Wingtine Chardonnay";"2017";"549";"0.75";"732";"White wine";"Glass";"13.6";"5.382353"
"Vinmonopolet";"10447801";"Weing. Martin Muthenthaler Spitzer Graben GrÃ¼ner Veltliner 2018";"Weing. Martin Muthenthaler Spitzer Graben GrÃ¼ner Veltliner";"2018";"269.9";"0.75";"359.87";"White wine";"Glass";"12";"2.9988887"
"Vinmonopolet";"10447901";"Les Tours de Laroque 2015";"Les Tours de Laroque";"2015";"299.9";"0.75";"399.87";"RÃ¸dvin";"Glass";"14.5";"2.7577012"
"Vinmonopolet";"10448101";"Weing. Martin Muthenthaler VergeltÂ´s Gott GrÃ¼ner Veltliner 2017";"Weing. Martin Muthenthaler VergeltÂ´s Gott GrÃ¼ner Veltliner";"2017";"379.9";"0.75";"506.53";"White wine";"Glass";"12";"4.221111"
"Vinmonopolet";"10448201";"Weing. Martin Muthenthaler VieÃlinger Stern Riesling 2017";"Weing. Martin Muthenthaler VieÃlinger Stern Riesling";"2017";"569.9";"0.75";"759.87";"White wine";"Glass";"12";"6.3322225"
"Vinmonopolet";"10448301";"Weing. Martin Muthenthaler Ried Bruck Riesling 2017";"Weing. Martin Muthenthaler Ried Bruck Riesling";"2017";"449.9";"0.75";"599.87";"White wine";"Glass";"12";"4.998889"
"Vinmonopolet";"10448401";"Stolpman Ballard Canyon Grenache 2014";"Stolpman Ballard Canyon Grenache";"2014";"349.9";"0.75";"466.53";"RÃ¸dvin";"Glass";"14.5";"3.2174711"
"Vinmonopolet";"10448501";"Congretel L'Ãpicurieux Morgon 2017";"Congretel L'Ãpicurieux Morgon";"2017";"279.9";"0.75";"373.2";"RÃ¸dvin";"Glass";"12";"3.11"
"Vinmonopolet";"10448601";"Congretel L'Ãpicurieux RÃ©gniÃ© 2017";"Congretel L'Ãpicurieux RÃ©gniÃ©";"2017";"279.9";"0.75";"373.2";"RÃ¸dvin";"Glass";"12";"3.11"
"Vinmonopolet";"10448701";"Corison Sunbasket Vineyard Cabernet Sauvignon 2015";"Corison Sunbasket Vineyard Cabernet Sauvignon";"2015";"1699.9";"0.75";"2266.53";"RÃ¸dvin";"Glass";"13.9";"16.305996"
"Vinmonopolet";"10448801";"Ch. Malager 2010";"Ch. Malager";"2010";"179.9";"0.75";"239.87";"RÃ¸dvin";"Glass";"13";"1.8451282"
"Vinmonopolet";"10449901";"Clos de la Chapelle Beaune 1er Cru Les ReversÃ©es 2016";"Clos de la Chapelle Beaune 1er Cru Les ReversÃ©es";"2016";"479.9";"0.75";"639.87";"White wine";"Glass";"13.5";"4.7397532"
"Vinmonopolet";"10450405";"Corison St. Helena Napa Valley Cabernet Sauvignon 2016";"Corison St. Helena Napa Valley Cabernet Sauvignon";"2016";"1899.9";"1.5";"1266.6";"RÃ¸dvin";"Glass";"13.5";"9.382222"
"Vinmonopolet";"10450701";"Lenoble Intense mag 15";"Lenoble Intense mag 15";"2014";"379.9";"0.75";"506.53";"Champagne, brut";"Glass";"12";"4.221111"
"Vinmonopolet";"10451301";"Jakob Schneider NiederhÃ¤user HermannshÃ¶hle Riesling Trocken 2018";"Jakob Schneider NiederhÃ¤user HermannshÃ¶hle Riesling Trocken";"2018";"255";"0.75";"340";"White wine";"Glass";"12.5";"2.72"
"Vinmonopolet";"10451601";"Grover Art Collection Cabernet Shiraz";"Grover Art Collection Cabernet Shiraz";"2017";"179";"0.75";"238.67";"RÃ¸dvin";"Glass";"13";"1.8358974"
"Vinmonopolet";"10451701";"Grover La RÃ©serve";"Grover La RÃ©serve";"2016";"229";"0.75";"305.33";"RÃ¸dvin";"Glass";"14";"2.1809523"
"Vinmonopolet";"10451802";"Jinro Chamisul Soju";"Jinro Chamisul Soju";"0";"136.6";"0.35";"390.29";"Brennevin, nÃ¸ytralt < 37,5 %";"Glass";"17.2";"2.269103"
"Vinmonopolet";"10452006";"Ch. Vrai Caillou";"Ch. Vrai Caillou";"0";"395";"3";"131.67";"RÃ¸dvin";"Bag-in-box";"12";"1.0972222"
"Vinmonopolet";"10452106";"Ch. Vrai Caillou Blanc";"Ch. Vrai Caillou Blanc";"2016";"298";"3";"99.33";"White wine";"Bag-in-box";"12";"0.8277778"
"Vinmonopolet";"10452201";"Soerlie Selection VSOP Double Cask Finish";"Soerlie Selection VSOP Double Cask Finish";"0";"479";"0.7";"684.29";"Grape spirit";"Glass";"40";"1.7107143"
"Vinmonopolet";"10452301";"Soerlie Fins Bois 30 YO";"Soerlie Fins Bois 30 YO";"0";"899";"0.7";"1284.29";"Grape spirit";"Glass";"40";"3.2107143"
"Vinmonopolet";"10452401";"Greatwall Cabernet Sauvignon";"Greatwall Cabernet Sauvignon";"2016";"179";"0.75";"238.67";"RÃ¸dvin";"Glass";"12.5";"1.9093333"
"Vinmonopolet";"10452504";"Verrocchio Rosso";"Verrocchio Rosso";"0";"48";"0.19";"256.69";"RÃ¸dvin";"Glass";"11.5";"2.1967964"
"Vinmonopolet";"10452601";"ViÃ±a Muriel Reserva";"ViÃ±a Muriel Reserva";"2014";"255";"0.75";"340";"RÃ¸dvin";"Glass";"13";"2.6153846"
"Vinmonopolet";"10452701";"Muriel Fincas de la Villa Crianza";"Muriel Fincas de la Villa Crianza";"2015";"179";"0.75";"238.67";"RÃ¸dvin";"Glass";"13.5";"1.7679012"
"Vinmonopolet";"10452801";"Pere Mata Julebobler Brut Reserva";"Pere Mata Julebobler Brut Reserva";"2016";"169";"0.75";"225.33";"Sparkling wine";"Glass";"11.5";"1.9594203"
"Vinmonopolet";"10452901";"Chill Out Riesling";"Chill Out Riesling";"2018";"114.9";"0.75";"153.2";"White wine";"Plast";"12";"1.2766666"
"Vinmonopolet";"10453001";"Chill Out Malbec";"Chill Out Malbec";"2017";"119.9";"0.75";"159.87";"RÃ¸dvin";"Plast";"13";"1.2297436"
"Vinmonopolet";"10453401";"Mas Doix Doix 2013";"Mas Doix Doix";"2013";"853.4";"0.75";"1137.87";"RÃ¸dvin";"Glass";"15";"7.5857778"
"Vinmonopolet";"10453601";"Giacosa Fratelli Barolo Vigna Mandorlo 2008";"Giacosa Fratelli Barolo Vigna Mandorlo";"2008";"389.8";"0.75";"519.73";"RÃ¸dvin";"Glass";"13.5";"3.8498764"
"Vinmonopolet";"10453701";"Dr. Heidemanns-Bergweiler Riesling Sekt Extra Dry";"Dr. Heidemanns-Bergweiler Riesling Sekt Extra Dry";"0";"229.1";"0.75";"305.47";"Sparkling wine";"Glass";"12";"2.5455556"
"Vinmonopolet";"10453801";"Sybille Kuntz Riesling";"Sybille Kuntz Riesling";"0";"289.3";"0.75";"385.73";"White wine";"Glass";"11";"3.5066664"
"Vinmonopolet";"10453905";"Trediberri Langhe Nebbiolo 2018";"Trediberri Langhe Nebbiolo";"2018";"479.9";"1.5";"319.93";"RÃ¸dvin";"Glass";"14";"2.285238"
"Vinmonopolet";"10454101";"Chazalettes Vermouth della Regina";"Chazalettes Vermouth della Regina";"0";"274.9";"0.75";"366.53";"Vermouth";"Glass";"16.5";"2.221414"
"Vinmonopolet";"10454301";"The Glenlivet Captains Reserve";"The Glenlivet Captains Reserve";"0";"589.9";"0.7";"842.71";"Whisky";"Glass";"40";"2.1067858"
"Vinmonopolet";"10454402";"Aberlour 18 YO";"Aberlour 18 YO";"0";"855";"0.5";"1710";"Whisky";"Glass";"43";"3.9767442"
"Vinmonopolet";"10454601";"Chivas Regal XV";"Chivas Regal XV";"0";"599.9";"0.7";"857";"Whisky";"Glass";"40";"2.1425002"
"Vinmonopolet";"10454901";"Brovia Barolo GarblÃ¨t SuÃ¨ 2013";"Brovia Barolo GarblÃ¨t SuÃ¨";"2013";"599.9";"0.75";"799.87";"RÃ¸dvin";"Glass";"14.5";"5.516322"
"Vinmonopolet";"10455001";"Brovia Barolo Brea Vigna Ca'Mia 2013";"Brovia Barolo Brea Vigna Ca'Mia";"2013";"669.9";"0.75";"893.2";"RÃ¸dvin";"Glass";"14.5";"6.1600003"
"Vinmonopolet";"10455101";"Brovia Barolo Unio 2014";"Brovia Barolo Unio";"2014";"614";"0.75";"818.67";"RÃ¸dvin";"Glass";"14";"5.847619"
"Vinmonopolet";"10455201";"Brovia Barbera d'Alba SorÃ¬ del Drago 2015";"Brovia Barbera d'Alba SorÃ¬ del Drago";"2015";"268.9";"0.75";"358.53";"RÃ¸dvin";"Glass";"14";"2.5609524"
"Vinmonopolet";"10455301";"Brovia Barolo 2013";"Brovia Barolo";"2013";"456.9";"0.75";"609.2";"RÃ¸dvin";"Glass";"14.5";"4.2013793"
"Vinmonopolet";"10455405";"Ch. Cantemerle 2014";"Ch. Cantemerle";"2014";"738.9";"1.5";"492.6";"RÃ¸dvin";"Glass";"13";"3.7892308"
"Vinmonopolet";"10455702";"Brasserie des LÃ©gendes Quintine de NoÃ«l";"Brasserie des LÃ©gendes Quintine de NoÃ«l";"0";"69.9";"0.33";"211.82";"Special";"Glass";"7.8";"2.7156177"
"Vinmonopolet";"10455901";"Ch. Le Grand Verdus Bordeaux SupÃ©rieur 2016";"Ch. Le Grand Verdus Bordeaux SupÃ©rieur";"2016";"154.9";"0.75";"206.53";"RÃ¸dvin";"Glass";"13";"1.5887179"
"Vinmonopolet";"10456301";"Ch. Musar 1979";"Ch. Musar";"1979";"2299.9";"0.75";"3066.53";"RÃ¸dvin";"Glass";"14";"21.903809"
"Vinmonopolet";"10456401";"Adelphi Glenborrodale 8 YO Batch 6";"Adelphi Glenborrodale 8 YO Batch 6";"0";"945";"0.7";"1350";"Whisky";"Glass";"46";"2.9347827"
"Vinmonopolet";"10456601";"Adelphi Selection Glen Moray 1995 22 YO #7785";"Adelphi Selection Glen Moray  22 YO #";"0";"2200";"0.7";"3142.86";"Whisky";"Glass";"53.2";"5.907626"
"Vinmonopolet";"10457102";"San Jacopo da Vicchiomaggio Il Santo";"San Jacopo da Vicchiomaggio Il Santo";"0";"239.9";"0.5";"479.8";"White wine";"Glass";"15.5";"3.0954838"
"Vinmonopolet";"10457501";"Arnaces Pinot Grigio";"Arnaces Pinot Grigio";"2017";"165";"0.75";"220";"White wine";"Glass";"13";"1.6923077"
"Vinmonopolet";"10457601";"Marques de Murrieta Gran Reserva";"Marques de Murrieta Gran Reserva";"2012";"369.9";"0.75";"493.2";"RÃ¸dvin";"Glass";"14";"3.5228572"
"Vinmonopolet";"10457701";"Ch. Minuty RosÃ© et Or";"Ch. Minuty RosÃ© et Or";"2017";"298.9";"0.75";"398.53";"RosÃ©vin";"Glass";"13";"3.065641"
"Vinmonopolet";"10457705";"Ch. Minuty RosÃ© et Or";"Ch. Minuty RosÃ© et Or";"2017";"599.8";"1.5";"399.87";"RosÃ©vin";"Glass";"13";"3.0758975"
"Vinmonopolet";"10457707";"Ch. Minuty RosÃ© et Or";"Ch. Minuty RosÃ© et Or";"2017";"1499";"3";"499.67";"RosÃ©vin";"Glass";"13";"3.8435898"
"Vinmonopolet";"10457801";"Ch. Haut-Bailly 2014";"Ch. Haut-Bailly";"2014";"940";"0.75";"1253.33";"RÃ¸dvin";"Glass";"13";"9.641026"
"Vinmonopolet";"10457901";"Ch. LÃ©oville Barton 2014";"Ch. LÃ©oville Barton";"2014";"878";"0.75";"1170.67";"RÃ¸dvin";"Glass";"13.5";"8.671605"
"Vinmonopolet";"10458007";"Ch. Minuty Prestige";"Ch. Minuty Prestige";"2017";"1248.6";"3";"416.2";"RosÃ©vin";"Glass";"13";"3.2015383"
"Vinmonopolet";"10458101";"Renault Avec";"Renault Avec";"0";"509.9";"0.7";"728.43";"Grape spirit";"Glass";"40";"1.8210714"
"Vinmonopolet";"10458205";"Billecart-Salmon Blanc de Blancs Brut";"Billecart-Salmon Blanc de Blancs Brut";"0";"1360";"1.5";"906.67";"Champagne, brut";"Glass";"12";"7.5555553"
"Vinmonopolet";"10458301";"Billecart-Salmon CuvÃ©e Nicolas FranÃ§ois Billecart Brut 2006";"Billecart-Salmon CuvÃ©e Nicolas FranÃ§ois Billecart Brut";"2006";"1320";"0.75";"1760";"Champagne, brut";"Glass";"12.5";"14.08"
"Vinmonopolet";"10458401";"Brovia Barolo 2009";"Brovia Barolo";"2009";"449.8";"0.75";"599.73";"RÃ¸dvin";"Glass";"14";"4.283809"
"Vinmonopolet";"10458501";"The Kurayoshi 18 YO";"The Kurayoshi 18 YO";"0";"2159.9";"0.7";"3085.57";"Whisky";"Glass";"50";"6.1711426"
"Vinmonopolet";"10458601";"Samurai Sake";"Samurai Sake";"0";"299.9";"0.72";"416.53";"Sake";"Glass";"18";"2.314043"
"Vinmonopolet";"10458702";"Samurai Sake";"Samurai Sake";"0";"169.9";"0.3";"566.33";"Sake";"Glass";"18";"3.146296"
"Vinmonopolet";"10459602";"Montseny American Barley Wine";"Montseny American Barley Wine";"0";"71.9";"0.33";"211.82";"Barley wine	";"Emballasje med pant";"9.5";"2.2934608"
"Vinmonopolet";"10459701";"Bumbu Original Craft Rum";"Bumbu Original Craft Rum";"0";"529.9";"0.7";"757";"Rum";"Glass";"35";"2.1628573"
"Vinmonopolet";"10459801";"Freixenet Can Sala Cava de Paraje Calificado 2007";"Freixenet Can Sala Cava de Paraje Calificado";"2007";"1000";"0.75";"1333.33";"Sparkling wine";"Glass";"12.5";"10.666667"
"Vinmonopolet";"10460001";"Wettre Bryggeri Prosjekt Sur V 2.0";"Wettre Bryggeri Prosjekt Sur V 2.0";"2018";"249.9";"0.75";"333.2";"SurÃ¸l";"Glass";"8";"4.165"
"Vinmonopolet";"10460501";"Reodor Felgens FlÃ¥klypa RÃ¸dvin";"Reodor Felgens FlÃ¥klypa RÃ¸dvin";"2016";"179.9";"0.75";"239.87";"RÃ¸dvin";"Glass";"13";"1.8451282"
"Vinmonopolet";"10460601";"Eldvatten WeiRon Swedish Cask 01";"Eldvatten WeiRon Swedish Cask 01";"0";"1050";"0.7";"1500";"Rum";"Glass";"52.7";"2.8463"
"Vinmonopolet";"10460701";"Eldvatten WeiRon Tri";"Eldvatten WeiRon Tri";"0";"859";"0.7";"1227.14";"Rum";"Glass";"46.1";"2.6619153"
"Vinmonopolet";"10460802";"Stauning KAOS";"Stauning KAOS";"0";"1099";"0.5";"2198";"Whisky";"Glass";"46.8";"4.6965814"
"Vinmonopolet";"10460901";"Eldvatten Carsebridge 1974";"Eldvatten Carsebridge";"0";"2690";"0.7";"3842.86";"Whisky";"Glass";"43.6";"8.813893"
"Vinmonopolet";"10461001";"Vazart Coquart SpÃ©cial Foie Gras Blanc de Blancs Sec";"Vazart Coquart SpÃ©cial Foie Gras Blanc de Blancs Sec";"0";"598.1";"0.75";"797.47";"Champagne, sec";"Glass";"12";"6.6455555"
"Vinmonopolet";"10461101";"Vazart-Coquart Special Club Blanc de Blancs Brut 2010";"Vazart-Coquart Special Club Blanc de Blancs Brut";"2010";"598.1";"0.75";"797.47";"Champagne extra brut";"Glass";"12";"6.6455555"
"Vinmonopolet";"10461201";"Birkedal Hartmann TromsÃ¸ VSOP";"Birkedal Hartmann TromsÃ¸ VSOP";"0";"720";"1";"720";"Grape spirit";"Glass";"40";"1.8"
"Vinmonopolet";"10461301";"Guigal Saint-Joseph Vigne de l'Hospice 2016";"Guigal Saint-Joseph Vigne de l'Hospice";"2016";"669.8";"0.75";"893.07";"RÃ¸dvin";"Glass";"13.5";"6.6153083"
"Vinmonopolet";"10461401";"Guigal CÃ´te-RÃ´tie La Mouline 2014";"Guigal CÃ´te-RÃ´tie La Mouline";"2014";"2395.1";"0.75";"3193.47";"RÃ¸dvin";"Glass";"13";"24.565128"
"Vinmonopolet";"10461501";"Guigal CÃ´te-RÃ´tie La Turque CÃ´te Brune 2014";"Guigal CÃ´te-RÃ´tie La Turque CÃ´te Brune";"2014";"2395.1";"0.75";"3193.47";"RÃ¸dvin";"Glass";"13";"24.565128"
"Vinmonopolet";"10461601";"Guigal CÃ´te-RÃ´tie La Landonne 2014";"Guigal CÃ´te-RÃ´tie La Landonne";"2014";"2395.1";"0.75";"3193.47";"RÃ¸dvin";"Glass";"13";"24.565128"
"Vinmonopolet";"10461801";"Deux Montille Bourgogne Blanc 2015";"Deux Montille Bourgogne Blanc";"2015";"364.9";"0.75";"486.53";"White wine";"Glass";"12.5";"3.8922665"
"Vinmonopolet";"10461901";"De Montille Corton Clos du Roi Grand Cru 2015";"De Montille Corton Clos du Roi Grand Cru";"2015";"1464.9";"0.75";"1953.2";"RÃ¸dvin";"Glass";"13";"15.024615"
"Vinmonopolet";"10462001";"Carat de Chateau Reaut 2012";"Carat de Chateau Reaut";"2012";"199.8";"0.75";"266.4";"RÃ¸dvin";"Glass";"13.5";"1.9733334"
"Vinmonopolet";"10462101";"Donnafugata Bell'Assai Frappato di Vittoria 2017";"Donnafugata Bell'Assai Frappato di Vittoria";"2017";"229.9";"0.75";"306.53";"RÃ¸dvin";"Glass";"12.5";"2.4522667"
"Vinmonopolet";"10462201";"Nikka Coffey Vodka";"Nikka Coffey Vodka";"0";"599.9";"0.7";"857";"Vodka";"Glass";"40";"2.1425002"
"Vinmonopolet";"10462401";"Nikka Coffey Gin";"Nikka Coffey Gin";"0";"664.9";"0.7";"949.86";"Gin";"Glass";"47";"2.0209727"
"Vinmonopolet";"10462501";"GlenAllachie 12 YO";"GlenAllachie 12 YO";"0";"724.9";"0.7";"1035.57";"Whisky";"Glass";"46";"2.2512424"
"Vinmonopolet";"10462601";"GlenAllachie 25 YO";"GlenAllachie 25 YO";"0";"2899.9";"0.7";"4142.71";"Whisky";"Glass";"48";"8.630654"
"Vinmonopolet";"10462701";"Dom. Rollin Bourgogne AligotÃ© 2017";"Dom. Rollin Bourgogne AligotÃ©";"2017";"199.9";"0.75";"266.53";"White wine";"Glass";"12.5";"2.1322665"
"Vinmonopolet";"10462801";"Glengoyne 20 YO The Marius cask";"Glengoyne 20 YO The Marius cask";"1998";"4229.9";"0.7";"6042.71";"Whisky";"Glass";"53.2";"11.358485"
"Vinmonopolet";"10462901";"Deadhead Chocolate Rum";"Deadhead Chocolate Rum";"0";"779.9";"0.7";"1114.14";"Rum";"Glass";"35";"3.1832654"
"Vinmonopolet";"10463001";"Dom. Rollin Bourgogne Hautes-CÃ´tes de Beaune 2017";"Dom. Rollin Bourgogne Hautes-CÃ´tes de Beaune";"2017";"209.9";"0.75";"279.87";"RÃ¸dvin";"Glass";"12.5";"2.2389333"
"Vinmonopolet";"10463101";"Deadhead Rum";"Deadhead Rum";"0";"749.9";"0.7";"1071.29";"Rum";"Glass";"40";"2.6782143"
"Vinmonopolet";"10463201";"Dom. Rollin Pernand-Vergelesses Les Cloux 2015";"Dom. Rollin Pernand-Vergelesses Les Cloux";"2015";"299.9";"0.75";"399.87";"White wine";"Glass";"13";"3.0758975"
"Vinmonopolet";"10463301";"Dom. Rollin Savigny-les-Beaune Aux Grands Liards 2014";"Dom. Rollin Savigny-les-Beaune Aux Grands Liards";"2014";"299.9";"0.75";"399.87";"RÃ¸dvin";"Glass";"13";"3.0758975"
"Vinmonopolet";"10463401";"Dom. Rollin Pernand-Vergelesses Premier Cru Les Fichots 2014";"Dom. Rollin Pernand-Vergelesses Premier Cru Les Fichots";"2014";"399.9";"0.75";"533.2";"RÃ¸dvin";"Glass";"13";"4.101538"
"Vinmonopolet";"10463501";"Ch. Linot 2014";"Ch. Linot";"2014";"399.9";"0.75";"533.2";"RÃ¸dvin";"Glass";"13.5";"3.9496295"
"Vinmonopolet";"10463601";"Blain CÃ´te de Brouilly Les Jumeaux 2016";"Blain CÃ´te de Brouilly Les Jumeaux";"2016";"304.9";"0.75";"406.53";"RÃ¸dvin";"Glass";"13";"3.1271794"
"Vinmonopolet";"10463701";"Blain CÃ´te de Brouilly Pierre Bleue 2016";"Blain CÃ´te de Brouilly Pierre Bleue";"2016";"279.9";"0.75";"373.2";"RÃ¸dvin";"Glass";"13";"2.8707693"
"Vinmonopolet";"10463801";"Fritz Haag Brauneberg Juffer Sonnenuhr Riesling Trocken GG 2016";"Fritz Haag Brauneberg Juffer Sonnenuhr Riesling Trocken GG";"2016";"364.9";"0.75";"486.53";"White wine";"Glass";"13";"3.742564"
"Vinmonopolet";"10463901";"Amabuki Tokubetsu Junmai";"Amabuki Tokubetsu Junmai";"0";"299.9";"0.72";"416.53";"Sake";"Glass";"15";"2.7768517"
"Vinmonopolet";"10464101";"Ch. Canon 2014";"Ch. Canon";"2014";"999.9";"0.75";"1333.2";"RÃ¸dvin";"Glass";"14";"9.522858"
"Vinmonopolet";"10464302";"H. Theoria Procrastination";"H. Theoria Procrastination";"0";"599.9";"0.5";"1199.8";"LikÃ¸r";"Glass";"28.6";"4.195105"
"Vinmonopolet";"10464402";"H. Theoria HystÃ©rie";"H. Theoria HystÃ©rie";"0";"599.9";"0.5";"1199.8";"LikÃ¸r";"Glass";"25.2";"4.7611113"
"Vinmonopolet";"10464502";"H. Theoria Perfidie";"H. Theoria Perfidie";"0";"599.9";"0.5";"1199.8";"LikÃ¸r";"Glass";"34.1";"3.5184753"
"Vinmonopolet";"10464601";"Bod. Vitulia Hacienda Ribera del Duero 2014";"Bod. Vitulia Hacienda Ribera del Duero";"2014";"329.9";"0.75";"439.87";"RÃ¸dvin";"Glass";"14";"3.1419046"
"Vinmonopolet";"10464701";"Dom. Vocoret Chablis 1er Cru Mont de Milieu 2016";"Dom. Vocoret Chablis 1er Cru Mont de Milieu";"2016";"289.9";"0.75";"386.53";"White wine";"Glass";"13";"2.9733334"
"Vinmonopolet";"10464801";"Dom. Vocoret Chablis Grand Cru Vaudesir 2016";"Dom. Vocoret Chablis Grand Cru Vaudesir";"2016";"495";"0.75";"660";"White wine";"Glass";"13";"5.076923"
"Vinmonopolet";"10464901";"Bod. Vitulia Hacienda Vitulus Albillo Barrica 2016";"Bod. Vitulia Hacienda Vitulus Albillo Barrica";"2016";"199.9";"0.75";"266.53";"White wine";"Glass";"13";"2.0502563"
"Vinmonopolet";"10465401";"Miguel Torres Natureo Free Muscat";"Miguel Torres Natureo Free Muscat";"2019";"59.9";"0.75";"79.87";"Non-alcoholic wine";"Glass";"0.1";"79.86667"
"Vinmonopolet";"10465501";"Ãkonomierat Rebholz Im Sonnenschein Riesling GG 2013";"Ãkonomierat Rebholz Im Sonnenschein Riesling GG";"2013";"504.8";"0.75";"673.07";"White wine";"Glass";"13";"5.177436"
"Vinmonopolet";"10465601";"Ãkonomierat Rebholz Im Sonnenschein Riesling GG 2014";"Ãkonomierat Rebholz Im Sonnenschein Riesling GG";"2014";"504.8";"0.75";"673.07";"White wine";"Glass";"13";"5.177436"
"Vinmonopolet";"10465701";"Digioia-Royer Chambolle-Musigny 2015";"Digioia-Royer Chambolle-Musigny";"2015";"558";"0.75";"744";"RÃ¸dvin";"Glass";"13";"5.723077"
"Vinmonopolet";"10465801";"Digioia-Royer Chambolle-Musigny Les FremiÃ¨res Vieilles Vignes 2015";"Digioia-Royer Chambolle-Musigny Les FremiÃ¨res Vieilles Vignes";"2015";"659";"0.75";"878.67";"RÃ¸dvin";"Glass";"13";"6.7589746"
"Vinmonopolet";"10465901";"Digioia-Royer Chambolle-Musigny 2016";"Digioia-Royer Chambolle-Musigny";"2016";"558";"0.75";"744";"RÃ¸dvin";"Glass";"13";"5.723077"
"Vinmonopolet";"10466001";"Digioia-Royer Chambolle-Musigny Les FremiÃ¨res Vieilles Vignes 2016";"Digioia-Royer Chambolle-Musigny Les FremiÃ¨res Vieilles Vignes";"2016";"659";"0.75";"878.67";"RÃ¸dvin";"Glass";"13";"6.7589746"
"Vinmonopolet";"10466101";"Livernano Chianti Classico Riserva 2013";"Livernano Chianti Classico Riserva";"2013";"299.9";"0.75";"399.87";"RÃ¸dvin";"Glass";"12.5";"3.1989334"
"Vinmonopolet";"10466201";"Livernano Chianti Classico 2013";"Livernano Chianti Classico";"2013";"209.9";"0.75";"279.87";"RÃ¸dvin";"Glass";"13.5";"2.0730863"
"Vinmonopolet";"10466301";"Livernano Chianti Classico Gran Selezione 2013";"Livernano Chianti Classico Gran Selezione";"2013";"398";"0.75";"530.67";"RÃ¸dvin";"Glass";"14";"3.790476"
"Vinmonopolet";"10466501";"Vinhas Velhas Branco";"Vinhas Velhas Branco";"1991";"349.8";"0.75";"466.4";"White wine";"Glass";"12";"3.8866665"
"Vinmonopolet";"10466601";"Vinhas Velhas Tinto";"Vinhas Velhas Tinto";"2000";"379.8";"0.75";"506.4";"RÃ¸dvin";"Glass";"12.5";"4.0512"
"Vinmonopolet";"10466701";"Prosecco Extra Dry";"Prosecco Extra Dry";"0";"139.9";"0.75";"186.53";"Sparkling wine";"Glass";"11";"1.6957575"
"Vinmonopolet";"10466901";"Bel Colle Verduno Pelaverga 2017";"Bel Colle Verduno Pelaverga";"2017";"199.9";"0.75";"266.53";"RÃ¸dvin";"Glass";"14.5";"1.8381609"
"Vinmonopolet";"10467002";"Poppels New England IPA";"Poppels New England IPA";"0";"52.9";"0.33";"154.24";"India pale ale";"Emballasje med pant";"7";"2.2900434"
"Vinmonopolet";"10467206";"Moments Grenache 2017";"Moments Grenache";"2017";"449.9";"3";"149.97";"RÃ¸dvin";"Bag-in-box";"13.5";"1.1108642"
"Vinmonopolet";"10467401";"Charles Heidsieck Blanc de Blancs";"Charles Heidsieck Blanc de Blancs";"0";"695";"0.75";"926.67";"Champagne, brut";"Glass";"12";"7.7222223"
"Vinmonopolet";"10467602";"Sagene Tannjul 2018";"Sagene Tannjul";"2018";"72";"0.33";"218.18";"Porter and stout";"Glass";"8";"2.7272725"
"Vinmonopolet";"10467701";"Schiopetto Collio Malvasia 2016";"Schiopetto Collio Malvasia";"2016";"299.6";"0.75";"399.47";"White wine";"Glass";"15";"2.6631112"
"Vinmonopolet";"10467801";"Schiopetto Collio Sauvignon 2016";"Schiopetto Collio Sauvignon";"2016";"299.8";"0.75";"399.73";"White wine";"Glass";"14.5";"2.7567816"
"Vinmonopolet";"10468201";"Capanna Brunello di Montalcino 2013";"Capanna Brunello di Montalcino";"2013";"479.3";"0.75";"639.07";"RÃ¸dvin";"Glass";"14.5";"4.4073563"
"Vinmonopolet";"10468301";"Pierre-Marie Chermette Fleurie Poncie 2017";"Pierre-Marie Chermette Fleurie Poncie";"2017";"259.1";"0.75";"345.47";"RÃ¸dvin";"Glass";"13";"2.657436"
"Vinmonopolet";"10468401";"Pierre-Marie Chermette Beaujolais Blanc 2017";"Pierre-Marie Chermette Beaujolais Blanc";"2017";"219.7";"0.75";"292.93";"White wine";"Glass";"13.5";"2.1698766"
"Vinmonopolet";"10468501";"Pierre-Marie Chermette Moulin Ã  Vent Les Trois Roches 2018";"Pierre-Marie Chermette Moulin Ã  Vent Les Trois Roches";"2018";"269.4";"0.75";"359.2";"RÃ¸dvin";"Glass";"13";"2.7630768"
"Vinmonopolet";"10468601";"Pierre-Marie Chermette Fleurie Les Garants 2017";"Pierre-Marie Chermette Fleurie Les Garants";"2017";"269.4";"0.75";"359.2";"RÃ¸dvin";"Glass";"13";"2.7630768"
"Vinmonopolet";"10468701";"Chermette Moulin-Ã -Vent La Rochelle 2015";"Chermette Moulin-Ã -Vent La Rochelle";"2015";"379";"0.75";"505.33";"RÃ¸dvin";"Glass";"13";"3.8871794"
"Vinmonopolet";"10468801";"Ambriel Blanc de Blancs 2010";"Ambriel Blanc de Blancs";"2010";"339.9";"0.75";"453.2";"Sparkling wine";"Glass";"11";"4.12"
"Vinmonopolet";"10468901";"Ambriel Classic CuvÃ©e Brut";"Ambriel Classic CuvÃ©e Brut";"0";"319.9";"0.75";"426.53";"Sparkling wine";"Glass";"12";"3.5544443"
"Vinmonopolet";"10469001";"Cortese Senia Nero d'Avola Terre Siciliane 2016";"Cortese Senia Nero d'Avola Terre Siciliane";"2016";"274.9";"0.75";"366.53";"RÃ¸dvin";"Glass";"13";"2.819487"
"Vinmonopolet";"10469101";"Cortese Nostru Nerello Mascalese 2018";"Cortese Nostru Nerello Mascalese";"2018";"174.9";"0.75";"233.2";"RÃ¸dvin";"Glass";"13";"1.7938461"
"Vinmonopolet";"10470101";"Pascal Bouchard Bourgogne AligotÃ© RÃ©serve";"Pascal Bouchard Bourgogne AligotÃ© RÃ©serve";"2017";"219.9";"0.75";"293.2";"White wine";"Glass";"12.5";"2.3456"
"Vinmonopolet";"10470201";"Pascal Bouchard Bourgogne Pinot Noir RÃ©serve Saint Pierre";"Pascal Bouchard Bourgogne Pinot Noir RÃ©serve Saint Pierre";"2015";"249.9";"0.75";"333.2";"RÃ¸dvin";"Glass";"12.5";"2.6655998"
"Vinmonopolet";"10470301";"Pfaff Black Tie Pinot Gris Riesling 2017";"Pfaff Black Tie Pinot Gris Riesling";"2017";"189.9";"0.75";"253.2";"White wine";"Glass";"13";"1.9476923"
"Vinmonopolet";"10470401";"Pfaff Riesling CuvÃ©e Jupiter 2016";"Pfaff Riesling CuvÃ©e Jupiter";"2016";"189.9";"0.75";"253.2";"White wine";"Glass";"12";"2.11"
"Vinmonopolet";"10470501";"Pfaff Tradition Pinot Gris 2017";"Pfaff Tradition Pinot Gris";"2017";"199.9";"0.75";"266.53";"White wine";"Glass";"13.5";"1.9743209"
"Vinmonopolet";"10470601";"Pfaff Steinert Grand Cru Riesling 2016";"Pfaff Steinert Grand Cru Riesling";"2016";"259.9";"0.75";"346.53";"White wine";"Glass";"12.5";"2.7722666"
"Vinmonopolet";"10470701";"Val D'Oca Prosecco Extra Dry Millesimato";"Val D'Oca Prosecco Extra Dry Millesimato";"0";"139.9";"0.75";"186.53";"Sparkling wine";"Glass";"11";"1.6957575"
"Vinmonopolet";"10470801";"Medrano Irazu Reserva de la Familia 2012";"Medrano Irazu Reserva de la Familia";"2012";"288.1";"0.75";"384.13";"RÃ¸dvin";"Glass";"14";"2.7438097"
"Vinmonopolet";"10470901";"Amador Medrano Parcela 14.8 2015";"Amador Medrano Parcela 14.8";"2015";"1198.7";"0.75";"1598.27";"RÃ¸dvin";"Glass";"14";"11.41619"
"Vinmonopolet";"10471001";"Los Aguilares Pago El Espino 2014";"Los Aguilares Pago El Espino";"2014";"287.8";"0.75";"383.73";"RÃ¸dvin";"Glass";"14.5";"2.6464367"
"Vinmonopolet";"10471101";"Bod. Vegalfaro Rebel.lia 2016";"Bod. Vegalfaro Rebel.lia";"2016";"139.5";"0.75";"186";"RÃ¸dvin";"Glass";"14";"1.3285714"
"Vinmonopolet";"10471201";"Los Aguilares Tadeo Petit Verdot 2015";"Los Aguilares Tadeo Petit Verdot";"2015";"478.5";"0.75";"638";"RÃ¸dvin";"Glass";"14";"4.5571427"
"Vinmonopolet";"10471301";"Los Aguilares PN Pinot Noir 2016";"Los Aguilares PN Pinot Noir";"2016";"449.3";"0.75";"599.07";"RÃ¸dvin";"Glass";"13.5";"4.4375305"
"Vinmonopolet";"10471401";"Mikaela Bobal 2012";"Mikaela Bobal";"2012";"374.3";"0.75";"499.07";"RÃ¸dvin";"Glass";"14";"3.5647619"
"Vinmonopolet";"10471501";"Dehesa Valquejigoso 2012";"Dehesa Valquejigoso";"2012";"336.6";"0.75";"448.8";"RÃ¸dvin";"Glass";"15";"2.992"
"Vinmonopolet";"10471601";"Luis Medrano Graciano 2010";"Luis Medrano Graciano";"2010";"560.1";"0.75";"746.8";"RÃ¸dvin";"Glass";"14";"5.3342853"
"Vinmonopolet";"10471701";"Kodama JozoÂ Toji Junpei";"Kodama JozoÂ Toji Junpei";"0";"569.9";"0.7";"814.14";"Other spirit";"Glass";"25";"3.2565715"
"Vinmonopolet";"10471801";"Toni Jost Alte Reben Riesling Trocken 2016";"Toni Jost Alte Reben Riesling Trocken";"2016";"219.9";"0.75";"293.2";"White wine";"Glass";"13";"2.2553844"
"Vinmonopolet";"10471901";"Toni Jost Bacharacher SpÃ¤tlese Feinherb 2015";"Toni Jost Bacharacher SpÃ¤tlese Feinherb";"2015";"229.9";"0.75";"306.53";"White wine";"Glass";"11.5";"2.665507"
"Vinmonopolet";"10472001";"Toni Jost Im Hahn Bacharach Riesling GG 2016";"Toni Jost Im Hahn Bacharach Riesling GG";"2016";"329.9";"0.75";"439.87";"White wine";"Glass";"12.5";"3.5189333"
"Vinmonopolet";"10472101";"Komaki JozoÂ Issho Bronze";"Komaki JozoÂ Issho Bronze";"0";"399.9";"0.7";"571.29";"Other spirit";"Glass";"25";"2.285143"
"Vinmonopolet";"10472301";"Charles Sparr Riesling Lieu Dit Altenbourg 2014";"Charles Sparr Riesling Lieu Dit Altenbourg";"2014";"235";"0.75";"313.33";"White wine";"Glass";"12.5";"2.5066667"
"Vinmonopolet";"10472401";"Roger Perrin CÃ´tes du RhÃ´ne Prestige Blanc 2017";"Roger Perrin CÃ´tes du RhÃ´ne Prestige Blanc";"2017";"179.9";"0.75";"239.87";"White wine";"Glass";"13.5";"1.77679"
"Vinmonopolet";"10472501";"Roger Perrin CÃ´tes du RhÃ´ne CuvÃ©e Laura 2017";"Roger Perrin CÃ´tes du RhÃ´ne CuvÃ©e Laura";"2017";"179.9";"0.75";"239.87";"White wine";"Glass";"13.5";"1.77679"
"Vinmonopolet";"10472701";"Berthier Les Chasseignes Sancerre 2016";"Berthier Les Chasseignes Sancerre";"2016";"299.9";"0.75";"399.87";"White wine";"Glass";"12.5";"3.1989334"
"Vinmonopolet";"10472801";"Cast. Monjardin Garnacha La Cantera";"Cast. Monjardin Garnacha La Cantera";"2015";"150";"0.75";"200";"RÃ¸dvin";"Glass";"13.5";"1.4814814"
"Vinmonopolet";"10472901";"Sierra Cantabria Reserva";"Sierra Cantabria Reserva";"2011";"259.9";"0.75";"346.53";"RÃ¸dvin";"Glass";"14";"2.475238"
"Vinmonopolet";"10473101";"Berthier Terre de Silex 2016";"Berthier Terre de Silex";"2016";"249.9";"0.75";"333.2";"White wine";"Glass";"12.5";"2.6655998"
"Vinmonopolet";"10473201";"Berthier Terre de Caillotte 2015";"Berthier Terre de Caillotte";"2015";"249.9";"0.75";"333.2";"White wine";"Glass";"12.5";"2.6655998"
"Vinmonopolet";"10473301";"Berthier Terre de Marne 2017";"Berthier Terre de Marne";"2017";"249.9";"0.75";"333.2";"White wine";"Glass";"12.5";"2.6655998"
"Vinmonopolet";"10473501";"Bod. Pascual PeÃ±alosa Ribera del Duero Crianza 2017";"Bod. Pascual PeÃ±alosa Ribera del Duero Crianza";"2017";"209.9";"0.75";"279.87";"RÃ¸dvin";"Glass";"14";"1.9990475"
"Vinmonopolet";"10473601";"Bod. Pascual PeÃ±alosa Ribera del Duero Tinto Roble 2018";"Bod. Pascual PeÃ±alosa Ribera del Duero Tinto Roble";"2018";"169.9";"0.75";"226.53";"RÃ¸dvin";"Glass";"14";"1.6180952"
"Vinmonopolet";"10473701";"Besson Chablis 2017";"Besson Chablis";"2017";"229";"0.75";"305.33";"White wine";"Glass";"12.5";"2.4426668"
"Vinmonopolet";"10473801";"Marenco Piemonte Rosso 2016";"Marenco Piemonte Rosso";"2016";"139";"0.75";"185.33";"RÃ¸dvin";"Glass";"13.5";"1.3728395"
"Vinmonopolet";"10473901";"Marenco Piemonte Bianco 2017";"Marenco Piemonte Bianco";"2017";"119";"0.75";"158.67";"White wine";"Glass";"11.5";"1.3797102"
"Vinmonopolet";"10474001";"Zind-Humbrecht Muscat Goldert Grand Cru 2017";"Zind-Humbrecht Muscat Goldert Grand Cru";"2017";"399.9";"0.75";"533.2";"White wine";"Glass";"13";"4.101538"
"Vinmonopolet";"10474101";"Tertre Roteboeuf Saint Emilion Grand Cru 2013";"Tertre Roteboeuf Saint Emilion Grand Cru";"2013";"1399.8";"0.75";"1866.4";"RÃ¸dvin";"Glass";"13.5";"13.825186"
"Vinmonopolet";"10474201";"Borgeot Chassagne-Montrachet 1er Cru Clos St Jean 2015";"Borgeot Chassagne-Montrachet 1er Cru Clos St Jean";"2015";"499.8";"0.75";"666.4";"White wine";"Glass";"13.5";"4.936296"
"Vinmonopolet";"10474701";"Mont'Albano Valpolicella Ripasso 2015";"Mont'Albano Valpolicella Ripasso";"2015";"210";"0.75";"280";"RÃ¸dvin";"Glass";"13.5";"2.074074"
"Vinmonopolet";"10474801";"Mont'Albano Pinot Grigio Friuli 2017";"Mont'Albano Pinot Grigio Friuli";"2017";"159";"0.75";"212";"White wine";"Glass";"12";"1.7666667"
"Vinmonopolet";"10475001";"Mont'Albano Amarone della Valpolicella 2011";"Mont'Albano Amarone della Valpolicella";"2011";"380";"0.75";"506.67";"RÃ¸dvin";"Glass";"15.5";"3.2688172"
"Vinmonopolet";"10475101";"Mont'Albano Refosco Trevenezie";"Mont'Albano Refosco Trevenezie";"2017";"165";"0.75";"220";"RÃ¸dvin";"Glass";"12";"1.8333334"
"Vinmonopolet";"10475201";"Hortens Aquavit";"Hortens Aquavit";"0";"484.9";"0.7";"692.71";"Aquavit";"Glass";"40";"1.7317858"
"Vinmonopolet";"10475401";"Lejeune Pommard 1er Cru Les ArgilliÃ¨res 2016";"Lejeune Pommard 1er Cru Les ArgilliÃ¨res";"2016";"595.9";"0.75";"794.53";"RÃ¸dvin";"Glass";"13";"6.111795"
"Vinmonopolet";"10475501";"Lejeune Pommard 1er Cru L'Unique 2016";"Lejeune Pommard 1er Cru L'Unique";"2016";"864.9";"0.75";"1153.2";"RÃ¸dvin";"Glass";"13";"8.8707695"
"Vinmonopolet";"10475601";"Lejeune Bourgogne Passetoutgrain 2016";"Lejeune Bourgogne Passetoutgrain";"2016";"233.1";"0.75";"310.8";"RÃ¸dvin";"Glass";"12.5";"2.4864001"
"Vinmonopolet";"10475701";"Lejeune MonthÃ©lie En Romagnien 2017";"Lejeune MonthÃ©lie En Romagnien";"2017";"349.9";"0.75";"466.53";"RÃ¸dvin";"Glass";"13";"3.588718"
"Vinmonopolet";"10475801";"Lejeune Bourgogne Les Grandes Carelles 2018";"Lejeune Bourgogne Les Grandes Carelles";"2018";"278.9";"0.75";"371.87";"RÃ¸dvin";"Glass";"13";"2.8605127"
"Vinmonopolet";"10476001";"Jeannot Bourgogne Chardonnay 2018";"Jeannot Bourgogne Chardonnay";"2018";"235";"0.75";"313.33";"White wine";"Glass";"13";"2.4102564"
"Vinmonopolet";"10476101";"Jeannot Santenay Blanc Clos des HÃ¢tes 2016";"Jeannot Santenay Blanc Clos des HÃ¢tes";"2016";"365";"0.75";"486.67";"White wine";"Glass";"13";"3.7435896"
"Vinmonopolet";"10476201";"Jeannot Bourgogne Pinot Noir 2018";"Jeannot Bourgogne Pinot Noir";"2018";"235";"0.75";"313.33";"RÃ¸dvin";"Glass";"13";"2.4102564"
"Vinmonopolet";"10476301";"Jeannot Maranges CÃ´te de Beaune 2016";"Jeannot Maranges CÃ´te de Beaune";"2016";"279.9";"0.75";"373.2";"RÃ¸dvin";"Glass";"13";"2.8707693"
"Vinmonopolet";"10476401";"Jeannot Maranges 1er Cru La FussiÃ¨re 2016";"Jeannot Maranges 1er Cru La FussiÃ¨re";"2016";"389.9";"0.75";"519.87";"RÃ¸dvin";"Glass";"13";"3.9989743"
"Vinmonopolet";"10476501";"Jeannot Meursault Vieilles Vignes 2016";"Jeannot Meursault Vieilles Vignes";"2016";"599.9";"0.75";"799.87";"White wine";"Glass";"13";"6.1528206"
"Vinmonopolet";"10476601";"Myth Sparkling Brut";"Myth Sparkling Brut";"0";"89.8";"0.75";"119.73";"Flavoured wine	";"Glass";"7";"1.7104763"
"Vinmonopolet";"10476701";"De Buris Amarone Classico Riserva 2008";"De Buris Amarone Classico Riserva";"2008";"2250";"0.75";"3000";"RÃ¸dvin";"Glass";"15.5";"19.35484"
"Vinmonopolet";"10476801";"Jean-Claude Buecher CrÃ©mant d'Alsace Empirente 2014";"Jean-Claude Buecher CrÃ©mant d'Alsace Empirente";"2014";"282.9";"0.75";"377.2";"Sparkling wine";"Glass";"12.5";"3.0175998"
"Vinmonopolet";"10476905";"La Barbatella Noe Monferrato Bianco 2015";"La Barbatella Noe Monferrato Bianco";"2015";"513.8";"1.5";"342.53";"White wine";"Glass";"13";"2.6348717"
"Vinmonopolet";"10477005";"La Barbatella Sonvico Monferrato Rosso 2011";"La Barbatella Sonvico Monferrato Rosso";"2011";"869.6";"1.5";"579.73";"RÃ¸dvin";"Glass";"14.5";"3.9981608"
"Vinmonopolet";"10477305";"I Campi Campo Ciotoli Valpolicella Superiore Ripasso 2015";"I Campi Campo Ciotoli Valpolicella Superiore Ripasso";"2015";"578.7";"1.5";"385.8";"RÃ¸dvin";"Glass";"14.5";"2.6606896"
"Vinmonopolet";"10477405";"La Barbatella Ruanera Monferrato Rosso 2015";"La Barbatella Ruanera Monferrato Rosso";"2015";"453.8";"1.5";"302.53";"RÃ¸dvin";"Glass";"13.5";"2.2409875"
"Vinmonopolet";"10477505";"La Barbatella La Vigna dell'Angelo Nizza 2015";"La Barbatella La Vigna dell'Angelo Nizza";"2015";"868.8";"1.5";"579.2";"RÃ¸dvin";"Glass";"14.5";"3.9944828"
"Vinmonopolet";"10477602";"Le Guaite di Noemi Recioto della Valpolicella 2009";"Le Guaite di Noemi Recioto della Valpolicella";"2009";"345";"0.5";"690";"RÃ¸dvin";"Glass";"13.5";"5.111111"
"Vinmonopolet";"10477701";"Colla Campo Romano Langhe Pinot Nero 2013";"Colla Campo Romano Langhe Pinot Nero";"2013";"278";"0.75";"370.67";"RÃ¸dvin";"Glass";"13";"2.8512821"
"Vinmonopolet";"10477901";"Richard Rottiers Moulin Ã  Vent 2016";"Richard Rottiers Moulin Ã  Vent";"2016";"259.9";"0.75";"346.53";"RÃ¸dvin";"Glass";"13";"2.665641"
"Vinmonopolet";"10478001";"Quinta de la Rosa Vintage 2016";"Quinta de la Rosa Vintage";"2016";"488";"0.75";"650.67";"Port wine";"Glass";"19.5";"3.3367522"
"Vinmonopolet";"10478105";"Ch. Haut-Beychevelle Gloria 2016";"Ch. Haut-Beychevelle Gloria";"2016";"714";"1.5";"476";"RÃ¸dvin";"Glass";"13.5";"3.5259259"
"Vinmonopolet";"10478201";"Ch. Haut-Beychevelle Gloria 2015";"Ch. Haut-Beychevelle Gloria";"2015";"349.9";"0.75";"466.53";"RÃ¸dvin";"Glass";"13.5";"3.4558024"
"Vinmonopolet";"10478301";"Remelluri Reserva 2012";"Remelluri Reserva";"2012";"319.9";"0.75";"426.53";"RÃ¸dvin";"Glass";"14";"3.0466666"
"Vinmonopolet";"10478401";"Cadenhead Dufftown 10 YO Small Batch";"Cadenhead Dufftown 10 YO Small Batch";"0";"999";"0.7";"1427.14";"Whisky";"Glass";"56.8";"2.5125756"
"Vinmonopolet";"10478501";"Cadenhead Linkwood 24 YO Small Batch";"Cadenhead Linkwood 24 YO Small Batch";"1992";"1734.9";"0.7";"2478.43";"Whisky";"Glass";"50.9";"4.869211"
"Vinmonopolet";"10478601";"Cadenhead Strathmill 24 YO Small Batch";"Cadenhead Strathmill 24 YO Small Batch";"0";"1490";"0.7";"2128.57";"Whisky";"Glass";"50.3";"4.2317524"
"Vinmonopolet";"10478701";"Ch. Canon 2012";"Ch. Canon";"2012";"999.9";"0.75";"1333.2";"RÃ¸dvin";"Glass";"14";"9.522858"
"Vinmonopolet";"10478801";"Agrapart MinÃ©ral Blanc de Blancs Grand Cru Extra Brut 2013";"Agrapart MinÃ©ral Blanc de Blancs Grand Cru Extra Brut";"2013";"798.9";"0.75";"1065.2";"Champagne extra brut";"Glass";"12";"8.876667"
"Vinmonopolet";"10478901";"Lindes de Remelluri ViÃ±edos de Labastida 2014";"Lindes de Remelluri ViÃ±edos de Labastida";"2014";"233.1";"0.75";"310.8";"RÃ¸dvin";"Glass";"14";"2.22"
"Vinmonopolet";"10479001";"Le Bertarole Valpolicella Classico Le Filagne 2017";"Le Bertarole Valpolicella Classico Le Filagne";"2017";"168.8";"0.75";"225.07";"RÃ¸dvin";"Glass";"12.5";"1.8005334"
"Vinmonopolet";"10479101";"Le Bertarole Valpolicella Ripasso Classico Superiore 2015";"Le Bertarole Valpolicella Ripasso Classico Superiore";"2015";"258.9";"0.75";"345.2";"RÃ¸dvin";"Glass";"14.5";"2.3806896"
"Vinmonopolet";"10479301";"Le Bertarole Amarone della Valpolicella Podere Cariano 2013";"Le Bertarole Amarone della Valpolicella Podere Cariano";"2013";"358.9";"0.75";"478.53";"RÃ¸dvin";"Glass";"15";"3.1902223"
"Vinmonopolet";"10479401";"Le Bertarole Amarone della Valpolicella Podere Le Mergonole 2013";"Le Bertarole Amarone della Valpolicella Podere Le Mergonole";"2013";"438.8";"0.75";"585.07";"RÃ¸dvin";"Glass";"15";"3.9004443"
"Vinmonopolet";"10479602";"Bryggerhuset JuleÃ¸l Fiken & Daddel Dubbel";"Bryggerhuset JuleÃ¸l Fiken & Daddel Dubbel";"0";"69.8";"0.33";"211.52";"Brown ale";"Glass";"9";"2.3501685"
"Vinmonopolet";"10480002";"Ãgir India Pale Ale";"Ãgir India Pale Ale";"0";"47.9";"0.33";"139.09";"India pale ale";"Emballasje med pant";"6.5";"2.2331002"
"Vinmonopolet";"10480102";"Ãgir BÃ¦ver Double White IPA";"Ãgir BÃ¦ver Double White IPA";"0";"61.9";"0.33";"181.52";"India pale ale";"Emballasje med pant";"8";"2.344697"
"Vinmonopolet";"10480302";"Kamiki Blended Malt Whisky";"Kamiki Blended Malt Whisky";"0";"739.9";"0.5";"1479.8";"Whisky";"Glass";"48";"3.0829167"
"Vinmonopolet";"10480401";"Kura The Whisky Rum Cask Finish";"Kura The Whisky Rum Cask Finish";"0";"999.9";"0.7";"1428.43";"Whisky";"Glass";"40";"3.5710716"
"Vinmonopolet";"10480501";"Gimme, Gimme, Gimme Riesling";"Gimme, Gimme, Gimme Riesling";"2017";"299.9";"0.75";"399.87";"White wine";"Glass";"12.5";"3.1989334"
"Vinmonopolet";"10480601";"Wine Mechanic Syrah";"Wine Mechanic Syrah";"2017";"349.9";"0.75";"466.53";"RÃ¸dvin";"Glass";"12.5";"3.7322667"
"Vinmonopolet";"10481302";"Dom. de la Viguerie Rivesaltes 1979";"Dom. de la Viguerie Rivesaltes";"1979";"289";"0.38";"770.67";"Fortified wine";"Glass";"15.5";"4.9066215"
"Vinmonopolet";"10481701";"Ch. PrieurÃ© de Monastir del Camp 1961";"Ch. PrieurÃ© de Monastir del Camp";"1961";"990";"0.75";"1320";"Fortified wine";"Glass";"17.5";"7.542857"
"Vinmonopolet";"10481901";"Dom. de la Viguerie Rivesaltes 1979";"Dom. de la Viguerie Rivesaltes";"1979";"499";"0.75";"665.33";"Fortified wine";"Glass";"15.5";"4.2924733"
"Vinmonopolet";"10482101";"Reeve Rhoda Pinot Noir 2017";"Reeve Rhoda Pinot Noir";"2017";"449";"0.75";"598.67";"RÃ¸dvin";"Glass";"13.3";"4.501253"
"Vinmonopolet";"10482201";"Rhys Alesia Anderson Valley Pinot Noir 2016";"Rhys Alesia Anderson Valley Pinot Noir";"2016";"449";"0.75";"598.67";"RÃ¸dvin";"Glass";"12.9";"4.640827"
"Vinmonopolet";"10482301";"Rhys Alesia Santa Cruz Mountains Pinot Noir 2016";"Rhys Alesia Santa Cruz Mountains Pinot Noir";"2016";"498";"0.75";"664";"RÃ¸dvin";"Glass";"12.9";"5.147287"
"Vinmonopolet";"10482701";"Weing. K.H. Schneider Felsenberg Rsl Tr 2017";"Weing. K.H. Schneider Felsenberg Rsl Tr";"2017";"399.9";"0.75";"533.2";"White wine";"Glass";"12.5";"4.2655997"
"Vinmonopolet";"10482801";"Pillot Bourgogne Pinot Noir";"Pillot Bourgogne Pinot Noir";"2016";"249";"0.75";"332";"RÃ¸dvin";"Glass";"13";"2.5538461"
"Vinmonopolet";"10482901";"Pillot Volnay 2016";"Pillot Volnay";"2016";"399";"0.75";"532";"RÃ¸dvin";"Glass";"13.5";"3.9407408"
"Vinmonopolet";"10483002";"Brekeriet Lusse Lelle";"Brekeriet Lusse Lelle";"0";"63.9";"0.33";"193.64";"SurÃ¸l";"Glass";"6.5";"2.9790208"
"Vinmonopolet";"10483101";"Ronzano Langhe Nebbiolo";"Ronzano Langhe Nebbiolo";"2016";"249";"0.75";"332";"RÃ¸dvin";"Glass";"14";"2.3714285"
"Vinmonopolet";"10483201";"Enzo Boglietti Barolo Brunate 2013";"Enzo Boglietti Barolo Brunate";"2013";"659";"0.75";"878.67";"RÃ¸dvin";"Glass";"14.5";"6.05977"
"Vinmonopolet";"10483301";"Enzo Boglietti Barbera d'Alba 2016";"Enzo Boglietti Barbera d'Alba";"2016";"209";"0.75";"278.67";"RÃ¸dvin";"Glass";"14.5";"1.9218391"
"Vinmonopolet";"10483401";"Enzo Boglietti Dolcetto d'Alba";"Enzo Boglietti Dolcetto d'Alba";"2017";"209";"0.75";"278.67";"RÃ¸dvin";"Glass";"14";"1.9904761"
"Vinmonopolet";"10483702";"Voss Bryggeri Jolabrygg";"Voss Bryggeri Jolabrygg";"0";"69.9";"0.33";"205.76";"Special";"Emballasje med pant";"6.5";"3.2587411"
"Vinmonopolet";"10483802";"Klackabacken JulÃ¶l";"Klackabacken JulÃ¶l";"0";"46.9";"0.33";"142.12";"Brown ale";"Glass";"6.2";"2.2922776"
"Vinmonopolet";"10483901";"de ChÃ©risey Meursault-Blagny 1er Cru La Genelotte 2015";"de ChÃ©risey Meursault-Blagny 1er Cru La Genelotte";"2015";"730";"0.75";"973.33";"White wine";"Glass";"13.5";"7.2098765"
"Vinmonopolet";"10483905";"de ChÃ©risey Meursault-Blagny 1er Cru La Genelotte 2015";"de ChÃ©risey Meursault-Blagny 1er Cru La Genelotte";"2015";"1480";"1.5";"986.67";"White wine";"Glass";"13.5";"7.308642"
"Vinmonopolet";"10484001";"de ChÃ©risey Puligny-Montrachet 1er Cru Hameau de Blagny 2015";"de ChÃ©risey Puligny-Montrachet 1er Cru Hameau de Blagny";"2015";"709.9";"0.75";"946.53";"White wine";"Glass";"13";"7.281026"
"Vinmonopolet";"10484005";"de ChÃ©risey Puligny-Montrachet 1er Cru Hameau de Blagny 2015";"de ChÃ©risey Puligny-Montrachet 1er Cru Hameau de Blagny";"2015";"1439.8";"1.5";"959.87";"White wine";"Glass";"13";"7.38359"
"Vinmonopolet";"10484201";"de ChÃ©risey Puligny-Montrachet 1er Cru Les Chalumeaux 2015";"de ChÃ©risey Puligny-Montrachet 1er Cru Les Chalumeaux";"2015";"708.9";"0.75";"945.2";"White wine";"Glass";"13";"7.2707696"
"Vinmonopolet";"10484401";"Abbaye du Val-Dieu BiÃ¨re de NoÃ«l";"Abbaye du Val-Dieu BiÃ¨re de NoÃ«l";"0";"129.9";"0.75";"173.2";"Trappist";"Glass";"7";"2.4742856"
"Vinmonopolet";"10484702";"Ãgir Fimafeng Julebrygg";"Ãgir Fimafeng Julebrygg";"2019";"74.9";"0.33";"226.97";"Special";"Glass";"9";"2.5218854"
"Vinmonopolet";"10485402";"Svaneke Crazy Christmas IPA";"Svaneke Crazy Christmas IPA";"0";"58.9";"0.5";"117.8";"India pale ale";"Glass";"5.5";"2.1418183"
"Vinmonopolet";"10485902";"GullMack";"GullMack";"0";"47.9";"0.5";"91.8";"Light lager";"Emballasje med pant";"6.5";"1.4738462"
"Vinmonopolet";"10486001";"FAIR Muscovado Rum";"FAIR Muscovado Rum";"0";"539.9";"0.7";"771.29";"Rum";"Glass";"55";"1.4023378"
"Vinmonopolet";"10486102";"FÃ¨lsina Berardenga Grappa Sangiovese";"FÃ¨lsina Berardenga Grappa Sangiovese";"2009";"500";"0.5";"1000";"Grape spirit";"Glass";"40";"2.5"
"Vinmonopolet";"10487301";"Hacienda Lopez de Haro Gran Reserva 2012";"Hacienda Lopez de Haro Gran Reserva";"2012";"284.8";"0.75";"379.73";"White wine";"Glass";"12.5";"3.0378666"
"Vinmonopolet";"10487401";"Fujimi Blended Japanese Whisky";"Fujimi Blended Japanese Whisky";"0";"589.9";"0.7";"842.71";"Whisky";"Glass";"40";"2.1067858"
"Vinmonopolet";"10487801";"Antica Torino Vermouth di Torino Rosso";"Antica Torino Vermouth di Torino Rosso";"0";"285";"0.75";"380";"Vermouth";"Glass";"18";"2.1111112"
"Vinmonopolet";"10488102";"Amundsen Ink & Dagger Modern Day IPA";"Amundsen Ink & Dagger Modern Day IPA";"0";"41.9";"0.33";"120.91";"India pale ale";"Emballasje med pant";"6.5";"1.95338"
"Vinmonopolet";"10488202";"Amundsen Apocalyptic Thunder Juice New England IPA";"Amundsen Apocalyptic Thunder Juice New England IPA";"0";"55.2";"0.33";"161.21";"India pale ale";"Emballasje med pant";"6.5";"2.5734265"
"Vinmonopolet";"10488301";"The Kurayoshi Pure Malt Whisky";"The Kurayoshi Pure Malt Whisky";"0";"799.9";"0.7";"1142.71";"Whisky";"Glass";"43";"2.6574752"
"Vinmonopolet";"10488701";"Olek Bondonio Barbaresco Roncagliette 2015";"Olek Bondonio Barbaresco Roncagliette";"2015";"559.8";"0.75";"746.4";"RÃ¸dvin";"Glass";"14";"5.3314285"
"Vinmonopolet";"10488802";"Cervisiam Bad Mango East Coast IPA";"Cervisiam Bad Mango East Coast IPA";"0";"69.9";"0.33";"205.76";"India pale ale";"Emballasje med pant";"7.5";"2.8242424"
"Vinmonopolet";"10489002";"BrewDog Punk IPA";"BrewDog Punk IPA";"0";"39.9";"0.33";"114.85";"India pale ale";"Emballasje med pant";"5.6";"2.159091"
"Vinmonopolet";"10489402";"LÃ¸iten Juleaquavit 2019";"LÃ¸iten Juleaquavit";"2019";"319.9";"0.5";"639.8";"Aquavit";"Glass";"41.5";"1.5416868"
"Vinmonopolet";"10489501";"Appalina Merlot Non Alc";"Appalina Merlot Non Alc";"0";"69.9";"0.75";"93.2";"Non-alcoholic wine";"Glass";"0.5";"18.640001"
"Vinmonopolet";"10489601";"PiÃ©blanc La TuiliÃ¨re";"PiÃ©blanc La TuiliÃ¨re";"2016";"229.9";"0.75";"306.53";"RÃ¸dvin";"Glass";"15";"2.0435555"
"Vinmonopolet";"10489701";"PiÃ©blanc La Barre";"PiÃ©blanc La Barre";"2016";"269.9";"0.75";"359.87";"RÃ¸dvin";"Glass";"15";"2.399111"
"Vinmonopolet";"10489801";"PiÃ©blanc Les Hauts";"PiÃ©blanc Les Hauts";"2016";"259.9";"0.75";"346.53";"RÃ¸dvin";"Glass";"14.5";"2.389885"
"Vinmonopolet";"10489901";"Mendel Malbec";"Mendel Malbec";"2017";"249.9";"0.75";"333.2";"RÃ¸dvin";"Glass";"14.5";"2.297931"
"Vinmonopolet";"10490001";"Mendel Semillon";"Mendel Semillon";"2018";"219.9";"0.75";"293.2";"White wine";"Glass";"13.5";"2.1718519"
"Vinmonopolet";"10490101";"Mendel Lunta Malbec";"Mendel Lunta Malbec";"2016";"199.9";"0.75";"266.53";"RÃ¸dvin";"Glass";"14";"1.9038094"
"Vinmonopolet";"10490202";"Nissedram";"Nissedram";"0";"359";"0.5";"718";"Aquavit";"Glass";"41.8";"1.7177033"
"Vinmonopolet";"10490301";"Le Vieux Donjon ChÃ¢teauneuf-du-Pape";"Le Vieux Donjon ChÃ¢teauneuf-du-Pape";"2017";"459.9";"0.75";"613.2";"RÃ¸dvin";"Glass";"15";"4.088"
"Vinmonopolet";"10491301";"Kalinka Vodka";"Kalinka Vodka";"0";"409.9";"1";"409.9";"Vodka";"Plast";"37.5";"1.0930667"
"Vinmonopolet";"10491402";"Haandbryggeriet Even S'more x-mas";"Haandbryggeriet Even S'more x-mas";"2018";"98";"0.33";"296.97";"Porter and stout";"Glass";"11";"2.6997244"
"Vinmonopolet";"10492102";"Cervisiam C.H.U.D. Imperial Christmas Stout";"Cervisiam C.H.U.D. Imperial Christmas Stout";"0";"86.9";"0.33";"257.27";"Porter and stout";"Emballasje med pant";"10";"2.6333332"
"Vinmonopolet";"10493301";"Bruno Michel AssemblÃ©e Extra Brut";"Bruno Michel AssemblÃ©e Extra Brut";"0";"359.9";"0.75";"479.87";"Champagne extra brut";"Glass";"12";"3.9988887"
"Vinmonopolet";"10493401";"Bruno Michel AssemblÃ©e RosÃ©";"Bruno Michel AssemblÃ©e RosÃ©";"0";"399";"0.75";"532";"Champagne, rosÃ©";"Glass";"12";"4.4333334"
"Vinmonopolet";"10493705";"Rioja Vega Reserva 2012";"Rioja Vega Reserva";"2012";"439.9";"1.5";"293.27";"RÃ¸dvin";"Glass";"14";"2.0947618"
"Vinmonopolet";"10493805";"Mandrarossa Cartagho 2014";"Mandrarossa Cartagho";"2014";"650";"1.5";"433.33";"RÃ¸dvin";"Glass";"14";"3.0952382"
"Vinmonopolet";"10493905";"Mandrarossa Timperosse Petit Verdot 2017";"Mandrarossa Timperosse Petit Verdot";"2017";"450";"1.5";"300";"RÃ¸dvin";"Glass";"13.5";"2.2222223"
"Vinmonopolet";"10494101";"Rioja Vega Reserva Blanco 2016";"Rioja Vega Reserva Blanco";"2016";"499.9";"0.75";"666.53";"White wine";"Glass";"13";"5.1271796"
"Vinmonopolet";"10494205";"Rioja Vega Crianza 2015";"Rioja Vega Crianza";"2015";"339.9";"1.5";"226.6";"RÃ¸dvin";"Glass";"14";"1.6185714"
"Vinmonopolet";"10494301";"Ch. Kirwan 2016";"Ch. Kirwan";"2016";"549.9";"0.75";"733.2";"RÃ¸dvin";"Glass";"13.5";"5.4311113"
"Vinmonopolet";"10494401";"Ch. Kirwan 2015";"Ch. Kirwan";"2015";"549.9";"0.75";"733.2";"RÃ¸dvin";"Glass";"13.5";"5.4311113"
"Vinmonopolet";"10494501";"La Bella Vedova Treviso Prosecco Brut";"La Bella Vedova Treviso Prosecco Brut";"0";"145";"0.75";"193.33";"Sparkling wine";"Glass";"11";"1.7575758"
"Vinmonopolet";"10494601";"Luigi Giordano Barbaresco Asili 2015";"Luigi Giordano Barbaresco Asili";"2015";"309.9";"0.75";"413.2";"RÃ¸dvin";"Glass";"14";"2.9514284"
"Vinmonopolet";"10496301";"SnÃ¤llerÃ¶ds Uppsala Akvavit";"SnÃ¤llerÃ¶ds Uppsala Akvavit";"0";"294.9";"0.7";"421.29";"Aquavit";"Glass";"38";"1.1086466"
"Vinmonopolet";"10496402";"IsbjÃ¸rn Gull";"IsbjÃ¸rn Gull";"0";"29.9";"0.33";"84.55";"Light lager";"Emballasje med pant";"5.5";"1.6473829"
"Vinmonopolet";"10496501";"A'Terra Pinot Noir";"A'Terra Pinot Noir";"2019";"134.9";"0.75";"179.87";"RÃ¸dvin";"Glass";"12.5";"1.4389333"
"Vinmonopolet";"10496506";"A'Terra Pinot Noir";"A'Terra Pinot Noir";"2018";"459.9";"3";"153.3";"RÃ¸dvin";"Bag-in-box";"12.5";"1.2264"
"Vinmonopolet";"10496601";"Ch. Lacoste Garzac 2016";"Ch. Lacoste Garzac";"2016";"129.7";"0.75";"172.93";"RÃ¸dvin";"Glass";"12.5";"1.3834666"
"Vinmonopolet";"10496706";"Cline Zinfandel";"Cline Zinfandel";"2018";"479.9";"3";"159.97";"RÃ¸dvin";"Bag-in-box";"13.5";"1.1849383"
"Vinmonopolet";"10496801";"Pico a Pico Sauvignon Blanc 2018";"Pico a Pico Sauvignon Blanc";"2018";"135";"0.75";"180";"White wine";"Glass";"13";"1.3846154"
"Vinmonopolet";"10496901";"Black Granite Grenache Shiraz 2018";"Black Granite Grenache Shiraz";"2018";"129.9";"0.75";"173.2";"RÃ¸dvin";"Glass";"12.5";"1.3856"
"Vinmonopolet";"10497302";"AttÃ¥t Akevitt";"AttÃ¥t Akevitt";"0";"424.9";"0.5";"849.8";"Aquavit";"Glass";"38";"2.2363157"
"Vinmonopolet";"10497402";"Staffelter Hof KrÃ¶v Letterlay Rsl Eiswein 2016";"Staffelter Hof KrÃ¶v Letterlay Rsl Eiswein";"2016";"529.9";"0.38";"1413.07";"White wine";"Glass";"9";"15.494153"
"Vinmonopolet";"10497502";"Lackner Tinnacher Morillon Beerenauslese 2009";"Lackner Tinnacher Morillon Beerenauslese";"2009";"329.9";"0.38";"879.73";"White wine";"Glass";"10";"8.681579"
"Vinmonopolet";"10497601";"Bourdy CÃ´tes du Jura Chardonnay 2016";"Bourdy CÃ´tes du Jura Chardonnay";"2016";"259.9";"0.75";"346.53";"White wine";"Glass";"13";"2.665641"
"Vinmonopolet";"10498201";"Maly Vinar Clasic Zweigeltrebe";"Maly Vinar Clasic Zweigeltrebe";"0";"299.6";"0.75";"399.47";"RÃ¸dvin";"Glass";"12.5";"3.1957333"
"Vinmonopolet";"10498301";"Maly Vinar Clasic Sauvignon";"Maly Vinar Clasic Sauvignon";"0";"249.5";"0.75";"332.67";"White wine";"Glass";"12.5";"2.6613333"
"Vinmonopolet";"10499201";"Missenyora 2017";"Missenyora";"2017";"245.2";"0.75";"326.93";"White wine";"Glass";"14.5";"2.2547126"
"Vinmonopolet";"10499301";"Kompis Riesling";"Kompis Riesling";"2018";"125";"0.75";"166.67";"White wine";"Glass";"11";"1.5151515"
"Vinmonopolet";"10499401";"Ioppa Ghemme Santa Fe 2005";"Ioppa Ghemme Santa Fe";"2005";"449.9";"0.75";"599.87";"RÃ¸dvin";"Glass";"14.5";"4.1370115"
"Vinmonopolet";"10499501";"Ioppa Ghemme Santa Fe 2008";"Ioppa Ghemme Santa Fe";"2008";"409.9";"0.75";"546.53";"RÃ¸dvin";"Glass";"14";"3.9038095"
"Vinmonopolet";"10499601";"Lourens Skuinskap Steen";"Lourens Skuinskap Steen";"2018";"449.9";"0.75";"599.87";"White wine";"Glass";"13";"4.614359"
"Vinmonopolet";"10499801";"Roagna Barolo Pira 2014";"Roagna Barolo Pira";"2014";"849.9";"0.75";"1133.2";"RÃ¸dvin";"Glass";"14";"8.094286"
"Vinmonopolet";"10499901";"Roagna Barbaresco PajÃ¨ Vecchie Viti 2014";"Roagna Barbaresco PajÃ¨ Vecchie Viti";"2014";"1699.9";"0.75";"2266.53";"RÃ¸dvin";"Glass";"13.5";"16.789137"
"Vinmonopolet";"10500001";"Roagna Barbaresco Asili Vecchie Viti 2014";"Roagna Barbaresco Asili Vecchie Viti";"2014";"1699.9";"0.75";"2266.53";"RÃ¸dvin";"Glass";"14";"16.189524"
"Vinmonopolet";"10500101";"Roagna Barbaresco Montefico Vecchie Viti 2014";"Roagna Barbaresco Montefico Vecchie Viti";"2014";"1699.9";"0.75";"2266.53";"RÃ¸dvin";"Glass";"13.5";"16.789137"
"Vinmonopolet";"10500201";"Roagna Barolo Pira Vecchie Viti 2014";"Roagna Barolo Pira Vecchie Viti";"2014";"1699.9";"0.75";"2266.53";"RÃ¸dvin";"Glass";"13.5";"16.789137"
"Vinmonopolet";"10500601";"Dom. de Courbissac Les Farradjales Minervois 2017";"Dom. de Courbissac Les Farradjales Minervois";"2017";"369.9";"0.75";"493.2";"RÃ¸dvin";"Glass";"13";"3.7938461"
"Vinmonopolet";"10500701";"Roagna Barbaresco Faset 2014";"Roagna Barbaresco Faset";"2014";"849.9";"0.75";"1133.2";"RÃ¸dvin";"Glass";"13.5";"8.394074"
"Vinmonopolet";"10500801";"Roagna Barolo del Comune di Barolo 2014";"Roagna Barolo del Comune di Barolo";"2014";"849.9";"0.75";"1133.2";"RÃ¸dvin";"Glass";"13.5";"8.394074"
"Vinmonopolet";"10501002";"Bache-Gabrielsen Fins Bois Vintage 1988";"Bache-Gabrielsen Fins Bois Vintage";"1988";"699";"0.35";"1997.14";"Grape spirit";"Glass";"41.4";"4.8240166"
"Vinmonopolet";"10501101";"Ch. Haut-Bergey 2006";"Ch. Haut-Bergey";"2006";"308.9";"0.75";"411.87";"RÃ¸dvin";"Glass";"13";"3.168205"
"Vinmonopolet";"10501201";"Ch. Bertrand Braneyre Vieilles Vignes 2006";"Ch. Bertrand Braneyre Vieilles Vignes";"2006";"205";"0.75";"273.33";"RÃ¸dvin";"Glass";"13";"2.102564"
"Vinmonopolet";"10501302";"Trollfjord Premium Aquavit";"Trollfjord Premium Aquavit";"0";"369";"0.5";"738";"Aquavit";"Glass";"40";"1.845"
"Vinmonopolet";"10501402";"Tuddal Aquavit";"Tuddal Aquavit";"0";"369";"0.5";"738";"Aquavit";"Glass";"40";"1.845"
"Vinmonopolet";"10501502";"Salten Juleaquavit";"Salten Juleaquavit";"0";"394.5";"0.5";"789";"Aquavit";"Glass";"40";"1.9725"
"Vinmonopolet";"10501702";"Nesodden Premium Juleaquavit";"Nesodden Premium Juleaquavit";"0";"399.5";"0.5";"799";"Aquavit";"Glass";"40";"1.9975"
"Vinmonopolet";"10501801";"Ch. Bertrand Braneyre CuvÃ©e Evelyne 2003";"Ch. Bertrand Braneyre CuvÃ©e Evelyne";"2003";"195";"0.75";"260";"RÃ¸dvin";"Glass";"13";"2"
"Vinmonopolet";"10501903";"Nesodden Premium Aquavit";"Nesodden Premium Aquavit";"0";"57.9";"0.04";"1447.5";"Aquavit";"Glass";"40";"3.61875"
"Vinmonopolet";"10502301";"Hardy Legend 1863";"Hardy Legend";"0";"552.1";"0.7";"788.71";"Grape spirit";"Glass";"40";"1.9717857"
"Vinmonopolet";"10502401";"Hardy Le Coq D'or Pineau Des Charentes";"Hardy Le Coq D'or Pineau Des Charentes";"0";"292.2";"0.75";"389.6";"Fortified wine";"Glass";"17";"2.2917647"
"Vinmonopolet";"10502801";"Nicholas Altare Dogliani 2017";"Nicholas Altare Dogliani";"2017";"239.8";"0.75";"319.73";"RÃ¸dvin";"Glass";"13";"2.4594872"
"Vinmonopolet";"10503002";"Juleakevitt Single Cask";"Juleakevitt Single Cask";"2018";"499.9";"0.5";"999.8";"Aquavit";"Glass";"43";"2.3251162"
"Vinmonopolet";"10503102";"De Tvende Munken VIII";"De Tvende Munken VIII";"0";"58.9";"0.33";"178.49";"Trappist";"Glass";"8.5";"2.0998218"
"Vinmonopolet";"10503202";"De Tvende Munken VI";"De Tvende Munken VI";"0";"54.9";"0.33";"166.36";"Trappist";"Glass";"6.5";"2.5594406"
"Vinmonopolet";"10504502";"SchÃ¶nborn Pfaffenberg Rsl SpÃ¤t Hattenheim";"SchÃ¶nborn Pfaffenberg Rsl SpÃ¤t Hattenheim";"2015";"189.9";"0.38";"506.4";"White wine";"Glass";"9";"5.5526314"
"Vinmonopolet";"10504901";"Auchentoshan 13 YO Provenance";"Auchentoshan 13 YO Provenance";"0";"799.9";"0.7";"1142.71";"Whisky";"Glass";"48.4";"2.36098"
"Vinmonopolet";"10505001";"Rock Oyster Blended Malt Sherry Cask Edition";"Rock Oyster Blended Malt Sherry Cask Edition";"0";"699.9";"0.7";"999.86";"Whisky";"Glass";"46.8";"2.136447"
"Vinmonopolet";"10505101";"Bunnahabhain Toiteach A Dha Single Malt";"Bunnahabhain Toiteach A Dha Single Malt";"0";"599.9";"0.7";"857";"Whisky";"Glass";"46.3";"1.850972"
"Vinmonopolet";"10505401";"Jack Daniel's Legacy Edition Tennessee Whisky";"Jack Daniel's Legacy Edition Tennessee Whisky";"0";"454.9";"0.7";"649.86";"Whisky";"Glass";"43";"1.5112957"
"Vinmonopolet";"10505501";"Burguet Gevrey-Chambertin Symphonie 2014";"Burguet Gevrey-Chambertin Symphonie";"2014";"499";"0.75";"665.33";"RÃ¸dvin";"Glass";"13";"5.1179485"
"Vinmonopolet";"10505601";"Burguet Gevrey-Chambertin Symphonie 2015";"Burguet Gevrey-Chambertin Symphonie";"2015";"569";"0.75";"758.67";"RÃ¸dvin";"Glass";"13";"5.8358974"
"Vinmonopolet";"10505701";"Wasenhaus Vulkan SpÃ¤tburgunder 2016";"Wasenhaus Vulkan SpÃ¤tburgunder";"2016";"448";"0.75";"597.33";"RÃ¸dvin";"Glass";"12.5";"4.7786665"
"Vinmonopolet";"10505801";"Rhys Alesia Santa Cruz Mountains Chardonnay 2016";"Rhys Alesia Santa Cruz Mountains Chardonnay";"2016";"449";"0.75";"598.67";"White wine";"Glass";"12.3";"4.8672085"
"Vinmonopolet";"10505901";"Comptche Ridge Pinot Noir 2015";"Comptche Ridge Pinot Noir";"2015";"458";"0.75";"610.67";"RÃ¸dvin";"Glass";"12.9";"4.7338505"
"Vinmonopolet";"10506001";"Wasenhaus Weissburgunder 2016";"Wasenhaus Weissburgunder";"2016";"359";"0.75";"478.67";"White wine";"Glass";"12.5";"3.8293333"
"Vinmonopolet";"10506101";"Wasenhaus Weissburgunder Bellen 2016";"Wasenhaus Weissburgunder Bellen";"2016";"439";"0.75";"585.33";"White wine";"Glass";"12.5";"4.682667"
"Vinmonopolet";"10506201";"Daumen ChÃ¢teaunef-du-Pape 2016";"Daumen ChÃ¢teaunef-du-Pape";"2016";"438";"0.75";"584";"RÃ¸dvin";"Glass";"14";"4.1714287"
"Vinmonopolet";"10506301";"Daumen Principaute d'Orange 2016";"Daumen Principaute d'Orange";"2016";"199";"0.75";"265.33";"RÃ¸dvin";"Glass";"13.5";"1.965432"
"Vinmonopolet";"10506401";"Sybille Kuntz Riesling Auslese Sur Lie 1997";"Sybille Kuntz Riesling Auslese Sur Lie";"1997";"949.9";"0.75";"1266.53";"White wine";"Glass";"11.5";"11.013333"
"Vinmonopolet";"10506601";"NominÃ©-Renard Brut Club Vintage";"NominÃ©-Renard Brut Club Vintage";"2012";"565";"0.75";"753.33";"Champagne, brut";"Glass";"12.5";"6.0266666"
"Vinmonopolet";"10506801";"Glen Scotia 15 YO Single Malt";"Glen Scotia 15 YO Single Malt";"0";"859.9";"0.7";"1228.43";"Whisky";"Glass";"46";"2.670497"
"Vinmonopolet";"10506901";"Glen Scotia Victoriana Single Malt Batch 01";"Glen Scotia Victoriana Single Malt Batch 01";"0";"999.9";"0.7";"1428.43";"Whisky";"Glass";"54.8";"2.6066217"
"Vinmonopolet";"10509101";"Original Lord Calvert";"Original Lord Calvert";"0";"324.9";"0.7";"464.14";"Whisky";"Plast";"40";"1.1603571"
"Vinmonopolet";"10509201";"HÃ¶pler Pinot Blanc";"HÃ¶pler Pinot Blanc";"2017";"189.9";"0.75";"253.2";"White wine";"Glass";"12";"2.11"
"Vinmonopolet";"10509601";"Mauro Veglio Barbera d'Alba Cascina Nuova 2015";"Mauro Veglio Barbera d'Alba Cascina Nuova";"2015";"379";"0.75";"505.33";"RÃ¸dvin";"Glass";"14.5";"3.4850574"
"Vinmonopolet";"10509701";"A.D. Coutelas CuvÃ©e 1809 Brut Nature 2005";"A.D. Coutelas CuvÃ©e  Brut Nature";"2005";"1490";"0.75";"1986.67";"Champagne extra brut";"Glass";"12";"16.555555"
"Vinmonopolet";"10510101";"Marcel Cabelier CrÃ©mant du Jura Chardonnay Brut 2014";"Marcel Cabelier CrÃ©mant du Jura Chardonnay Brut";"2014";"189.9";"0.75";"253.2";"Sparkling wine";"Glass";"12";"2.11"
"Vinmonopolet";"10510301";"Dautel Steingruben BÃ¶nnigheim Riesling Trocken GG 2017";"Dautel Steingruben BÃ¶nnigheim Riesling Trocken GG";"2017";"399.9";"0.75";"533.2";"White wine";"Glass";"13";"4.101538"
"Vinmonopolet";"10510401";"Dom. Des Marrans Fleurie Clos du Pavillon 2015";"Dom. Des Marrans Fleurie Clos du Pavillon";"2015";"239.9";"0.75";"319.87";"RÃ¸dvin";"Glass";"13.5";"2.3693826"
"Vinmonopolet";"10510501";"Robert Moncuit Grand Cru Les Grands Blancs Extra Brut";"Robert Moncuit Grand Cru Les Grands Blancs Extra Brut";"0";"439.9";"0.75";"586.53";"Champagne extra brut";"Glass";"12";"4.887778"
"Vinmonopolet";"10510601";"Canevel Campofalco Biologico Valdobbiadene Prosecco Superiore";"Canevel Campofalco Biologico Valdobbiadene Prosecco Superiore";"2017";"239.9";"0.75";"319.87";"Sparkling wine";"Glass";"11";"2.9078786"
"Vinmonopolet";"10510701";"Quercia al Poggio Gran Selezione Vigna Le Cataste 2012";"Quercia al Poggio Gran Selezione Vigna Le Cataste";"2012";"449.9";"0.75";"599.87";"RÃ¸dvin";"Glass";"14";"4.284762"
"Vinmonopolet";"10511101";"Ch. de Saint-Aubin Meursault Premier Cru La PiÃ¨ce Le Bois";"Ch. de Saint-Aubin Meursault Premier Cru La PiÃ¨ce Le Bois";"2015";"699.9";"0.75";"933.2";"White wine";"Glass";"13";"7.1784616"
"Vinmonopolet";"10511201";"Capo di Stato Grappa Riserva 5 anni";"Capo di Stato Grappa Riserva 5 anni";"0";"759.9";"1";"759.9";"Grape spirit";"Glass";"45";"1.6886667"
"Vinmonopolet";"10511301";"Knipser Johannishof Riesling Trocken";"Knipser Johannishof Riesling Trocken";"2017";"174.9";"0.75";"233.2";"White wine";"Glass";"12";"1.9433333"
"Vinmonopolet";"10511501";"Gritsch Kalkofen Riesling 2017";"Gritsch Kalkofen Riesling";"2017";"279.8";"0.75";"373.07";"White wine";"Glass";"13.5";"2.7634566"
"Vinmonopolet";"10511701";"OMA Etna Rosso";"OMA Etna Rosso";"2016";"299.9";"0.75";"399.87";"RÃ¸dvin";"Glass";"13.5";"2.9619753"
"Vinmonopolet";"10511801";"OMA Etna Bianco";"OMA Etna Bianco";"2017";"299.9";"0.75";"399.87";"White wine";"Glass";"13.5";"2.9619753"
"Vinmonopolet";"10511901";"Snowflakes Barbera d'Asti 2018";"Snowflakes Barbera d'Asti";"2018";"169.9";"0.75";"226.53";"RÃ¸dvin";"Glass";"13";"1.7425641"
"Vinmonopolet";"10512401";"Le Salette Ca' Carnocchio Veronese 2014";"Le Salette Ca' Carnocchio Veronese";"2014";"319.8";"0.75";"426.4";"RÃ¸dvin";"Glass";"14.5";"2.9406896"
"Vinmonopolet";"10512505";"Le Salette I Progni Valpolicella Ripasso Classico Superiore 2015";"Le Salette I Progni Valpolicella Ripasso Classico Superiore";"2015";"499.8";"1.5";"333.2";"RÃ¸dvin";"Glass";"14";"2.3799999"
"Vinmonopolet";"10512607";"Le Salette Pergole Vece Amarone della Valpolicella Classico 2013";"Le Salette Pergole Vece Amarone della Valpolicella Classico";"2013";"2799";"3";"933";"RÃ¸dvin";"Glass";"16.5";"5.6545453"
"Vinmonopolet";"10512702";"Paulaner Hefe Non Alcoholic";"Paulaner Hefe Non Alcoholic";"0";"27";"0.5";"54";"Alkoholfritt Ã¸l";"Glass";"0.5";"10.8"
"Vinmonopolet";"10514001";"Telmo Rodriguez Branco de Sta. Cruz 2017";"Telmo Rodriguez Branco de Sta. Cruz";"2017";"299.9";"0.75";"399.87";"White wine";"Glass";"13";"3.0758975"
"Vinmonopolet";"10514102";"Geoffroy Ratafia de Champagne";"Geoffroy Ratafia de Champagne";"0";"414.9";"0.5";"829.8";"LikÃ¸r";"Glass";"18";"4.61"
"Vinmonopolet";"10514201";"SchÃ¤tzel Hipping Kabinett";"SchÃ¤tzel Hipping Kabinett";"2016";"415.9";"0.75";"554.53";"White wine";"Glass";"7.5";"7.393778"
"Vinmonopolet";"10514301";"Dom. Tariquet Amplitude 2018";"Dom. Tariquet Amplitude";"2018";"169.9";"0.75";"226.53";"White wine";"Glass";"12.5";"1.8122666"
"Vinmonopolet";"10514401";"La Barbatella Non Ã¨ Monferrato Bianco 2016";"La Barbatella Non Ã¨ Monferrato Bianco";"2016";"419";"0.75";"558.67";"White wine";"Glass";"14";"3.9904761"
"Vinmonopolet";"10514501";"Le Guaite di Noemi Tisbe Rosso Veronese 2013";"Le Guaite di Noemi Tisbe Rosso Veronese";"2013";"676.8";"0.75";"902.4";"RÃ¸dvin";"Glass";"17";"5.308235"
"Vinmonopolet";"10514601";"Le Guaite di Noemi Solitario 2011";"Le Guaite di Noemi Solitario";"2011";"959.1";"0.75";"1278.8";"RÃ¸dvin";"Glass";"17";"7.5223527"
"Vinmonopolet";"10514705";"Le Guaite di Noemi Tano Rosso Veronese 2012";"Le Guaite di Noemi Tano Rosso Veronese";"2012";"458.2";"1.5";"305.47";"RÃ¸dvin";"Glass";"13.5";"2.262716"
"Vinmonopolet";"10515201";"Apothic Inferno Whisky Barrel Finish";"Apothic Inferno Whisky Barrel Finish";"2017";"194.9";"0.75";"259.87";"RÃ¸dvin";"Glass";"16";"1.6241666"
"Vinmonopolet";"10515301";"952 Langhe Nebbiolo";"952 Langhe Nebbiolo";"2016";"179.9";"0.75";"239.87";"RÃ¸dvin";"Glass";"14";"1.7133332"
"Vinmonopolet";"10515401";"Vinetti de Fiorini Maremma Toscana";"Vinetti de Fiorini Maremma Toscana";"2018";"128.2";"0.75";"170.93";"RÃ¸dvin";"Glass";"13";"1.3148718"
"Vinmonopolet";"10516202";"Cervisiam Bhuthurt Barrel Aged Imperial Stout";"Cervisiam Bhuthurt Barrel Aged Imperial Stout";"0";"164.9";"0.33";"499.7";"Porter and stout";"Glass";"14";"3.5692637"
"Vinmonopolet";"10516302";"XO Ginger Beer";"XO Ginger Beer";"0";"58.9";"0.33";"178.49";"Fruit wine";"Glass";"5.3";"3.3676386"
"Vinmonopolet";"10516402";"Cigar City Invasion Tropical Pale Ale";"Cigar City Invasion Tropical Pale Ale";"0";"49.9";"0.35";"140.56";"Pale ale";"Metall";"5";"2.8514287"
"Vinmonopolet";"10516502";"Cigar City Jai Alai IPA";"Cigar City Jai Alai IPA";"0";"59.9";"0.35";"168.73";"India pale ale";"Metall";"7.5";"2.281905"
"Vinmonopolet";"10516701";"Nudo Chianti Superiore 2017";"Nudo Chianti Superiore";"2017";"246";"0.75";"328";"RÃ¸dvin";"Glass";"14";"2.3428571"
"Vinmonopolet";"10517301";"Ancho Reyes Verde";"Ancho Reyes Verde";"0";"670";"0.7";"957.14";"LikÃ¸r";"Glass";"40";"2.392857"
"Vinmonopolet";"10517401";"Yuzugin Gin";"Yuzugin Gin";"0";"699.9";"0.7";"999.86";"Gin";"Glass";"47.3";"2.113863"
"Vinmonopolet";"10517501";"Boffa Barbaresco PajÃ¨ 2016";"Boffa Barbaresco PajÃ¨";"2016";"478.5";"0.75";"638";"RÃ¸dvin";"Glass";"14";"4.5571427"
"Vinmonopolet";"10517605";"Boffa Langhe Nebbiolo 2017";"Boffa Langhe Nebbiolo";"2017";"639.3";"1.5";"426.2";"RÃ¸dvin";"Glass";"14";"3.0442858"
"Vinmonopolet";"10517701";"Boffa Langhe Nebbiolo 2017";"Boffa Langhe Nebbiolo";"2017";"320.7";"0.75";"427.6";"RÃ¸dvin";"Glass";"14";"3.0542858"
"Vinmonopolet";"10517801";"Hinata Gin";"Hinata Gin";"0";"699.9";"0.7";"999.86";"Gin";"Glass";"47.3";"2.113863"
"Vinmonopolet";"10518002";"MÃ¼ller-Catoir Herzog Rieslaner Trockenbeerenauslese Erste Lage 2018";"MÃ¼ller-Catoir Herzog Rieslaner Trockenbeerenauslese Erste Lage";"2018";"799.7";"0.38";"2132.53";"White wine";"Glass";"6";"35.074562"
"Vinmonopolet";"10518102";"MÃ¼ller-Catoir Herzog Rieslaner Auslese Erste Lage 2018";"MÃ¼ller-Catoir Herzog Rieslaner Auslese Erste Lage";"2018";"279.7";"0.38";"745.87";"White wine";"Glass";"10";"7.3605266"
"Vinmonopolet";"10518202";"MÃ¼ller-Catoir Herzog Rieslaner Beerenauslese Erste Lage 2018";"MÃ¼ller-Catoir Herzog Rieslaner Beerenauslese Erste Lage";"2018";"499.7";"0.38";"1332.53";"White wine";"Glass";"7.5";"17.533335"
"Vinmonopolet";"10518301";"Schwedhelm Kreuzberg Riesling 2018";"Schwedhelm Kreuzberg Riesling";"2018";"239.7";"0.75";"319.6";"White wine";"Glass";"12.5";"2.5568"
"Vinmonopolet";"10518406";"Ten. S. Lucia Baccareto Sangiovese 2017";"Ten. S. Lucia Baccareto Sangiovese";"2017";"509.9";"3";"169.97";"RÃ¸dvin";"Bag-in-box";"12";"1.4163889"
"Vinmonopolet";"10518901";"Patrick Sullivan Jumpin Juice Sunset";"Patrick Sullivan Jumpin Juice Sunset";"0";"329.9";"0.75";"439.87";"RÃ¸dvin";"Glass";"12.8";"3.436458"
"Vinmonopolet";"10519001";"Patrick Sullivan Jumpin Juice Gee Dub";"Patrick Sullivan Jumpin Juice Gee Dub";"0";"329.9";"0.75";"439.87";"White wine";"Glass";"12";"3.6655555"
"Vinmonopolet";"10519105";"Ismael Gozalo Microbio White";"Ismael Gozalo Microbio White";"2017";"649.9";"1.5";"433.27";"White wine";"Glass";"13.5";"3.2093828"
"Vinmonopolet";"10519401";"Dom. de Chevalier Grand Cru ClassÃ© de Graves 2015";"Dom. de Chevalier Grand Cru ClassÃ© de Graves";"2015";"959.9";"0.75";"1279.87";"White wine";"Glass";"13.5";"9.4804945"
"Vinmonopolet";"10520902";"Baladin Super Bitter";"Baladin Super Bitter";"0";"61.9";"0.33";"187.58";"Trappist";"Glass";"8";"2.344697"
"Vinmonopolet";"10521002";"Baladin Nora";"Baladin Nora";"0";"57.9";"0.33";"175.45";"Special";"Glass";"6.8";"2.5802138"
"Vinmonopolet";"10521102";"Baladin Wayan";"Baladin Wayan";"0";"54.9";"0.33";"166.36";"Saison farmhouse ale";"Glass";"5.8";"2.8683383"
"Vinmonopolet";"10521801";"Lambrate Choco Cherry Imperial Stout Red Wine";"Lambrate Choco Cherry Imperial Stout Red Wine";"0";"199.2";"0.66";"301.82";"Porter and stout";"Glass";"10.5";"2.8744588"
"Vinmonopolet";"10522001";"Hacienda El Ternero Blanco";"Hacienda El Ternero Blanco";"2016";"199.9";"0.75";"266.53";"White wine";"Glass";"12.5";"2.1322665"
"Vinmonopolet";"10523002";"Lervig Passion Tang Sour Ale";"Lervig Passion Tang Sour Ale";"0";"69.9";"0.33";"205.76";"SurÃ¸l";"Emballasje med pant";"7";"3.025974"
"Vinmonopolet";"10525101";"Marcoux Chateauneuf-du-Pape 2015";"Marcoux Chateauneuf-du-Pape";"2015";"499.9";"0.75";"666.53";"RÃ¸dvin";"Glass";"14.5";"4.5967817"
"Vinmonopolet";"10529002";"Bitter Truth E**X**R Amaro";"Bitter Truth E**X**R Amaro";"0";"354.9";"0.5";"709.8";"LikÃ¸r";"Glass";"30";"2.366"
"Vinmonopolet";"10529102";"Bitter Truth Bogart's Bitters";"Bitter Truth Bogart's Bitters";"0";"478.6";"0.35";"1367.43";"Bitter	";"Glass";"42.1";"3.248049"
"Vinmonopolet";"10529301";"Krug Gumpoldskirchen CuvÃ©e Gustav 2013";"Krug Gumpoldskirchen CuvÃ©e Gustav";"2013";"194";"0.75";"258.67";"RÃ¸dvin";"Glass";"12.5";"2.0693333"
"Vinmonopolet";"10529401";"Krug Gumpoldskirchen Die Versuchung 2015";"Krug Gumpoldskirchen Die Versuchung";"2015";"283.5";"0.75";"378";"RÃ¸dvin";"Glass";"14.5";"2.6068966"
"Vinmonopolet";"10529501";"Krug Gumpoldskirchen Ried Rasslerin 2016";"Krug Gumpoldskirchen Ried Rasslerin";"2016";"209.9";"0.75";"279.87";"White wine";"Glass";"13.5";"2.0730863"
"Vinmonopolet";"10529601";"Krug Gumpoldskirchen Privat 2012";"Krug Gumpoldskirchen Privat";"2012";"352.5";"0.75";"470";"RÃ¸dvin";"Glass";"13.5";"3.4814816"
"Vinmonopolet";"10529701";"Krug Gumpoldskirchen Die Versuchung 2016";"Krug Gumpoldskirchen Die Versuchung";"2016";"283.9";"0.75";"378.53";"White wine";"Glass";"13.5";"2.8039505"
"Vinmonopolet";"10529801";"Krug Gumpoldskirchen Gemischter Satz no1 2016";"Krug Gumpoldskirchen Gemischter Satz no1";"2016";"200.6";"0.75";"267.47";"White wine";"Glass";"12.5";"2.1397333"
"Vinmonopolet";"10529901";"Krug Gumpoldskirchen GrÃ¼ner Veltliner 2016";"Krug Gumpoldskirchen GrÃ¼ner Veltliner";"2016";"209.9";"0.75";"279.87";"White wine";"Glass";"13.5";"2.0730863"
"Vinmonopolet";"10530005";"Barolo Cerretta 2014";"Barolo Cerretta";"2014";"4529.9";"1.5";"3019.93";"RÃ¸dvin";"Glass";"15";"20.132889"
"Vinmonopolet";"10530105";"La Fraisiere CuvÃ©e Prestige";"La Fraisiere CuvÃ©e Prestige";"2016";"709.9";"1.5";"473.27";"RÃ¸dvin";"Glass";"13";"3.640513"
"Vinmonopolet";"10531001";"Krug Gumpoldskirchen Frizzante";"Krug Gumpoldskirchen Frizzante";"0";"210.6";"0.75";"280.8";"Perlende vin, rosÃ©";"Glass";"12";"2.3400002"
"Vinmonopolet";"10531601";"Arzio Merlot Cabernet Riserva 2015";"Arzio Merlot Cabernet Riserva";"2015";"644.9";"0.75";"859.87";"RÃ¸dvin";"Glass";"14";"6.141905"
"Vinmonopolet";"10531701";"Leitz Broll Riesling 2016";"Leitz Broll Riesling";"2016";"229.9";"0.75";"306.53";"White wine";"Glass";"12";"2.5544443"
"Vinmonopolet";"10531801";"Girardin Meursault 1er Cru Les PerriÃ¨res 2015";"Girardin Meursault 1er Cru Les PerriÃ¨res";"2015";"988.1";"0.75";"1317.47";"White wine";"Glass";"13.5";"9.759012"
"Vinmonopolet";"10532001";"Cadenhead Glenrothes 21 YO";"Cadenhead Glenrothes 21 YO";"0";"1395";"0.7";"1992.86";"Whisky";"Glass";"50.9";"3.9152398"
"Vinmonopolet";"10532101";"Cadenhead Strathclyde 28 YO Single Grain";"Cadenhead Strathclyde 28 YO Single Grain";"0";"1845.1";"0.7";"2635.86";"Whisky";"Glass";"46";"5.7301245"
"Vinmonopolet";"10532302";"Lustau Almacenista Amontillado del Castillo";"Lustau Almacenista Amontillado del Castillo";"0";"318.9";"0.5";"637.8";"Sherry";"Glass";"21.5";"2.9665115"
"Vinmonopolet";"10532401";"Baron di Pauli Dynamis";"Baron di Pauli Dynamis";"2016";"467.5";"0.75";"623.33";"White wine";"Glass";"11.5";"5.42029"
"Vinmonopolet";"10532501";"Dr. Wehrheim Weisser Burgunder BuntstÃ¼ck 2017";"Dr. Wehrheim Weisser Burgunder BuntstÃ¼ck";"2017";"174.5";"0.75";"232.67";"White wine";"Glass";"12.5";"1.8613334"
"Vinmonopolet";"10532601";"Markus Molitor Haus Klosterberg Pinot Noir RosÃ© Sekt Extra-dry";"Markus Molitor Haus Klosterberg Pinot Noir RosÃ© Sekt Extra-dry";"0";"219.8";"0.75";"293.07";"Musserende vin, rosÃ©";"Glass";"12";"2.4422224"
"Vinmonopolet";"10532701";"Dr. Wehrheim SpÃ¤tburgunder Trocken 2016";"Dr. Wehrheim SpÃ¤tburgunder Trocken";"2016";"189.9";"0.75";"253.2";"RÃ¸dvin";"Glass";"12.5";"2.0256"
"Vinmonopolet";"10532801";"Against The Grain Brett The Hipman Hop Pale Ale Finished With Brettanomyces";"Against The Grain Brett The Hipman Hop Pale Ale Finished With Brettanomyces";"0";"199.9";"0.75";"266.53";"SurÃ¸l";"Glass";"8";"3.3316665"
"Vinmonopolet";"10532901";"Dr. Wehrheim Birkweiler Weisser Burgunder Muschelkalk Trocken 2017";"Dr. Wehrheim Birkweiler Weisser Burgunder Muschelkalk Trocken";"2017";"235";"0.75";"313.33";"White wine";"Glass";"13";"2.4102564"
"Vinmonopolet";"10533001";"Dr. Wehrheim Siebeldingen SpÃ¤tburgunder Trocken 2015";"Dr. Wehrheim Siebeldingen SpÃ¤tburgunder Trocken";"2015";"269.8";"0.75";"359.73";"RÃ¸dvin";"Glass";"13";"2.7671793"
"Vinmonopolet";"10533101";"Dr. Wehrheim Kastanienbusch KÃ¶ppel SpÃ¤tburgunder Trocken GG 2015";"Dr. Wehrheim Kastanienbusch KÃ¶ppel SpÃ¤tburgunder Trocken GG";"2015";"409.9";"0.75";"546.53";"RÃ¸dvin";"Glass";"13";"4.2041025"
"Vinmonopolet";"10533201";"KÃ¼hling-Gillot Oppenheim Kreuz SpÃ¤tburgunder 2015";"KÃ¼hling-Gillot Oppenheim Kreuz SpÃ¤tburgunder";"2015";"414.9";"0.75";"553.2";"RÃ¸dvin";"Glass";"13.5";"4.097778"
"Vinmonopolet";"10533301";"Battenfeld-Spanier Holzfass SpÃ¤tburgunder 2016";"Battenfeld-Spanier Holzfass SpÃ¤tburgunder";"2016";"214.9";"0.75";"286.53";"RÃ¸dvin";"Glass";"13";"2.2041025"
"Vinmonopolet";"10533401";"Nicolas Feuillatte Graphic Ice RosÃ©";"Nicolas Feuillatte Graphic Ice RosÃ©";"0";"518.9";"0.75";"691.87";"Champagne, rosÃ©";"Glass";"12";"5.765556"
"Vinmonopolet";"10533501";"Nicolas Feuillatte Graphic Ice Silver";"Nicolas Feuillatte Graphic Ice Silver";"0";"508.9";"0.75";"678.53";"Champagne, other";"Glass";"12";"5.654444"
"Vinmonopolet";"10533601";"Reyneke Organic Chenin Blanc";"Reyneke Organic Chenin Blanc";"2019";"204.9";"0.75";"273.2";"White wine";"Glass";"13";"2.1015384"
"Vinmonopolet";"10533701";"FÃ¦rder Fyr Sangiovese";"FÃ¦rder Fyr Sangiovese";"2017";"159";"0.75";"212";"RÃ¸dvin";"Glass";"13.5";"1.5703703"
"Vinmonopolet";"10533801";"Verdens Ende Trebbiano";"Verdens Ende Trebbiano";"2017";"159";"0.75";"212";"White wine";"Glass";"12";"1.7666667"
"Vinmonopolet";"10534103";"Tempt Shots Sur Melon";"Tempt Shots Sur Melon";"0";"24";"0.02";"1200";"LikÃ¸r";"Plast";"16.4";"7.3170733"
"Vinmonopolet";"10534205";"Dom. Bruno Clair Savigny-les-Beaune La Dominode Premier Cru";"Dom. Bruno Clair Savigny-les-Beaune La Dominode Premier Cru";"2014";"1489.9";"1.5";"993.27";"RÃ¸dvin";"Glass";"13";"7.640513"
"Vinmonopolet";"10534401";"Blandy's Verdelho Vintage 1979";"Blandy's Verdelho Vintage";"1979";"1999";"0.75";"2665.33";"Madeira";"Glass";"21";"12.692063"
"Vinmonopolet";"10534505";"Blandy's Sercial Vintage 1975";"Blandy's Sercial Vintage";"1975";"4250";"1.5";"2833.33";"Madeira";"Glass";"20";"14.166667"
"Vinmonopolet";"10534605";"Cossart Gordon Bual Vintage 1962";"Cossart Gordon Bual Vintage";"1962";"6600";"1.5";"4400";"Madeira";"Glass";"20";"22"
"Vinmonopolet";"10534801";"Conde del Real Agrado";"Conde del Real Agrado";"2012";"216.2";"0.75";"288.27";"RÃ¸dvin";"Glass";"14.5";"1.9880459"
"Vinmonopolet";"10534901";"VA! MaceraciÃ³n CarbÃ³nica";"VA! MaceraciÃ³n CarbÃ³nica";"2017";"213.9";"0.75";"285.2";"RÃ¸dvin";"Glass";"14";"2.0371428"
"Vinmonopolet";"10535801";"Punset Barbaresco Campo Quadro 2012";"Punset Barbaresco Campo Quadro";"2012";"519";"0.75";"692";"RÃ¸dvin";"Glass";"14";"4.9428573"
"Vinmonopolet";"10535901";"Kruger-Rumpf SpÃ¤tburgunder Trocken 2019";"Kruger-Rumpf SpÃ¤tburgunder Trocken";"2019";"199.9";"0.75";"266.53";"RÃ¸dvin";"Glass";"12.5";"2.1322665"
"Vinmonopolet";"10536001";"Kruger-Rumpf Im Pitterberg Riesling Kabinett 2018";"Kruger-Rumpf Im Pitterberg Riesling Kabinett";"2018";"209.9";"0.75";"279.87";"White wine";"Glass";"9";"3.1096296"
"Vinmonopolet";"10536101";"Kruger-Rumpf Burgberg Riesling GG 2017";"Kruger-Rumpf Burgberg Riesling GG";"2017";"369.9";"0.75";"493.2";"White wine";"Glass";"13";"3.7938461"
"Vinmonopolet";"10536501";"Punset Barbaresco Basarin Riserva";"Punset Barbaresco Basarin Riserva";"2012";"429";"0.75";"572";"RÃ¸dvin";"Glass";"14";"4.0857143"
"Vinmonopolet";"10538305";"Ch. Couronneau Bordeaux SupÃ©rieur 2015";"Ch. Couronneau Bordeaux SupÃ©rieur";"2015";"399.9";"1.5";"266.6";"RÃ¸dvin";"Glass";"14";"1.9042857"
"Vinmonopolet";"10539501";"Dom. Denis Mortet Mes Cinq Terroirs Gevrey-Chambertin 2017";"Dom. Denis Mortet Mes Cinq Terroirs Gevrey-Chambertin";"2017";"869.9";"0.75";"1159.87";"RÃ¸dvin";"Glass";"13";"8.922051"
"Vinmonopolet";"10539801";"Louis Remy Meursault-Charmes 1er Cru 2013";"Louis Remy Meursault-Charmes 1er Cru";"2013";"919.9";"0.75";"1226.53";"White wine";"Glass";"13.5";"9.085432"
"Vinmonopolet";"10540001";"Louis Remy Gevrey-Chambertin Les SeuvrÃ©es 2014";"Louis Remy Gevrey-Chambertin Les SeuvrÃ©es";"2014";"719.9";"0.75";"959.87";"RÃ¸dvin";"Glass";"13.5";"7.1101236"
"Vinmonopolet";"10540101";"Louis Remy Meursault-Charmes 1er Cru 2012";"Louis Remy Meursault-Charmes 1er Cru";"2012";"919.9";"0.75";"1226.53";"White wine";"Glass";"13.5";"9.085432"
"Vinmonopolet";"10540201";"Chantal Remy Clos des Rosiers Monopole 2014";"Chantal Remy Clos des Rosiers Monopole";"2014";"999.9";"0.75";"1333.2";"RÃ¸dvin";"Glass";"12.5";"10.6656"
"Vinmonopolet";"10540301";"Louis Remy Les SeuvrÃ©es Gevrey-Chambertin 2015";"Louis Remy Les SeuvrÃ©es Gevrey-Chambertin";"2015";"919.9";"0.75";"1226.53";"RÃ¸dvin";"Glass";"12.5";"9.812267"
"Vinmonopolet";"10540401";"Louis Remy Morey-St-Denis 1er Cru Clos des Ormes 2012";"Louis Remy Morey-St-Denis 1er Cru Clos des Ormes";"2012";"1129.9";"0.75";"1506.53";"RÃ¸dvin";"Glass";"13";"11.588718"
"Vinmonopolet";"10540501";"Eleva Fralibri Valpolicella Classico";"Eleva Fralibri Valpolicella Classico";"2018";"169";"0.75";"225.33";"RÃ¸dvin";"Glass";"12.5";"1.8026667"
"Vinmonopolet";"10540601";"Eleva Tenzone Valpolicella Ripasso 2015";"Eleva Tenzone Valpolicella Ripasso";"2015";"239.5";"0.75";"319.33";"RÃ¸dvin";"Glass";"14";"2.2809525"
"Vinmonopolet";"10540701";"Ca' del Baio Autinbej Barbaresco 2017";"Ca' del Baio Autinbej Barbaresco";"2017";"279.9";"0.75";"373.2";"RÃ¸dvin";"Glass";"14.5";"2.573793"
"Vinmonopolet";"10540801";"Les ChÃªnes de Bouscaut 2014";"Les ChÃªnes de Bouscaut";"2014";"316";"0.75";"421.33";"RÃ¸dvin";"Glass";"13.5";"3.1209877"
"Vinmonopolet";"10540905";"Ch. de BÃ©ru Clos BÃ©ru Monopole 2015";"Ch. de BÃ©ru Clos BÃ©ru Monopole";"2015";"1350";"1.5";"900";"White wine";"Glass";"12.5";"7.2"
"Vinmonopolet";"10541907";"Cristian Senez Brut Millesime 1995";"Cristian Senez Brut Millesime";"1995";"2999.5";"3";"999.83";"Champagne extra brut";"Glass";"12";"8.331944"
"Vinmonopolet";"10542005";"Moutardier CuvÃ©e RosÃ© Brut";"Moutardier CuvÃ©e RosÃ© Brut";"0";"799.8";"1.5";"533.2";"Champagne, rosÃ©";"Glass";"12";"4.443333"
"Vinmonopolet";"10542801";"Clos des Papes Chateauneuf-du-Pape 2016";"Clos des Papes Chateauneuf-du-Pape";"2016";"849.9";"0.75";"1133.2";"RÃ¸dvin";"Glass";"15.5";"7.310968"
"Vinmonopolet";"10544601";"Bellaria Taurasi 2012";"Bellaria Taurasi";"2012";"396.9";"0.75";"529.2";"RÃ¸dvin";"Glass";"14";"3.78"
"Vinmonopolet";"10544701";"Bellaria Campania Aglianico 2015";"Bellaria Campania Aglianico";"2015";"244.5";"0.75";"326";"RÃ¸dvin";"Glass";"14";"2.3285713"
"Vinmonopolet";"10544801";"Bellaria Oltre Greco di Tufo";"Bellaria Oltre Greco di Tufo";"2015";"245";"0.75";"326.67";"White wine";"Glass";"13";"2.5128205"
"Vinmonopolet";"10544901";"Pfaffl Weinviertel Zeisen GrÃ¼ner Veltliner 2019";"Pfaffl Weinviertel Zeisen GrÃ¼ner Veltliner";"2019";"156.4";"0.75";"208.53";"White wine";"Glass";"12.5";"1.6682667"
"Vinmonopolet";"10545001";"Pfaffl Burggarten Zweigelt Reserve 2015";"Pfaffl Burggarten Zweigelt Reserve";"2015";"320.9";"0.75";"427.87";"RÃ¸dvin";"Glass";"13.5";"3.1693826"
"Vinmonopolet";"10545101";"Pfaffl Hommage Weinviertel GrÃ¼ner Veltliner Reserve 2016";"Pfaffl Hommage Weinviertel GrÃ¼ner Veltliner Reserve";"2016";"467.6";"0.75";"623.47";"White wine";"Glass";"14";"4.4533334"
"Vinmonopolet";"10545201";"Pfaffl Zweigelt Sandstein 2017";"Pfaffl Zweigelt Sandstein";"2017";"169.9";"0.75";"226.53";"RÃ¸dvin";"Glass";"13.5";"1.6780246"
"Vinmonopolet";"10546001";"Quinta de ArcossÃ³ 2012";"Quinta de ArcossÃ³";"2012";"234";"0.75";"312";"RÃ¸dvin";"Glass";"13.5";"2.3111112"
"Vinmonopolet";"10546101";"Quinta de ArcossÃ³ Reserva 2011";"Quinta de ArcossÃ³ Reserva";"2011";"274";"0.75";"365.33";"RÃ¸dvin";"Glass";"14.5";"2.5195403"
"Vinmonopolet";"10546301";"Quinta de ArcossÃ³ Reserva Branco 2016";"Quinta de ArcossÃ³ Reserva Branco";"2016";"269";"0.75";"358.67";"White wine";"Glass";"13.5";"2.65679"
"Vinmonopolet";"10546401";"Arnot-Roberts Sonoma Coast Syrah 2018";"Arnot-Roberts Sonoma Coast Syrah";"2018";"489";"0.75";"652";"RÃ¸dvin";"Glass";"12";"5.4333334"
"Vinmonopolet";"10547401";"Mas Onesime Faugeres Sillon 2017";"Mas Onesime Faugeres Sillon";"2017";"235";"0.75";"313.33";"RÃ¸dvin";"Glass";"14.5";"2.1609194"
"Vinmonopolet";"10547601";"Mas OnÃ©sime FaugÃ¨res Chardonnay 2017";"Mas OnÃ©sime FaugÃ¨res Chardonnay";"2017";"169.6";"0.75";"226.13";"White wine";"Glass";"13.5";"1.6750618"
"Vinmonopolet";"10548901";"Kozak Classic";"Kozak Classic";"0";"332.5";"0.7";"475";"Vodka";"Glass";"37.5";"1.2666667"
"Vinmonopolet";"10549301";"Dom. Louis Remy Morey-St-Denis 1er Cru Clos des Ormes 2015";"Dom. Louis Remy Morey-St-Denis 1er Cru Clos des Ormes";"2015";"1159.9";"0.75";"1546.53";"RÃ¸dvin";"Glass";"13";"11.896411"
"Vinmonopolet";"10549401";"Dom. Louis Remy Morey-St-Denis 1er Cru Clos des Ormes 2014";"Dom. Louis Remy Morey-St-Denis 1er Cru Clos des Ormes";"2014";"969.9";"0.75";"1293.2";"RÃ¸dvin";"Glass";"13";"9.947693"
"Vinmonopolet";"10549701";"Dom. Louis Remy Morey-St-Denis 1er Cru Clos des Ormes 2011";"Dom. Louis Remy Morey-St-Denis 1er Cru Clos des Ormes";"2011";"969.9";"0.75";"1293.2";"RÃ¸dvin";"Glass";"13";"9.947693"
"Vinmonopolet";"10551701";"Bauser Ratafia de la Champagne";"Bauser Ratafia de la Champagne";"0";"282.5";"0.7";"403.57";"LikÃ¸r";"Glass";"18";"2.2420635"
"Vinmonopolet";"10551801";"Pizzolato Metodo Classico";"Pizzolato Metodo Classico";"0";"179.6";"0.75";"239.47";"Sparkling wine";"Glass";"12";"1.9955556"
"Vinmonopolet";"10552201";"Louis Remy Chambertin Grand Cru 2008";"Louis Remy Chambertin Grand Cru";"2008";"2489.9";"0.75";"3319.87";"RÃ¸dvin";"Glass";"13";"25.537436"
"Vinmonopolet";"10552301";"Louis Remy Chambertin Grand Cru 2003";"Louis Remy Chambertin Grand Cru";"2003";"2589.9";"0.75";"3453.2";"RÃ¸dvin";"Glass";"13";"26.563076"
"Vinmonopolet";"10552401";"A.A. Badenhorst Geelkapel Muscat de Frontignan 2017";"A.A. Badenhorst Geelkapel Muscat de Frontignan";"2017";"429.9";"0.75";"573.2";"White wine";"Glass";"13.5";"4.245926"
"Vinmonopolet";"10552501";"A.A. Badenhorst Sk'windjiesvlei Tinta Barocca 2018";"A.A. Badenhorst Sk'windjiesvlei Tinta Barocca";"2018";"429.9";"0.75";"573.2";"RÃ¸dvin";"Glass";"13.5";"4.245926"
"Vinmonopolet";"10552901";"Ten. Monteti RosÃ© 2018";"Ten. Monteti RosÃ©";"2018";"249.2";"0.75";"332.27";"RosÃ©vin";"Glass";"12.5";"2.6581333"
"Vinmonopolet";"10553501";"Bousquet Malbec Merlot 2019";"Bousquet Malbec Merlot";"2019";"124.9";"0.75";"166.53";"RÃ¸dvin";"Glass";"13";"1.2810256"
"Vinmonopolet";"10553506";"Bousquet Malbec Merlot 2019";"Bousquet Malbec Merlot";"2019";"399.9";"3";"133.3";"RÃ¸dvin";"Bag-in-box";"13";"1.0253845"
"Vinmonopolet";"10557401";"Chantal Remy LatriciÃ¨res-Chambertin Grand Cru 2012";"Chantal Remy LatriciÃ¨res-Chambertin Grand Cru";"2012";"2259.9";"0.75";"3013.2";"RÃ¸dvin";"Glass";"13";"23.178461"
"Vinmonopolet";"10557501";"Chantal Remy LatriciÃ¨res-Chambertin Grand Cru 2010";"Chantal Remy LatriciÃ¨res-Chambertin Grand Cru";"2010";"2259.9";"0.75";"3013.2";"RÃ¸dvin";"Glass";"13";"23.178461"
"Vinmonopolet";"10557601";"Chantal Remy LatriciÃ¨res-Chambertin Grand Cru 2013";"Chantal Remy LatriciÃ¨res-Chambertin Grand Cru";"2013";"2069.9";"0.75";"2759.87";"RÃ¸dvin";"Glass";"13";"21.229742"
"Vinmonopolet";"10557701";"Chantal Remy LatriciÃ¨res-Chambertin Grand Cru 2014";"Chantal Remy LatriciÃ¨res-Chambertin Grand Cru";"2014";"2069.9";"0.75";"2759.87";"RÃ¸dvin";"Glass";"13";"21.229742"
"Vinmonopolet";"10557801";"Chantal Remy Chambertin Grand Cru 2014";"Chantal Remy Chambertin Grand Cru";"2014";"2579.9";"0.75";"3439.87";"RÃ¸dvin";"Glass";"13";"26.460512"
"Vinmonopolet";"10557901";"Chantal Remy LatriciÃ¨res-Chambertin Grand Cru 2009";"Chantal Remy LatriciÃ¨res-Chambertin Grand Cru";"2009";"2069.9";"0.75";"2759.87";"RÃ¸dvin";"Glass";"13";"21.229742"
"Vinmonopolet";"10558001";"Chantal Remy Clos de la Roche Grand Cru 2015";"Chantal Remy Clos de la Roche Grand Cru";"2015";"2159.9";"0.75";"2879.87";"RÃ¸dvin";"Glass";"13";"22.152819"
"Vinmonopolet";"10558101";"Chantal Remy Clos des Rosiers Monopole 2011";"Chantal Remy Clos des Rosiers Monopole";"2011";"1099.9";"0.75";"1466.53";"RÃ¸dvin";"Glass";"12.5";"11.732267"
"Vinmonopolet";"10558201";"Chantal Remy Clos des Rosiers Monopole 2012";"Chantal Remy Clos des Rosiers Monopole";"2012";"1199.9";"0.75";"1599.87";"RÃ¸dvin";"Glass";"12.5";"12.798934"
"Vinmonopolet";"10558301";"Chantal Remy Clos de la Roche Grand Cru 2009";"Chantal Remy Clos de la Roche Grand Cru";"2009";"1919.9";"0.75";"2559.87";"RÃ¸dvin";"Glass";"13";"19.691282"
"Vinmonopolet";"10558401";"Chantal Remy Clos de la Roche Grand Cru 2010";"Chantal Remy Clos de la Roche Grand Cru";"2010";"2069.9";"0.75";"2759.87";"RÃ¸dvin";"Glass";"13";"21.229742"
"Vinmonopolet";"10558501";"Chantal Remy Clos de la Roche Grand Cru 2013";"Chantal Remy Clos de la Roche Grand Cru";"2013";"1919.9";"0.75";"2559.87";"RÃ¸dvin";"Glass";"13";"19.691282"
"Vinmonopolet";"10558601";"A.D. Coutelas Origin' Extra Dry Gold";"A.D. Coutelas Origin' Extra Dry Gold";"0";"395";"0.75";"526.67";"Champagne, other";"Glass";"12";"4.388889"
"Vinmonopolet";"10558701";"JH Meyer Pinot Noir";"JH Meyer Pinot Noir";"2019";"269.9";"0.75";"359.87";"RÃ¸dvin";"Glass";"12";"2.9988887"
"Vinmonopolet";"10558802";"Duorum Vinha de Castelo Melhor Vintage Port 2010";"Duorum Vinha de Castelo Melhor Vintage Port";"2010";"309.4";"0.38";"825.07";"Port wine";"Glass";"20";"4.0710526"
"Vinmonopolet";"10559801";"Enter Sake Silver Junmai Ginjo";"Enter Sake Silver Junmai Ginjo";"0";"399.9";"0.72";"555.42";"Sake";"Glass";"14.5";"3.8304596"
"Vinmonopolet";"10559901";"Enter Sake Black Dot Honjozo";"Enter Sake Black Dot Honjozo";"0";"329.9";"0.72";"458.19";"Sake";"Glass";"14.5";"3.1599615"
"Vinmonopolet";"10560001";"Enter Sake Gold Junmai Daiginjo";"Enter Sake Gold Junmai Daiginjo";"0";"499.9";"0.72";"694.31";"Sake";"Glass";"14.5";"4.788314"
"Vinmonopolet";"10560501";"Birkedal Hartmann SunnmÃ¸re Cognac VSOP";"Birkedal Hartmann SunnmÃ¸re Cognac VSOP";"0";"720";"1";"720";"Grape spirit";"Glass";"40";"1.8"
"Vinmonopolet";"10560601";"San Cassiano Soave Cuvee Monsen";"San Cassiano Soave Cuvee Monsen";"0";"179.3";"0.75";"239.07";"White wine";"Glass";"13";"1.8389744"
"Vinmonopolet";"10560701";"Leva Chardonnay Muscat 2019";"Leva Chardonnay Muscat";"2019";"129.9";"0.75";"173.2";"White wine";"Glass";"13";"1.3323076"
"Vinmonopolet";"10561001";"A.A. Badenhorst Klip Kop Haut-Granitika Steen 2018";"A.A. Badenhorst Klip Kop Haut-Granitika Steen";"2018";"429.9";"0.75";"573.2";"White wine";"Glass";"13.5";"4.245926"
"Vinmonopolet";"10561101";"Meukow Nec Plus Ultra";"Meukow Nec Plus Ultra";"0";"41999.9";"0.7";"59999.86";"Grape spirit";"Glass";"41.3";"145.2781"
"Vinmonopolet";"10561201";"Meukow Esprit de Famille";"Meukow Esprit de Famille";"0";"4999.9";"0.7";"7142.71";"Grape spirit";"Glass";"40";"17.856785"
"Vinmonopolet";"10562201";"Regina Viarum Mencia 2017";"Regina Viarum Mencia";"2017";"174.9";"0.75";"233.2";"RÃ¸dvin";"Glass";"13.5";"1.7274073"
"Vinmonopolet";"10563701";"Dom. de L'Arlot Clos Des Forets St. Georges 2015";"Dom. de L'Arlot Clos Des Forets St. Georges";"2015";"999.9";"0.75";"1333.2";"RÃ¸dvin";"Glass";"13.5";"9.875556"
"Vinmonopolet";"10563801";"Dom. de l'Arlot Clos des Forets St Georges 2016";"Dom. de l'Arlot Clos des Forets St Georges";"2016";"999.9";"0.75";"1333.2";"RÃ¸dvin";"Glass";"13.5";"9.875556"
"Vinmonopolet";"10563901";"Dom. de l'Arlot CÃ´te de Nuits Villages Clos du Chapeau 2017";"Dom. de l'Arlot CÃ´te de Nuits Villages Clos du Chapeau";"2017";"464.8";"0.75";"619.73";"RÃ¸dvin";"Glass";"13";"4.7671795"
"Vinmonopolet";"10565502";"Ch. Loupiac-Gaudiet 2016";"Ch. Loupiac-Gaudiet";"2016";"159.9";"0.38";"426.4";"White wine";"Glass";"13";"3.236842"
"Vinmonopolet";"10565701";"Dom. du Pavillon Aloxe-Corton Premier Cru Clos des MarÃ©chaudes";"Dom. du Pavillon Aloxe-Corton Premier Cru Clos des MarÃ©chaudes";"2016";"699.9";"0.75";"933.2";"RÃ¸dvin";"Glass";"13.5";"6.912593"
"Vinmonopolet";"10565801";"Albert Bichot Fixin Premier Cru Clos de la PerriÃ¨re 2016";"Albert Bichot Fixin Premier Cru Clos de la PerriÃ¨re";"2016";"619.9";"0.75";"826.53";"RÃ¸dvin";"Glass";"13";"6.357949"
"Vinmonopolet";"10566001";"Reeve Tanbark Mill Pinot Noir 2016";"Reeve Tanbark Mill Pinot Noir";"2016";"549";"0.75";"732";"RÃ¸dvin";"Glass";"13.3";"5.5037594"
"Vinmonopolet";"10566107";"Unicum Zwack";"Unicum Zwack";"0";"2999.9";"5";"599.98";"Bitter	";"Glass";"40";"1.4999499"
"Vinmonopolet";"10566701";"Arielle Demets Natur'A 2017";"Arielle Demets Natur'A";"2017";"188.8";"0.75";"251.73";"RÃ¸dvin";"Glass";"13";"1.9364103"
"Vinmonopolet";"10566901";"Dumangin Premier Cru Le Vintage 2006";"Dumangin Premier Cru Le Vintage";"2006";"575";"0.75";"766.67";"Champagne extra brut";"Glass";"12";"6.388889"
"Vinmonopolet";"10567001";"Dumangin La CuvÃ©e 17 Brut";"Dumangin La CuvÃ©e 17 Brut";"0";"396";"0.75";"528";"Champagne, brut";"Glass";"12";"4.4"
"Vinmonopolet";"10567201";"Caroca Loureiro 2018";"Caroca Loureiro";"2018";"129.9";"0.75";"173.2";"White wine";"Glass";"12";"1.4433333"
"Vinmonopolet";"10568404";"Glenfarclas 12 YO";"Glenfarclas 12 YO";"0";"289.5";"0.2";"1447.5";"Whisky";"Glass";"43";"3.3662791"
"Vinmonopolet";"10568504";"Glenfarclas 15 YO";"Glenfarclas 15 YO";"0";"329.5";"0.2";"1647.5";"Whisky";"Glass";"46";"3.5815217"
"Vinmonopolet";"10568604";"Glenfarclas 10 YO";"Glenfarclas 10 YO";"0";"259.5";"0.2";"1297.5";"Whisky";"Glass";"40";"3.2437499"
"Vinmonopolet";"10568704";"Glenfarclas 105 Cask Strength";"Glenfarclas 105 Cask Strength";"0";"339.5";"0.2";"1697.5";"Whisky";"Glass";"60";"2.8291667"
"Vinmonopolet";"10568802";"CaÃ±a de Emperador Fair White Rum";"CaÃ±a de Emperador Fair White Rum";"0";"385";"0.5";"770";"Rum";"Glass";"40";"1.925"
"Vinmonopolet";"10568901";"Pessoa Summer Wine Loureiro 2017";"Pessoa Summer Wine Loureiro";"2017";"118.7";"0.75";"158.27";"White wine";"Glass";"12";"1.3188889"
"Vinmonopolet";"10569001";"Mosbacher SpÃ¤tburgunder 2017";"Mosbacher SpÃ¤tburgunder";"2017";"228";"0.75";"304";"RÃ¸dvin";"Glass";"13";"2.3384616"
"Vinmonopolet";"10569502";"Ch. Loupiac-Gaudiet 2016";"Ch. Loupiac-Gaudiet";"2016";"189.9";"0.5";"379.8";"White wine";"Glass";"13";"2.9215384"
"Vinmonopolet";"10569601";"Ch. Loupiac-Gaudiet 2016";"Ch. Loupiac-Gaudiet";"2016";"269.9";"0.75";"359.87";"White wine";"Glass";"13";"2.7682052"
"Vinmonopolet";"10570306";"Le Vigneron 2018";"Le Vigneron";"2018";"409.9";"3";"136.63";"RÃ¸dvin";"Bag-in-box";"13";"1.0510256"
"Vinmonopolet";"10570401";"Lethbridge Pinot Noir 2018";"Lethbridge Pinot Noir";"2018";"335";"0.75";"446.67";"RÃ¸dvin";"Glass";"13.5";"3.308642"
"Vinmonopolet";"10570501";"Le Stagiaire Pinot Noir 2017";"Le Stagiaire Pinot Noir";"2017";"249.9";"0.75";"333.2";"RÃ¸dvin";"Glass";"13.5";"2.468148"
"Vinmonopolet";"10570602";"Stolt Bryggeri RÃ¸yklagt";"Stolt Bryggeri RÃ¸yklagt";"0";"89.6";"0.44";"199.09";"Special";"Emballasje med pant";"7";"2.9090908"
"Vinmonopolet";"10570905";"Leroux Monthelie Les Duresses Blanc 2017";"Leroux Monthelie Les Duresses Blanc";"2017";"785";"1.5";"523.33";"White wine";"Glass";"12.5";"4.1866665"
"Vinmonopolet";"10571301";"No.1 Premium Vodka";"No.1 Premium Vodka";"0";"325.8";"0.7";"465.43";"Vodka";"Glass";"37.5";"1.2411429"
"Vinmonopolet";"10571601";"La Riojana Ecologica TorrontÃ©s Chardonnay 2019";"La Riojana Ecologica TorrontÃ©s Chardonnay";"2019";"129.9";"0.75";"173.2";"White wine";"Glass";"12.5";"1.3856"
"Vinmonopolet";"10571606";"La Riojana Ecologica TorrontÃ©s Chardonnay 2019";"La Riojana Ecologica TorrontÃ©s Chardonnay";"2019";"419.9";"3";"139.97";"White wine";"Bag-in-box";"12.5";"1.1197333"
"Vinmonopolet";"10571701";"Santa Julia Bueno Chardonnay 2018";"Santa Julia Bueno Chardonnay";"2018";"129.9";"0.75";"173.2";"White wine";"Glass";"14";"1.2371428"
"Vinmonopolet";"10571801";"Terra Andina RosÃ© Cinsault Reserva 2018";"Terra Andina RosÃ© Cinsault Reserva";"2018";"109.6";"0.75";"146.13";"RosÃ©vin";"Glass";"12.5";"1.1690667"
"Vinmonopolet";"10572001";"Aberlour Casg Annamh Single Malt";"Aberlour Casg Annamh Single Malt";"0";"775";"0.7";"1107.14";"Whisky";"Glass";"48";"2.3065476"
"Vinmonopolet";"10572101";"Casa de la Seda 2016";"Casa de la Seda";"2016";"299.9";"0.75";"399.87";"RÃ¸dvin";"Glass";"14.5";"2.7577012"
"Vinmonopolet";"10572201";"Audentia Reserva 2014";"Audentia Reserva";"2014";"169.9";"0.75";"226.53";"RÃ¸dvin";"Glass";"13.5";"1.6780246"
"Vinmonopolet";"10572301";"Squealing Pig Pinot Noir 2018";"Squealing Pig Pinot Noir";"2018";"164.9";"0.75";"219.87";"RÃ¸dvin";"Glass";"13";"1.691282"
"Vinmonopolet";"10572401";"Audentia Sauvignon Blanc Muscat";"Audentia Sauvignon Blanc Muscat";"2017";"154.9";"0.75";"206.53";"White wine";"Glass";"11.5";"1.795942"
"Vinmonopolet";"10572502";"Fandens Julekveld";"Fandens Julekveld";"0";"359";"0.5";"718";"Aquavit";"Glass";"40";"1.795"
"Vinmonopolet";"10574201";"Sorby Adams Jazz Pinot RosÃ© 2018";"Sorby Adams Jazz Pinot RosÃ©";"2018";"119.9";"0.75";"159.87";"RosÃ©vin";"Glass";"12";"1.3322222"
"Vinmonopolet";"10574402";"Fjordfolk Epiphany Barley Wine";"Fjordfolk Epiphany Barley Wine";"0";"179";"0.33";"542.42";"Barley wine	";"Metall";"12";"4.5202017"
"Vinmonopolet";"10574502";"Fjordfolk New Born King Whisky Barrel Heavy Imperial Stout";"Fjordfolk New Born King Whisky Barrel Heavy Imperial Stout";"0";"179";"0.33";"542.42";"Porter and stout";"Glass";"11.5";"4.7167325"
"Vinmonopolet";"10574602";"Fjordfolk Star of Bethlehem Imperial Russian Stout";"Fjordfolk Star of Bethlehem Imperial Russian Stout";"0";"179";"0.33";"542.42";"Porter and stout";"Metall";"9";"6.0269356"
"Vinmonopolet";"10576302";"Mikkeller San Diego Staff Magician";"Mikkeller San Diego Staff Magician";"0";"98.9";"0.47";"208.21";"Pale ale";"Metall";"5.5";"3.825919"
"Vinmonopolet";"10576401";"Ch. La Forchetiere Muscadet CÃ´tes de Grandlieu 2018";"Ch. La Forchetiere Muscadet CÃ´tes de Grandlieu";"2018";"139.9";"0.75";"186.53";"White wine";"Glass";"12";"1.5544444"
"Vinmonopolet";"10576501";"Undurraga Vigno 2015";"Undurraga Vigno";"2015";"265";"0.75";"353.33";"RÃ¸dvin";"Glass";"14.5";"2.4367816"
"Vinmonopolet";"10577301";"No.1 Pure Spirit Drink";"No.1 Pure Spirit Drink";"0";"217.6";"0.7";"310.86";"Brennevin, nÃ¸ytralt < 37,5 %";"Glass";"21.9";"1.4194391"
"Vinmonopolet";"10577401";"Brulandselva KornÃ¸l";"Brulandselva KornÃ¸l";"0";"129.3";"0.75";"172.4";"Saison farmhouse ale";"Glass";"7.5";"2.2986667"
"Vinmonopolet";"10577501";"Pacto Navio";"Pacto Navio";"0";"500";"0.7";"714.29";"Rum";"Glass";"40";"1.7857143"
"Vinmonopolet";"10579001";"Matthias Gaul Pinot Noir 2018";"Matthias Gaul Pinot Noir";"2018";"214";"0.75";"285.33";"RÃ¸dvin";"Glass";"12.5";"2.2826667"
"Vinmonopolet";"10580601";"Kentucky Jack Straight Bourbon Whiskey";"Kentucky Jack Straight Bourbon Whiskey";"0";"359.9";"0.7";"514.14";"Whisky";"Glass";"40";"1.2853571"
"Vinmonopolet";"10580701";"Frey-Solher CrÃ©mant d'Alsace Riesling";"Frey-Solher CrÃ©mant d'Alsace Riesling";"0";"195";"0.75";"260";"Sparkling wine";"Glass";"13";"2"
"Vinmonopolet";"10580902";"Dusty Gringo Imperial Brown Ale";"Dusty Gringo Imperial Brown Ale";"0";"68";"0.44";"150";"Brown ale";"Emballasje med pant";"6.8";"2.2727273"
"Vinmonopolet";"10583401";"4 Monos GR10 2016";"4 Monos GR10";"2016";"249";"0.75";"332";"RÃ¸dvin";"Glass";"13.5";"2.4592593"
"Vinmonopolet";"10583701";"Jean Fillioux La Pouyade";"Jean Fillioux La Pouyade";"0";"700";"0.7";"1000";"Grape spirit";"Glass";"42";"2.3809524"
"Vinmonopolet";"10584001";"Machrie Moor Cask Strength 3rd Edition";"Machrie Moor Cask Strength 3rd Edition";"0";"999.9";"0.7";"1428.43";"Whisky";"Glass";"58.5";"2.4417584"
"Vinmonopolet";"10584101";"Machrie Moor 7th Edition";"Machrie Moor 7th Edition";"0";"889.9";"0.7";"1271.29";"Whisky";"Glass";"46";"2.7636647"
"Vinmonopolet";"10584201";"Dosio Nebbiolo d'Alba";"Dosio Nebbiolo d'Alba";"2017";"295.7";"0.75";"394.27";"RÃ¸dvin";"Glass";"13.5";"2.9204938"
"Vinmonopolet";"10584301";"Viallet Les Flocons Apremont 2017";"Viallet Les Flocons Apremont";"2017";"179.9";"0.75";"239.87";"White wine";"Glass";"11.5";"2.085797"
"Vinmonopolet";"10584701";"Dosio Barolo 2009";"Dosio Barolo";"2009";"690.6";"0.75";"920.8";"RÃ¸dvin";"Glass";"14";"6.5771427"
"Vinmonopolet";"10584801";"Dosio Barolo 2012";"Dosio Barolo";"2012";"464.3";"0.75";"619.07";"RÃ¸dvin";"Glass";"14";"4.4219046"
"Vinmonopolet";"10585001";"Dosio Barolo 2005";"Dosio Barolo";"2005";"745";"0.75";"993.33";"RÃ¸dvin";"Glass";"14";"7.095238"
"Vinmonopolet";"10585101";"SchÃ¤tzel Pettenthal -S- Kabinett Grosse Lage 2017";"SchÃ¤tzel Pettenthal -S- Kabinett Grosse Lage";"2017";"590";"0.75";"786.67";"White wine";"Glass";"7.5";"10.488889"
"Vinmonopolet";"10585201";"Dosio Vigneti Barolo Fossati 2006";"Dosio Vigneti Barolo Fossati";"2006";"1198.4";"0.75";"1597.87";"RÃ¸dvin";"Glass";"14";"11.413334"
"Vinmonopolet";"10585301";"Dosio Barolo Fossati 2008";"Dosio Barolo Fossati";"2008";"799.4";"0.75";"1065.87";"RÃ¸dvin";"Glass";"14";"7.6133337"
"Vinmonopolet";"10585401";"Dosio Barolo Fossati 1996";"Dosio Barolo Fossati";"1996";"1866";"0.75";"2488";"RÃ¸dvin";"Glass";"13.5";"18.42963"
"Vinmonopolet";"10585501";"Dosio Barolo Fossati 2004";"Dosio Barolo Fossati";"2004";"1311.3";"0.75";"1748.4";"RÃ¸dvin";"Glass";"13.5";"12.951112"
"Vinmonopolet";"10585601";"Dosio Barolo Fossati 1999";"Dosio Barolo Fossati";"1999";"1644.7";"0.75";"2192.93";"RÃ¸dvin";"Glass";"13.5";"16.24395"
"Vinmonopolet";"10586301";"Groszer Wein Eisenberg BlaufrÃ¤nkisch 2017";"Groszer Wein Eisenberg BlaufrÃ¤nkisch";"2017";"179.9";"0.75";"239.87";"RÃ¸dvin";"Glass";"12.5";"1.9189333"
"Vinmonopolet";"10589102";"Fjordfolk Julelager";"Fjordfolk Julelager";"0";"64.9";"0.33";"190.61";"MÃ¸rk lager";"Emballasje med pant";"5.8";"3.3908045"
"Vinmonopolet";"10589202";"Fjordfolk Juleale";"Fjordfolk Juleale";"0";"64.8";"0.33";"190.3";"Brown ale";"Emballasje med pant";"6.2";"3.1671555"
"Vinmonopolet";"10589302";"Fjordfolk Gentlemann";"Fjordfolk Gentlemann";"0";"59";"0.33";"172.73";"Pale ale";"Emballasje med pant";"6.4";"2.7935605"
"Vinmonopolet";"10589402";"Fjordfolk Fjord Bock";"Fjordfolk Fjord Bock";"0";"84.8";"0.5";"165.6";"MÃ¸rk lager";"Emballasje med pant";"6.3";"2.6920636"
"Vinmonopolet";"10589502";"Fjordfolk Skipper'n Export";"Fjordfolk Skipper'n Export";"0";"54";"0.33";"157.58";"Light lager";"Emballasje med pant";"5.3";"3.0874784"
"Vinmonopolet";"10589602";"Fjordfolk Donkeymann Export";"Fjordfolk Donkeymann Export";"0";"74";"0.33";"218.18";"Porter and stout";"Emballasje med pant";"6.9";"3.24989"
"Vinmonopolet";"10589701";"Weing. GÃ¼nther Steinmetz Piesporter Treppchen 2016";"Weing. GÃ¼nther Steinmetz Piesporter Treppchen";"2016";"414";"0.75";"552";"White wine";"Glass";"12";"4.6"
"Vinmonopolet";"10590601";"Seriti Chenin Blanc 2019";"Seriti Chenin Blanc";"2019";"122.9";"0.75";"159.87";"White wine";"Emballasje med pant";"12.5";"1.3109334"
"Vinmonopolet";"10592001";"Ch. de Chamilly Bourgogne Pinot Noir";"Ch. de Chamilly Bourgogne Pinot Noir";"2017";"259.9";"0.75";"346.53";"RÃ¸dvin";"Glass";"12.5";"2.7722666"
"Vinmonopolet";"10592602";"Pasquet Le Cognac de Jean L.69/77";"Pasquet Le Cognac de Jean L.69/77";"0";"1530";"0.5";"3060";"Grape spirit";"Glass";"49.6";"6.169355"
"Vinmonopolet";"10592702";"Pasquet Le Cognac de Bernadette Lot. 74 1974";"Pasquet Le Cognac de Bernadette Lot. 74";"1974";"1449.9";"0.5";"2899.8";"Grape spirit";"Glass";"44.8";"6.4727683"
"Vinmonopolet";"10594402";"InderÃ¸y Brenneri Lierne Akevitt";"InderÃ¸y Brenneri Lierne Akevitt";"2018";"486.8";"0.5";"973.6";"Aquavit";"Glass";"38";"2.5621052"
"Vinmonopolet";"10594501";"Matua RosÃ© 2018";"Matua RosÃ©";"2018";"136.9";"0.75";"182.53";"RosÃ©vin";"Glass";"13.5";"1.3520987"
"Vinmonopolet";"10594602";"InderÃ¸y Brenneri Sodd Aquavit";"InderÃ¸y Brenneri Sodd Aquavit";"2018";"426.1";"0.5";"852.2";"Aquavit";"Glass";"40";"2.1305"
"Vinmonopolet";"10594805";"Montestefano Barbaresco Riserva";"Montestefano Barbaresco Riserva";"2009";"999.8";"1.5";"666.53";"RÃ¸dvin";"Glass";"14.5";"4.5967817"
"Vinmonopolet";"10595701";"Mailly Champagne Grand Cru Extra Brut 2011";"Mailly Champagne Grand Cru Extra Brut";"2011";"449.9";"0.75";"599.87";"Champagne extra brut";"Glass";"12";"4.998889"
"Vinmonopolet";"10595801";"Kanonkop Paul Sauer 2016";"Kanonkop Paul Sauer";"2016";"549.9";"0.75";"733.2";"RÃ¸dvin";"Glass";"14";"5.237143"
"Vinmonopolet";"10597301";"Barramundi Pinot Noir 2017";"Barramundi Pinot Noir";"2017";"132.8";"0.75";"177.07";"RÃ¸dvin";"Glass";"14";"1.2647619"
"Vinmonopolet";"10597901";"Ch. de Lacarelle Beaujolais-Villages Blanc";"Ch. de Lacarelle Beaujolais-Villages Blanc";"2016";"249.9";"0.75";"333.2";"White wine";"Glass";"12.5";"2.6655998"
"Vinmonopolet";"10598001";"Ch. de Lacarelle Beaujolais-Villages";"Ch. de Lacarelle Beaujolais-Villages";"2014";"249.9";"0.75";"333.2";"RÃ¸dvin";"Glass";"12.5";"2.6655998"
"Vinmonopolet";"10599202";"Lindheim Cider RosÃ©";"Lindheim Cider RosÃ©";"0";"96";"0.38";"256";"Cider";"Glass";"6.5";"3.8866398"
"Vinmonopolet";"10599501";"Dom. Derain Saint-Aubin 1er Cru Les Meurgers des Dents de Chien Blanc 2017";"Dom. Derain Saint-Aubin 1er Cru Les Meurgers des Dents de Chien Blanc";"2017";"649.9";"0.75";"866.53";"White wine";"Glass";"13.5";"6.4187655"
"Vinmonopolet";"10599601";"Dom. Derain Bourgogne La Combe Blanc 2018";"Dom. Derain Bourgogne La Combe Blanc";"2018";"399.9";"0.75";"533.2";"White wine";"Glass";"13.5";"3.9496295"
"Vinmonopolet";"10599701";"Castell'in Villa Chianti Classico Riserva 2005";"Castell'in Villa Chianti Classico Riserva";"2005";"699";"0.75";"932";"RÃ¸dvin";"Glass";"13.5";"6.9037037"
"Vinmonopolet";"10599801";"Dom. Derain Saint-Aubin 1er Cru En Remilly 2017";"Dom. Derain Saint-Aubin 1er Cru En Remilly";"2017";"649.9";"0.75";"866.53";"White wine";"Glass";"14";"6.189524"
"Vinmonopolet";"10599901";"Dom. Derain Pommard Les Petits Noizons 2017";"Dom. Derain Pommard Les Petits Noizons";"2017";"720";"0.75";"960";"RÃ¸dvin";"Glass";"13.5";"7.111111"
"Vinmonopolet";"10600001";"Dom. Derain Saint-Aubin 1er Cru Le Puits 2018";"Dom. Derain Saint-Aubin 1er Cru Le Puits";"2018";"569.9";"0.75";"759.87";"RÃ¸dvin";"Glass";"13";"5.8451285"
"Vinmonopolet";"10600101";"Alta Alella Tallarol 2017";"Alta Alella Tallarol";"2017";"269.9";"0.75";"359.87";"White wine";"Glass";"12";"2.9988887"
"Vinmonopolet";"10600201";"Dom. Derain Saint-Aubin La Ban Rouge 2017";"Dom. Derain Saint-Aubin La Ban Rouge";"2017";"469.9";"0.75";"626.53";"RÃ¸dvin";"Glass";"14.5";"4.3209195"
"Vinmonopolet";"10600301";"Alta Alella Merla 2017";"Alta Alella Merla";"2017";"329.9";"0.75";"439.87";"RÃ¸dvin";"Glass";"13.5";"3.2582715"
"Vinmonopolet";"10600401";"Torres Celeste Reserva";"Torres Celeste Reserva";"2015";"279.9";"0.75";"373.2";"RÃ¸dvin";"Glass";"14.5";"2.573793"
"Vinmonopolet";"10600501";"Torres Sons de Prades";"Torres Sons de Prades";"2016";"399.9";"0.75";"533.2";"White wine";"Glass";"13.5";"3.9496295"
"Vinmonopolet";"10600602";"Thatchers Gold";"Thatchers Gold";"0";"61.9";"0.5";"123.8";"Cider";"Glass";"4.8";"2.5791667"
"Vinmonopolet";"10600701";"Les Flocons Mondeuse 2016";"Les Flocons Mondeuse";"2016";"189.9";"0.75";"253.2";"RÃ¸dvin";"Glass";"12";"2.11"
"Vinmonopolet";"10600801";"Les Flocons Pinot Noir 2017";"Les Flocons Pinot Noir";"2017";"179.9";"0.75";"239.87";"RÃ¸dvin";"Glass";"12";"1.9988889"
"Vinmonopolet";"10600901";"Jolie Laide Trousseau Gris 2018";"Jolie Laide Trousseau Gris";"2018";"379.9";"0.75";"506.53";"White wine";"Glass";"12.8";"3.9572916"
"Vinmonopolet";"10601001";"Jolie Laide North Coast Syrah 2016";"Jolie Laide North Coast Syrah";"2016";"439.9";"0.75";"586.53";"RÃ¸dvin";"Glass";"12.8";"4.5822916"
"Vinmonopolet";"10601402";"To Ãl Free Frontier IPA";"To Ãl Free Frontier IPA";"0";"63.9";"0.33";"193.64";"India pale ale";"Glass";"6.5";"2.9790208"
"Vinmonopolet";"10601502";"To Ãl Dangerously Close to Stupid Amount of Lychee";"To Ãl Dangerously Close to Stupid Amount of Lychee";"0";"70.6";"0.33";"213.94";"Special";"Glass";"9.3";"2.3004234"
"Vinmonopolet";"10601701";"Toni Hartl BlaufrÃ¤nkisch Leithaberg 2015";"Toni Hartl BlaufrÃ¤nkisch Leithaberg";"2015";"199.8";"0.75";"266.4";"RÃ¸dvin";"Glass";"13.5";"1.9733334"
"Vinmonopolet";"10601802";"To Ãl Allez Les Bruts";"To Ãl Allez Les Bruts";"0";"64.5";"0.33";"195.45";"India pale ale";"Glass";"6.2";"3.1524925"
"Vinmonopolet";"10601902";"To Ãl 1 Ton of ... Pineapple";"To Ãl 1 Ton of ... Pineapple";"0";"87.2";"0.33";"264.24";"SurÃ¸l";"Glass";"7.1";"3.721724"
"Vinmonopolet";"10602004";"Andre Delorme CrÃ©mant de Bourgogne RosÃ© Piccolo";"Andre Delorme CrÃ©mant de Bourgogne RosÃ© Piccolo";"0";"74.9";"0.2";"374.5";"Musserende vin, rosÃ©";"Glass";"12";"3.1208334"
"Vinmonopolet";"10602101";"Andre Delorme CrÃ©mant de Bourgogne ZÃ©ro Dosage";"Andre Delorme CrÃ©mant de Bourgogne ZÃ©ro Dosage";"0";"199.9";"0.75";"266.53";"Sparkling wine";"Glass";"12";"2.221111"
"Vinmonopolet";"10602201";"Venturini Semonte Alto Ripasso Classico Supriore 2015";"Venturini Semonte Alto Ripasso Classico Supriore";"2015";"229";"0.75";"305.33";"RÃ¸dvin";"Glass";"14.5";"2.1057472"
"Vinmonopolet";"10602301";"Massimino Verona Rosso 2013";"Massimino Verona Rosso";"2013";"269";"0.75";"358.67";"RÃ¸dvin";"Glass";"15";"2.3911111"
"Vinmonopolet";"10602501";"Ballantines Glenburgie 15 YO";"Ballantines Glenburgie 15 YO";"0";"500";"0.7";"714.29";"Whisky";"Glass";"40";"1.7857143"
"Vinmonopolet";"10602601";"Ballantines Miltonduff 15 YO";"Ballantines Miltonduff 15 YO";"0";"500";"0.7";"714.29";"Whisky";"Glass";"40";"1.7857143"
"Vinmonopolet";"10602801";"A.A. Badenhorst Piet Bok Se Bos Steen 2017";"A.A. Badenhorst Piet Bok Se Bos Steen";"2017";"429.9";"0.75";"573.2";"White wine";"Glass";"13";"4.4092307"
"Vinmonopolet";"10603001";"Ismael Gozalo Rufete Rufian";"Ismael Gozalo Rufete Rufian";"2017";"319.9";"0.75";"426.53";"RÃ¸dvin";"Glass";"12.5";"3.4122665"
"Vinmonopolet";"10603005";"Ismael Gozalo Rufete Rufian";"Ismael Gozalo Rufete Rufian";"2017";"674.9";"1.5";"449.93";"RÃ¸dvin";"Glass";"12.5";"3.5994668"
"Vinmonopolet";"10603302";"Chopin Ratafia Champenois Pinot noir 2016";"Chopin Ratafia Champenois Pinot noir";"2016";"385.4";"0.5";"770.8";"LikÃ¸r";"Glass";"17.5";"4.4045715"
"Vinmonopolet";"10603401";"Chopin Ratafia de Champagne Chardonnay";"Chopin Ratafia de Champagne Chardonnay";"2016";"335";"0.7";"478.57";"LikÃ¸r";"Glass";"18";"2.6587303"
"Vinmonopolet";"10603507";"Chopin Ratafia Champenois Pinot blanc 2016";"Chopin Ratafia Champenois Pinot blanc";"2016";"3000";"4.5";"666.67";"LikÃ¸r";"Glass";"17.5";"3.8095238"
"Vinmonopolet";"10603601";"Chopin Ratafia Champenois Meunier 2016";"Chopin Ratafia Champenois Meunier";"2016";"312.2";"0.7";"446";"LikÃ¸r";"Glass";"17.5";"2.5485716"
"Vinmonopolet";"10603702";"Chopin Ratafia Champenois Pinot blanc 2016";"Chopin Ratafia Champenois Pinot blanc";"2016";"439.8";"0.5";"879.6";"LikÃ¸r";"Glass";"17.5";"5.0262856"
"Vinmonopolet";"10603905";"Cristian Senez Grande RÃ©serve Brut 1998";"Cristian Senez Grande RÃ©serve Brut";"1998";"949.9";"1.5";"633.27";"Champagne, brut";"Glass";"12";"5.277222"
"Vinmonopolet";"10604005";"Cristian Senez Grande RÃ©serve Brut 1999";"Cristian Senez Grande RÃ©serve Brut";"1999";"999.7";"1.5";"666.47";"Champagne, brut";"Glass";"12";"5.553889"
"Vinmonopolet";"10604101";"Cristian Senez RosÃ© de SaignÃ©e MillÃ¨sime 2008";"Cristian Senez RosÃ© de SaignÃ©e MillÃ¨sime";"2008";"500";"0.75";"666.67";"Champagne, rosÃ©";"Glass";"12";"5.5555553"
"Vinmonopolet";"10604207";"Cristian Senez RosÃ© de SaignÃ©e MillÃ¨sime 2008";"Cristian Senez RosÃ© de SaignÃ©e MillÃ¨sime";"2008";"14999.5";"15";"999.97";"Champagne, rosÃ©";"Glass";"12";"8.3330555"
"Vinmonopolet";"10604301";"J. de Telmont Insolite Chardonnay 2012";"J. de Telmont Insolite Chardonnay";"2012";"474.9";"0.75";"633.2";"White wine";"Glass";"12";"5.2766666"
"Vinmonopolet";"10604501";"Occhipinti FL Vino di Contrada Frappato 2017";"Occhipinti FL Vino di Contrada Frappato";"2017";"569.9";"0.75";"759.87";"RÃ¸dvin";"Glass";"13";"5.8451285"
"Vinmonopolet";"10604601";"Occhipinti BB Vino di Contrada Frappato 2017";"Occhipinti BB Vino di Contrada Frappato";"2017";"569.9";"0.75";"759.87";"RÃ¸dvin";"Glass";"12.5";"6.0789337"
"Vinmonopolet";"10604701";"Occhipinti PT Vino di Contrada Frappato 2017";"Occhipinti PT Vino di Contrada Frappato";"2017";"569.9";"0.75";"759.87";"RÃ¸dvin";"Glass";"12.5";"6.0789337"
"Vinmonopolet";"10604801";"Heredis Langhe Nebbiolo";"Heredis Langhe Nebbiolo";"2016";"195";"0.75";"260";"RÃ¸dvin";"Glass";"14";"1.8571428"
"Vinmonopolet";"10604901";"Zorita Crianza 2015";"Zorita Crianza";"2015";"129.9";"0.75";"173.2";"RÃ¸dvin";"Glass";"14";"1.2371428"
"Vinmonopolet";"10605001";"Sister Isles Dark PX Rhum";"Sister Isles Dark PX Rhum";"0";"600";"0.7";"857.14";"Rum";"Glass";"45";"1.9047619"
"Vinmonopolet";"10605101";"Sister Isles Moscatel Rhum";"Sister Isles Moscatel Rhum";"0";"600";"0.7";"857.14";"Rum";"Glass";"45";"1.9047619"
"Vinmonopolet";"10605201";"Sierra Milenario Tequila Fumado";"Sierra Milenario Tequila Fumado";"0";"694.9";"0.7";"992.71";"Fruit spirit";"Glass";"41.5";"2.3920827"
"Vinmonopolet";"10605301";"Sierra Milenario Tequila Anejo";"Sierra Milenario Tequila Anejo";"0";"779.9";"0.7";"1114.14";"Fruit spirit";"Glass";"41.5";"2.6846817"
"Vinmonopolet";"10605501";"Sierra Milenario Tequila Blanco";"Sierra Milenario Tequila Blanco";"0";"599.9";"0.7";"857";"Fruit spirit";"Glass";"41.5";"2.0650604"
"Vinmonopolet";"10605601";"St. RÃ©my Cask Finish";"St. RÃ©my Cask Finish";"0";"439.9";"0.7";"628.43";"Grape spirit";"Glass";"40";"1.5710714"
"Vinmonopolet";"10605701";"Campo Al Mare Rosato 2017";"Campo Al Mare Rosato";"2017";"199.9";"0.75";"266.53";"RosÃ©vin";"Glass";"13.5";"1.9743209"
"Vinmonopolet";"10605801";"Cabreo La Pietra Chardonnay 2017";"Cabreo La Pietra Chardonnay";"2017";"399.9";"0.75";"533.2";"White wine";"Glass";"14";"3.8085713"
"Vinmonopolet";"10605901";"San Cassiano Le AlÃ¨ne Valpolicella Superiore";"San Cassiano Le AlÃ¨ne Valpolicella Superiore";"2013";"299.9";"0.75";"399.87";"RÃ¸dvin";"Glass";"15.5";"2.5797849"
"Vinmonopolet";"10606101";"Federico Paternina Banda Azul Brut Vintage";"Federico Paternina Banda Azul Brut Vintage";"2017";"119.9";"0.75";"159.87";"Sparkling wine";"Glass";"11.5";"1.390145"
"Vinmonopolet";"10606202";"Egge Tungtvannsakevitt";"Egge Tungtvannsakevitt";"2018";"349";"0.5";"698";"Aquavit";"Glass";"40";"1.745"
"Vinmonopolet";"10606302";"Egge RenhÃ¥rig Slusk Industriarvakevitt";"Egge RenhÃ¥rig Slusk Industriarvakevitt";"2018";"349";"0.5";"698";"Aquavit";"Glass";"40";"1.745"
"Vinmonopolet";"10606401";"Brooklyn Gin";"Brooklyn Gin";"0";"607.6";"0.7";"868";"Gin";"Glass";"40";"2.1699998"
"Vinmonopolet";"10607001";"Altolandon Mil Historias Garnacha 2018";"Altolandon Mil Historias Garnacha";"2018";"169.9";"0.75";"226.53";"RÃ¸dvin";"Glass";"14";"1.6180952"
"Vinmonopolet";"10607101";"Altolandon Mil Historias White Blend";"Altolandon Mil Historias White Blend";"2017";"169.9";"0.75";"226.53";"White wine";"Glass";"13.5";"1.6780246"
"Vinmonopolet";"10611602";"Shoot Perfect Party Pear";"Shoot Perfect Party Pear";"0";"159.9";"0.5";"319.8";"LikÃ¸r";"Plast";"15";"2.132"
"Vinmonopolet";"10612101";"Azul Y Garanza Naturaleza Salvaje Garnacha Blanca 2019";"Azul Y Garanza Naturaleza Salvaje Garnacha Blanca";"2019";"259.9";"0.75";"346.53";"White wine";"Glass";"11.5";"3.0133333"
"Vinmonopolet";"10612201";"Baladin XyauyÃ¹ Kentucky";"Baladin XyauyÃ¹ Kentucky";"2015";"390.1";"0.55";"709.27";"Barley wine	";"Glass";"14";"5.0662336"
"Vinmonopolet";"10612302";"Rainbow Gin";"Rainbow Gin";"0";"399.9";"0.5";"799.8";"Gin";"Glass";"43";"1.86"
"Vinmonopolet";"10612506";"Barone Montalto Rosso Terre Siciliane";"Barone Montalto Rosso Terre Siciliane";"0";"284.9";"1.5";"189.93";"RÃ¸dvin";"Pouch";"13.5";"1.4069135"
"Vinmonopolet";"10612601";"Hacienda Lopez de Haro Graciano 2017";"Hacienda Lopez de Haro Graciano";"2017";"182.8";"0.75";"243.73";"RÃ¸dvin";"Glass";"14";"1.7409524"
"Vinmonopolet";"10612701";"Vecchio Amaro del Capo";"Vecchio Amaro del Capo";"0";"469.9";"0.7";"671.29";"LikÃ¸r";"Glass";"35";"1.9179592"
"Vinmonopolet";"10612801";"La Ca' NÃ¶va Barbera d'Alba 2017";"La Ca' NÃ¶va Barbera d'Alba";"2017";"239.9";"0.75";"319.87";"RÃ¸dvin";"Glass";"14.5";"2.205977"
"Vinmonopolet";"10612901";"Georges Laval Garennes Extra Brut";"Georges Laval Garennes Extra Brut";"0";"599";"0.75";"798.67";"Champagne extra brut";"Glass";"11.5";"6.9449277"
"Vinmonopolet";"10613001";"Georges Laval CumiÃ¨res Premier Cru Brut Nature";"Georges Laval CumiÃ¨res Premier Cru Brut Nature";"0";"699";"0.75";"932";"Champagne extra brut";"Glass";"12";"7.766667"
"Vinmonopolet";"10613201";"Old Pulteney 15 YO";"Old Pulteney 15 YO";"0";"999.9";"0.7";"1428.43";"Whisky";"Glass";"46";"3.1052797"
"Vinmonopolet";"10613301";"Old Pulteney 18 YO";"Old Pulteney 18 YO";"0";"1399.9";"0.7";"1999.86";"Whisky";"Glass";"46";"4.3475156"
"Vinmonopolet";"10613401";"Old Pulteney Huddart";"Old Pulteney Huddart";"0";"699.9";"0.7";"999.86";"Whisky";"Glass";"46";"2.1736026"
"Vinmonopolet";"10613508";"NIO Negroni (5x10cl)";"NIO Negroni (5x10cl)";"0";"359.9";"0.5";"719.8";"Other spirit";"Ãvrig";"20.6";"3.4941747"
"Vinmonopolet";"10613608";"NIO Tommy's Margarita (5x10cl)";"NIO Tommy's Margarita (5x10cl)";"0";"359.9";"0.5";"719.8";"Other spirit";"Ãvrig";"20";"3.599"
"Vinmonopolet";"10613808";"NIO Cosmopolitan (5x10cl)";"NIO Cosmopolitan (5x10cl)";"0";"359.9";"0.5";"719.8";"Other spirit";"Ãvrig";"21.2";"3.3952827"
"Vinmonopolet";"10614001";"Dutch Courage Apple Gin";"Dutch Courage Apple Gin";"2018";"585";"0.7";"835.71";"Gin";"Glass";"40";"2.0892859"
"Vinmonopolet";"10614101";"A. Jaume Vieux Terron ChÃ¢teauneuf-du-Pape";"A. Jaume Vieux Terron ChÃ¢teauneuf-du-Pape";"2016";"359.8";"0.75";"479.73";"RÃ¸dvin";"Glass";"15";"3.1982222"
"Vinmonopolet";"10614201";"Jean-Luc Pasquet L'Organic 04";"Jean-Luc Pasquet L'Organic 04";"0";"569";"0.7";"812.86";"Grape spirit";"Glass";"40";"2.0321429"
"Vinmonopolet";"10614301";"Piovesole Amarone della Valpolicella Classico 2015";"Piovesole Amarone della Valpolicella Classico";"2015";"550.7";"0.75";"734.27";"RÃ¸dvin";"Glass";"15.5";"4.7372046"
"Vinmonopolet";"10614401";"Cascas Lisboa Red";"Cascas Lisboa Red";"2016";"158.7";"0.75";"211.6";"RÃ¸dvin";"Glass";"13.5";"1.5674074"
"Vinmonopolet";"10614501";"Casteloro Valpolicella Ripasso Superiore";"Casteloro Valpolicella Ripasso Superiore";"2018";"149.9";"0.75";"199.87";"RÃ¸dvin";"Glass";"13";"1.5374359"
"Vinmonopolet";"10614702";"Kjernekar XO Romfat Eplebrandy";"Kjernekar XO Romfat Eplebrandy";"0";"504.9";"0.5";"1009.8";"Fruit spirit";"Glass";"41.5";"2.433253"
"Vinmonopolet";"10614802";"Homborsund Humlehagen IPA";"Homborsund Humlehagen IPA";"0";"69.8";"0.33";"211.52";"India pale ale";"Glass";"6.5";"3.2540793"
"Vinmonopolet";"10614905";"Girardin Saint-Aubin 1er Cru En Remilly 2015";"Girardin Saint-Aubin 1er Cru En Remilly";"2015";"885.8";"1.5";"590.53";"White wine";"Glass";"13.5";"4.374321"
"Vinmonopolet";"10615205";"Girardin Meursault Les Narvaux 2015";"Girardin Meursault Les Narvaux";"2015";"1209.8";"1.5";"806.53";"White wine";"Glass";"13.5";"5.9743214"
"Vinmonopolet";"10615605";"Girardin Meursault 1er Cru Les Charmes-Dessus 2014";"Girardin Meursault 1er Cru Les Charmes-Dessus";"2014";"1449.8";"1.5";"966.53";"White wine";"Glass";"13.5";"7.1595063"
"Vinmonopolet";"10615801";"Barthod Bourgogne Rouge 2014";"Barthod Bourgogne Rouge";"2014";"337.9";"0.75";"450.53";"RÃ¸dvin";"Glass";"13";"3.465641"
"Vinmonopolet";"10615901";"Angerville Volnay 1er Cru Clos des Ducs 2016";"Angerville Volnay 1er Cru Clos des Ducs";"2016";"1359.9";"0.75";"1813.2";"RÃ¸dvin";"Glass";"13.5";"13.431111"
"Vinmonopolet";"10616001";"Barthod Chambolle-Musigny 1er Cru Les Cras 2014";"Barthod Chambolle-Musigny 1er Cru Les Cras";"2014";"889.9";"0.75";"1186.53";"RÃ¸dvin";"Glass";"13.5";"8.789136"
"Vinmonopolet";"10616201";"Angerville Volnay 1er Cru Champans 2016";"Angerville Volnay 1er Cru Champans";"2016";"1011.9";"0.75";"1349.2";"RÃ¸dvin";"Glass";"13.5";"9.994074"
"Vinmonopolet";"10616305";"Talenti Brunello di Montalcino 2013";"Talenti Brunello di Montalcino";"2013";"929.9";"1.5";"619.93";"RÃ¸dvin";"Glass";"14";"4.4280953"
"Vinmonopolet";"10616401";"Talenti Brunello di Montalcino 2013";"Talenti Brunello di Montalcino";"2013";"419.9";"0.75";"559.87";"RÃ¸dvin";"Glass";"14";"3.9990475"
"Vinmonopolet";"10616501";"Talenti Brunello di Montalcino Riserva 2013";"Talenti Brunello di Montalcino Riserva";"2013";"619.9";"0.75";"826.53";"RÃ¸dvin";"Glass";"14.5";"5.70023"
"Vinmonopolet";"10616701";"Weil Kiedrich Turmberg Riesling Trocken 2017";"Weil Kiedrich Turmberg Riesling Trocken";"2017";"349.9";"0.75";"466.53";"White wine";"Glass";"12.5";"3.7322667"
"Vinmonopolet";"10616801";"Diel Goldloch Riesling GG 2017";"Diel Goldloch Riesling GG";"2017";"469.9";"0.75";"626.53";"White wine";"Glass";"12.5";"5.0122666"
"Vinmonopolet";"10616901";"Weil Kiedrich GrÃ¤fenberg Riesling SpÃ¤tlese 2017";"Weil Kiedrich GrÃ¤fenberg Riesling SpÃ¤tlese";"2017";"469.9";"0.75";"626.53";"White wine";"Glass";"8.5";"7.3709803"
"Vinmonopolet";"10617001";"Diel PittermÃ¤nchen Riesling GG 2017";"Diel PittermÃ¤nchen Riesling GG";"2017";"474.9";"0.75";"633.2";"White wine";"Glass";"12";"5.2766666"
"Vinmonopolet";"10617105";"Diel Goldloch Riesling GG 2017";"Diel Goldloch Riesling GG";"2017";"949.9";"1.5";"633.27";"White wine";"Glass";"12.5";"5.0661335"
"Vinmonopolet";"10617305";"Diel PittermÃ¤nchen Riesling GG 2017";"Diel PittermÃ¤nchen Riesling GG";"2017";"969.9";"1.5";"646.6";"White wine";"Glass";"12";"5.3883333"
"Vinmonopolet";"10617501";"Grace Koshu Private Reserve";"Grace Koshu Private Reserve";"2017";"250";"0.75";"333.33";"White wine";"Glass";"12";"2.7777777"
"Vinmonopolet";"10617601";"Grace Koshu Kayagatake";"Grace Koshu Kayagatake";"2018";"215";"0.75";"286.67";"White wine";"Glass";"11.5";"2.4927535"
"Vinmonopolet";"10619301";"Torlasco Barolo 2009";"Torlasco Barolo";"2009";"448.9";"0.75";"598.53";"RÃ¸dvin";"Glass";"14.5";"4.127816"
"Vinmonopolet";"10619901";"Torlasco Barbaresco 2011";"Torlasco Barbaresco";"2011";"448.9";"0.75";"598.53";"RÃ¸dvin";"Glass";"14";"4.275238"
"Vinmonopolet";"10620001";"Banfi Chianti Classico 2016";"Banfi Chianti Classico";"2016";"209.9";"0.75";"279.87";"RÃ¸dvin";"Glass";"13";"2.1528203"
"Vinmonopolet";"10620201";"J.M. Labruyere Prologue Grand Cru";"J.M. Labruyere Prologue Grand Cru";"2019";"389.9";"0.75";"519.87";"Champagne, brut";"Glass";"12";"4.332222"
"Vinmonopolet";"10620601";"Eva Fricke Riesling";"Eva Fricke Riesling";"2019";"229.9";"0.75";"306.53";"White wine";"Glass";"12";"2.5544443"
"Vinmonopolet";"10620706";"Bennati Soave";"Bennati Soave";"2019";"425";"3";"141.67";"White wine";"Bag-in-box";"12";"1.1805556"
"Vinmonopolet";"10620801";"Villa CampÃ¨i Collezione Chardonnay";"Villa CampÃ¨i Collezione Chardonnay";"2016";"180.5";"0.75";"240.67";"White wine";"Glass";"12";"2.0055556"
"Vinmonopolet";"10620901";"Gratien & Meyer CrÃ©mant de Loire RosÃ©";"Gratien & Meyer CrÃ©mant de Loire RosÃ©";"0";"159.9";"0.75";"213.2";"Musserende vin, rosÃ©";"Glass";"12";"1.7766666"
"Vinmonopolet";"10621001";"50Â° Pinot Noir RosÃ©";"50Â° Pinot Noir RosÃ©";"0";"199.5";"0.75";"266";"RosÃ©vin";"Glass";"11.5";"2.3130436"
"Vinmonopolet";"10621101";"Chapel Hill Pinot Noir";"Chapel Hill Pinot Noir";"2015";"124.9";"0.75";"166.53";"RÃ¸dvin";"Glass";"12";"1.3877778"
"Vinmonopolet";"10621201";"Villa Franciacorta BokÃ¨ Noir Pas DosÃ¨ Millesimato 2013";"Villa Franciacorta BokÃ¨ Noir Pas DosÃ¨ Millesimato";"2013";"355.4";"0.75";"473.87";"Musserende vin, rosÃ©";"Glass";"12.5";"3.7909334"
"Vinmonopolet";"10621301";"Villa Franciacorta Emozione Brut Millesimato 2014";"Villa Franciacorta Emozione Brut Millesimato";"2014";"310.8";"0.75";"414.4";"Sparkling wine";"Glass";"12.5";"3.3151999"
"Vinmonopolet";"10621501";"Faiveley Nuits-Saint-Georges 2016";"Faiveley Nuits-Saint-Georges";"2016";"439.9";"0.75";"586.53";"RÃ¸dvin";"Glass";"13.5";"4.3446913"
"Vinmonopolet";"10621701";"Faiveley Marsannay 2016";"Faiveley Marsannay";"2016";"264.9";"0.75";"353.2";"RÃ¸dvin";"Glass";"13";"2.716923"
"Vinmonopolet";"10621801";"Weil Kiedrich GrÃ¤fenberg Riesling Trocken GG 2017";"Weil Kiedrich GrÃ¤fenberg Riesling Trocken GG";"2017";"519.9";"0.75";"693.2";"White wine";"Glass";"13";"5.332308"
"Vinmonopolet";"10621901";"Cavallotto Barolo Vignolo Riserva 2012";"Cavallotto Barolo Vignolo Riserva";"2012";"859";"0.75";"1145.33";"RÃ¸dvin";"Glass";"14.5";"7.8988504"
"Vinmonopolet";"10622101";"Massolino Barolo Margheria 2014";"Massolino Barolo Margheria";"2014";"495";"0.75";"660";"RÃ¸dvin";"Glass";"14";"4.714286"
"Vinmonopolet";"10622201";"Massolino Barolo Parafada 2014";"Massolino Barolo Parafada";"2014";"495";"0.75";"660";"RÃ¸dvin";"Glass";"14";"4.714286"
"Vinmonopolet";"10622301";"Massolino Barolo Vigna Rionda Riserva 2012";"Massolino Barolo Vigna Rionda Riserva";"2012";"745";"0.75";"993.33";"RÃ¸dvin";"Glass";"14";"7.095238"
"Vinmonopolet";"10622401";"Dom. Rion Chambolle-Musigny Les Cras 2016";"Dom. Rion Chambolle-Musigny Les Cras";"2016";"657.9";"0.75";"877.2";"RÃ¸dvin";"Glass";"13";"6.7476926"
"Vinmonopolet";"10622501";"Matrot Meursault PerriÃ¨res 1er Cru 2016";"Matrot Meursault PerriÃ¨res 1er Cru";"2016";"845";"0.75";"1126.67";"White wine";"Glass";"13";"8.666667"
"Vinmonopolet";"10622605";"Cavallotto Barolo Bricco Boschis 2015";"Cavallotto Barolo Bricco Boschis";"2015";"1224.1";"1.5";"816.07";"RÃ¸dvin";"Glass";"14.5";"5.628046"
"Vinmonopolet";"10622701";"Matrot Meursault Blagny 1er Cru 2015";"Matrot Meursault Blagny 1er Cru";"2015";"628";"0.75";"837.33";"White wine";"Glass";"13";"6.4410257"
"Vinmonopolet";"10622801";"Dom. Rion Chambolle-Musigny 1er Cru Les Charmes 2016";"Dom. Rion Chambolle-Musigny 1er Cru Les Charmes";"2016";"868.9";"0.75";"1158.53";"RÃ¸dvin";"Glass";"13";"8.911795"
"Vinmonopolet";"10623001";"Le Piane Mimmo 2016";"Le Piane Mimmo";"2016";"284.9";"0.75";"379.87";"RÃ¸dvin";"Glass";"13.5";"2.813827"
"Vinmonopolet";"10623101";"Le Piane Boca 2015";"Le Piane Boca";"2015";"469.9";"0.75";"626.53";"RÃ¸dvin";"Glass";"13.5";"4.6409874"
"Vinmonopolet";"10623201";"Hacienda Lopez de Haro EditiÃ³n Limitada 2016";"Hacienda Lopez de Haro EditiÃ³n Limitada";"2016";"179.8";"0.75";"239.73";"RÃ¸dvin";"Glass";"14";"1.712381"
"Vinmonopolet";"10623401";"Inconciente Tempranillo Blanco 2017";"Inconciente Tempranillo Blanco";"2017";"182";"0.75";"242.67";"White wine";"Glass";"12.5";"1.9413333"
"Vinmonopolet";"10623501";"Ch. Les Charmes-Godard Blanc 2016";"Ch. Les Charmes-Godard Blanc";"2016";"265";"0.75";"353.33";"White wine";"Glass";"13";"2.7179487"
"Vinmonopolet";"10623601";"Ch. Carbonnieux Blanc 2014";"Ch. Carbonnieux Blanc";"2014";"475.1";"0.75";"633.47";"White wine";"Glass";"13";"4.8728204"
"Vinmonopolet";"10623705";"Louis Boillot Gevrey-Chambertin 2014";"Louis Boillot Gevrey-Chambertin";"2014";"842";"1.5";"561.33";"RÃ¸dvin";"Glass";"13";"4.317949"
"Vinmonopolet";"10623801";"Ch. Grand-Puy-Lacoste 2012";"Ch. Grand-Puy-Lacoste";"2012";"714";"0.75";"952";"RÃ¸dvin";"Glass";"13.5";"7.0518517"
"Vinmonopolet";"10623901";"Ch. LÃ©oville Barton 2014";"Ch. LÃ©oville Barton";"2014";"929.9";"0.75";"1239.87";"RÃ¸dvin";"Glass";"13.5";"9.184197"
"Vinmonopolet";"10624001";"Leroux Monthelie Les Duresses Blanc 2016";"Leroux Monthelie Les Duresses Blanc";"2016";"368.9";"0.75";"491.87";"White wine";"Glass";"13";"3.7835896"
"Vinmonopolet";"10624101";"HÃ©ritiers du Comte Lafon MÃ¢con-Milly-Lamartine";"HÃ©ritiers du Comte Lafon MÃ¢con-Milly-Lamartine";"2017";"277.9";"0.75";"370.53";"White wine";"Glass";"13";"2.8502564"
"Vinmonopolet";"10624201";"HÃ©ritiers du Comte Lafon VirÃ©-ClessÃ© 2017";"HÃ©ritiers du Comte Lafon VirÃ©-ClessÃ©";"2017";"337.9";"0.75";"450.53";"White wine";"Glass";"13";"3.465641"
"Vinmonopolet";"10624401";"Castelmarmo Amarone della Valpolicella Classico 2016";"Castelmarmo Amarone della Valpolicella Classico";"2016";"209.9";"0.75";"279.87";"RÃ¸dvin";"Glass";"15";"1.8657777"
"Vinmonopolet";"10624501";"Daniel Landi Las Iruelas 2016";"Daniel Landi Las Iruelas";"2016";"585";"0.75";"780";"RÃ¸dvin";"Glass";"14.5";"5.37931"
"Vinmonopolet";"10624701";"Daniel Landi El ReventÃ³n 2016";"Daniel Landi El ReventÃ³n";"2016";"582";"0.75";"776";"RÃ¸dvin";"Glass";"14.5";"5.351724"
"Vinmonopolet";"10624901";"Ch. Canon de Brem 2004";"Ch. Canon de Brem";"2004";"239.9";"0.75";"319.87";"RÃ¸dvin";"Glass";"13";"2.4605129"
"Vinmonopolet";"10625001";"Dom. des Enfants l'Enfant Perdu";"Dom. des Enfants l'Enfant Perdu";"2015";"274.9";"0.75";"366.53";"RÃ¸dvin";"Glass";"14.5";"2.527816"
"Vinmonopolet";"10625101";"Mas del PÃ©riÃ© Amphore 2018";"Mas del PÃ©riÃ© Amphore";"2018";"369.9";"0.75";"493.2";"RÃ¸dvin";"Glass";"13";"3.7938461"
"Vinmonopolet";"10625501";"La Gravette de Certan 2016";"La Gravette de Certan";"2016";"879.8";"0.75";"1173.07";"RÃ¸dvin";"Glass";"14";"8.379047"
"Vinmonopolet";"10625601";"Poggiotondo Terre di Cresci Chianti Classico 2015";"Poggiotondo Terre di Cresci Chianti Classico";"2015";"245";"0.75";"326.67";"RÃ¸dvin";"Glass";"14";"2.3333333"
"Vinmonopolet";"10625701";"Moraza Cosecha 2014";"Moraza Cosecha";"2014";"269.9";"0.75";"359.87";"RÃ¸dvin";"Glass";"12.5";"2.8789332"
"Vinmonopolet";"10625901";"Dom. des Enfants Tabula Rasa";"Dom. des Enfants Tabula Rasa";"2017";"269";"0.75";"358.67";"White wine";"Glass";"13";"2.7589743"
"Vinmonopolet";"10626001";"Zillinger Revolution natural sparkling";"Zillinger Revolution natural sparkling";"0";"229.9";"0.75";"306.53";"Sparkling white wine";"Glass";"10.5";"2.919365"
"Vinmonopolet";"10626101";"Left Field Harvest Duel AlbariÃ±o";"Left Field Harvest Duel AlbariÃ±o";"2018";"149.9";"0.75";"199.87";"White wine";"Glass";"13";"1.5374359"
"Vinmonopolet";"10626301";"Yushan Blended Malt Whisky";"Yushan Blended Malt Whisky";"0";"789";"0.7";"1127.14";"Whisky";"Glass";"40";"2.8178573"
"Vinmonopolet";"10626401";"Yushan Signature Bourbon Cask";"Yushan Signature Bourbon Cask";"0";"965";"0.7";"1378.57";"Whisky";"Glass";"46";"2.9968944"
"Vinmonopolet";"10626501";"Yushan Signature Sherry Cask";"Yushan Signature Sherry Cask";"0";"999";"0.7";"1427.14";"Whisky";"Glass";"46";"3.1024845"
"Vinmonopolet";"10626601";"Fram Pinotage 2016";"Fram Pinotage";"2016";"275";"0.75";"366.67";"RÃ¸dvin";"Glass";"14";"2.6190476"
"Vinmonopolet";"10626701";"Fram Grenache Gris 2019";"Fram Grenache Gris";"2019";"199.9";"0.75";"266.53";"White wine";"Glass";"12.5";"2.1322665"
"Vinmonopolet";"10626801";"Eva Fricke Lorcher Schlossberg Riesling";"Eva Fricke Lorcher Schlossberg Riesling";"2018";"499.9";"0.75";"666.53";"White wine";"Glass";"11.5";"5.795942"
"Vinmonopolet";"10626901";"Big Smoke";"Big Smoke";"0";"770";"0.7";"1100";"Whisky";"Glass";"46";"2.3913045"
"Vinmonopolet";"10627002";"Njord Sand and Sea";"Njord Sand and Sea";"0";"957";"0.5";"1914";"Gin";"Glass";"45";"4.2533336"
"Vinmonopolet";"10627102";"Njord Distilled Slow Sloe Gin";"Njord Distilled Slow Sloe Gin";"0";"799";"0.5";"1598";"LikÃ¸r";"Glass";"29";"5.510345"
"Vinmonopolet";"10627202";"Njord Gin Barrel Aged Edition #4";"Njord Gin Barrel Aged Edition #4";"0";"999";"0.5";"1998";"Gin";"Glass";"48";"4.1625"
"Vinmonopolet";"10627401";"Blankbottle Jimmy 2018";"Blankbottle Jimmy";"2018";"279";"0.75";"372";"White wine";"Glass";"14";"2.6571429"
"Vinmonopolet";"10627601";"ArnaldoRivera Barolo undicicommuni 2015";"ArnaldoRivera Barolo undicicommuni";"2015";"399";"0.75";"532";"RÃ¸dvin";"Glass";"14";"3.8"
"Vinmonopolet";"10627701";"Eva Fricke Kiedrich Riesling Trocken";"Eva Fricke Kiedrich Riesling Trocken";"2018";"299.9";"0.75";"399.87";"White wine";"Glass";"12.5";"3.1989334"
"Vinmonopolet";"10627901";"Vaona Pegrandi Amarone Classico della Valpolicella 2015";"Vaona Pegrandi Amarone Classico della Valpolicella";"2015";"428";"0.75";"570.67";"RÃ¸dvin";"Glass";"16";"3.5666666"
"Vinmonopolet";"10628001";"Cedar Ridge Single Malt Whiskey";"Cedar Ridge Single Malt Whiskey";"0";"999";"0.7";"1427.14";"Whisky";"Glass";"40";"3.5678573"
"Vinmonopolet";"10628101";"Cedar Ridge Iowa Bourbon Whiskey";"Cedar Ridge Iowa Bourbon Whiskey";"0";"860";"0.7";"1228.57";"Whisky";"Glass";"40";"3.0714285"
"Vinmonopolet";"10628201";"Cedar Ridge Malted Rye Whiskey";"Cedar Ridge Malted Rye Whiskey";"0";"899";"0.7";"1284.29";"Whisky";"Glass";"43";"2.986711"
"Vinmonopolet";"10628301";"Stella di Campalto Choltempo Bella";"Stella di Campalto Choltempo Bella";"0";"619";"0.75";"825.33";"RÃ¸dvin";"Glass";"14";"5.895238"
"Vinmonopolet";"10628401";"Stella di Campalto Rosso di Montalcino 2014";"Stella di Campalto Rosso di Montalcino";"2014";"799";"0.75";"1065.33";"RÃ¸dvin";"Glass";"13";"8.194872"
"Vinmonopolet";"10628601";"Marnes Blanches Empreinte Savagnin 2015";"Marnes Blanches Empreinte Savagnin";"2015";"349";"0.75";"465.33";"White wine";"Glass";"13.5";"3.4469135"
"Vinmonopolet";"10628701";"Marnes Blanches Savagnin En Quatre Vis 2018";"Marnes Blanches Savagnin En Quatre Vis";"2018";"289";"0.75";"385.33";"White wine";"Glass";"12.5";"3.0826666"
"Vinmonopolet";"10628801";"Marnes Blanches Trousseau 2018";"Marnes Blanches Trousseau";"2018";"299";"0.75";"398.67";"RÃ¸dvin";"Glass";"11.5";"3.4666667"
"Vinmonopolet";"10628901";"Moric Hausmarke 2017";"Moric Hausmarke";"2017";"229";"0.75";"305.33";"RÃ¸dvin";"Glass";"12.5";"2.4426668"
"Vinmonopolet";"10629001";"Moric Lutzmannsburg BlaufrÃ¤nkish Alte Reben 2015";"Moric Lutzmannsburg BlaufrÃ¤nkish Alte Reben";"2015";"749";"0.75";"998.67";"RÃ¸dvin";"Glass";"14";"7.133333"
"Vinmonopolet";"10629101";"Moric Serious wine from a georgoeus place 2016";"Moric Serious wine from a georgoeus place";"2016";"599";"0.75";"798.67";"White wine";"Glass";"13.5";"5.9160495"
"Vinmonopolet";"10629201";"Moric Project Hidden Treasures Nr. 2 Somlo 2017";"Moric Project Hidden Treasures Nr. 2 Somlo";"2017";"269";"0.75";"358.67";"White wine";"Glass";"12";"2.988889"
"Vinmonopolet";"10629301";"Moric Project Hidden Treasures Nr. 3 Balaton 2017";"Moric Project Hidden Treasures Nr. 3 Balaton";"2017";"229";"0.75";"305.33";"White wine";"Glass";"12.5";"2.4426668"
"Vinmonopolet";"10629501";"Burn Cottage Vineyard Pinot Noir 2016";"Burn Cottage Vineyard Pinot Noir";"2016";"479";"0.75";"638.67";"RÃ¸dvin";"Glass";"13.5";"4.730864"
"Vinmonopolet";"10629601";"Dr. Loosen Wehlener Sonnenuhr Riesling RÃ©serve GG 2014";"Dr. Loosen Wehlener Sonnenuhr Riesling RÃ©serve GG";"2014";"569";"0.75";"758.67";"White wine";"Glass";"12.5";"6.0693336"
"Vinmonopolet";"10629801";"Dr. Loosen Erdener PrÃ¤lat Riesling RÃ©serve GG 2014";"Dr. Loosen Erdener PrÃ¤lat Riesling RÃ©serve GG";"2014";"929";"0.75";"1238.67";"White wine";"Glass";"12.5";"9.909333"
"Vinmonopolet";"10629901";"Dr. Loosen Ãrziger WÃ¼rzgarten Riesling GG 2017";"Dr. Loosen Ãrziger WÃ¼rzgarten Riesling GG";"2017";"349";"0.75";"465.33";"White wine";"Glass";"12.5";"3.7226667"
"Vinmonopolet";"10630001";"Dr. Loosen Wehlener Sonnenuhr Riesling GG 2017";"Dr. Loosen Wehlener Sonnenuhr Riesling GG";"2017";"309";"0.75";"412";"White wine";"Glass";"12.5";"3.296"
"Vinmonopolet";"10630101";"Dr. Loosen Graacher Himmelreich Riesling GG 2017";"Dr. Loosen Graacher Himmelreich Riesling GG";"2017";"300";"0.75";"400";"White wine";"Glass";"12.5";"3.2"
"Vinmonopolet";"10630201";"Dr. Loosen Graacher Domprobst Riesling GG 2017";"Dr. Loosen Graacher Domprobst Riesling GG";"2017";"300";"0.75";"400";"White wine";"Glass";"12.5";"3.2"
"Vinmonopolet";"10630301";"Dr. Loosen Erdener Treppchen Riesling GG 2017";"Dr. Loosen Erdener Treppchen Riesling GG";"2017";"375";"0.75";"500";"White wine";"Glass";"12.5";"4"
"Vinmonopolet";"10630401";"Marnes Blanches Les Molates Chardonnay 2018";"Marnes Blanches Les Molates Chardonnay";"2018";"245";"0.75";"326.67";"White wine";"Glass";"12";"2.7222223"
"Vinmonopolet";"10630501";"ArnaldoRivera Barolo Bussia 2014";"ArnaldoRivera Barolo Bussia";"2014";"599";"0.75";"798.67";"RÃ¸dvin";"Glass";"14";"5.704762"
"Vinmonopolet";"10630601";"ArnaldoRivera Barolo Rocche di Castiglione 2014";"ArnaldoRivera Barolo Rocche di Castiglione";"2014";"729";"0.75";"972";"RÃ¸dvin";"Glass";"14";"6.9428573"
"Vinmonopolet";"10630706";"Dievole Le Due Arbie Toscana 2018";"Dievole Le Due Arbie Toscana";"2018";"475";"3";"158.33";"RÃ¸dvin";"Bag-in-box";"13";"1.2179487"
"Vinmonopolet";"10630801";"No.1 Premium Dry Gin";"No.1 Premium Dry Gin";"0";"333.2";"0.7";"476";"Gin";"Glass";"37.5";"1.2693334"
"Vinmonopolet";"10630901";"No.1 Premium Vodka Kiwi";"No.1 Premium Vodka Kiwi";"0";"328.3";"0.7";"469";"Vodka";"Glass";"37.5";"1.2506666"
"Vinmonopolet";"10631001";"No.1 Premium Vodka Tropical";"No.1 Premium Vodka Tropical";"0";"328.3";"0.7";"469";"Vodka";"Glass";"37.5";"1.2506666"
"Vinmonopolet";"10631102";"Minttu Twist Laqriz";"Minttu Twist Laqriz";"0";"172.9";"0.5";"345.8";"LikÃ¸r";"Glass";"16";"2.1612499"
"Vinmonopolet";"10631202";"Minttu Twist Bubble Gum";"Minttu Twist Bubble Gum";"0";"172.9";"0.5";"345.8";"LikÃ¸r";"Glass";"16";"2.1612499"
"Vinmonopolet";"10631302";"Minttu Twist Polka";"Minttu Twist Polka";"0";"172.9";"0.5";"345.8";"LikÃ¸r";"Glass";"16";"2.1612499"
"Vinmonopolet";"10631402";"Reins Kloster Imperial Lakris Melkshake Stout";"Reins Kloster Imperial Lakris Melkshake Stout";"0";"69.2";"0.33";"209.7";"Porter and stout";"Glass";"8.2";"2.55728"
"Vinmonopolet";"10631901";"Cooper's Choice Inchfad 2009 9 YO Port Cask Finish #9318";"Cooper's Choice Inchfad  9 YO Port Cask Finish #";"0";"985";"0.7";"1407.14";"Whisky";"Glass";"52.5";"2.680272"
"Vinmonopolet";"10632001";"Cooper's Choice Cameronbridge 1982 36 YO #8283";"Cooper's Choice Cameronbridge  36 YO #";"0";"1899";"0.7";"2712.86";"Whisky";"Glass";"53";"5.1185985"
"Vinmonopolet";"10632101";"Deerstalker 12 YO";"Deerstalker 12 YO";"0";"825";"0.7";"1178.57";"Whisky";"Glass";"43";"2.7408638"
"Vinmonopolet";"10632201";"Cooper's Choice Wardhead 1997 21 YO Port Pipe Finish #1239";"Cooper's Choice Wardhead  21 YO Port Pipe Finish #";"0";"1659";"0.7";"2370";"Whisky";"Glass";"52.5";"4.5142856"
"Vinmonopolet";"10632301";"Cooper's Choice Kilnaughton 2009 9 YO Port Pipe Finish #9307";"Cooper's Choice Kilnaughton  9 YO Port Pipe Finish #";"0";"985";"0.7";"1407.14";"Whisky";"Glass";"56.5";"2.4905183"
"Vinmonopolet";"10632401";"Cognac Park Borderies Mizunara";"Cognac Park Borderies Mizunara";"0";"719.9";"0.7";"1028.43";"Grape spirit";"Glass";"43.5";"2.3642037"
"Vinmonopolet";"10632501";"Valli Unite Terragno 2016";"Valli Unite Terragno";"2016";"289.9";"0.75";"386.53";"White wine";"Glass";"13";"2.9733334"
"Vinmonopolet";"10632601";"Brecciato";"Brecciato";"2015";"199.9";"0.75";"266.53";"RÃ¸dvin";"Glass";"13";"2.0502563"
"Vinmonopolet";"10634501";"Sandhi Sta Rita Hills Pinot Noir 2017";"Sandhi Sta Rita Hills Pinot Noir";"2017";"369.9";"0.75";"493.2";"RÃ¸dvin";"Glass";"13.5";"3.6533332"
"Vinmonopolet";"10634601";"Sandhi Sta Rita Hills Chardonnay 2017";"Sandhi Sta Rita Hills Chardonnay";"2017";"369.9";"0.75";"493.2";"White wine";"Glass";"13";"3.7938461"
"Vinmonopolet";"10635101";"Bergkloster X Riesling Trocken 2017";"Bergkloster X Riesling Trocken";"2017";"259.9";"0.75";"346.53";"White wine";"Glass";"11";"3.150303"
"Vinmonopolet";"10635201";"Braastad X.O. Svevet";"Braastad X.O. Svevet";"0";"1199.9";"0.7";"1714.14";"Grape spirit";"Glass";"40";"4.2853575"
"Vinmonopolet";"10635401";"Bruichladdich Black Art 1990 Edition 06.1";"Bruichladdich Black Art  Edition 06.1";"0";"2749.9";"0.7";"3928.43";"Whisky";"Glass";"46.9";"8.37618"
"Vinmonopolet";"10635601";"Bruichladdich Rare Cask Series 1985/32";"Bruichladdich Rare Cask Series /32";"0";"6199.9";"0.7";"8857";"Whisky";"Glass";"48.7";"18.186857"
"Vinmonopolet";"10635801";"Bruichladdich Port Charlotte Islay Barley 2011";"Bruichladdich Port Charlotte Islay Barley";"0";"934.9";"0.7";"1335.57";"Whisky";"Glass";"50";"2.671143"
"Vinmonopolet";"10635901";"Bruichladdich Port Charlotte MRC: 01";"Bruichladdich Port Charlotte MRC: 01";"2010";"1309.9";"0.7";"1871.29";"Whisky";"Glass";"59.2";"3.1609557"
"Vinmonopolet";"10636101";"Byron Kosuge Hirsch Vineyard Sonoma Coast Pinot Noir 2015";"Byron Kosuge Hirsch Vineyard Sonoma Coast Pinot Noir";"2015";"515.4";"0.75";"687.2";"RÃ¸dvin";"Glass";"12.5";"5.4976"
"Vinmonopolet";"10636201";"Bruichladdich Octomore 09.1";"Bruichladdich Octomore 09.1";"0";"1989.9";"0.7";"2842.71";"Whisky";"Glass";"59.1";"4.8100076"
"Vinmonopolet";"10636307";"Monkey Shoulder";"Monkey Shoulder";"0";"3399.9";"4.5";"755.53";"Whisky";"Glass";"40";"1.8888333"
"Vinmonopolet";"10636405";"Mezzacorona Pinot Grigio";"Mezzacorona Pinot Grigio";"2018";"259.9";"1.5";"173.27";"White wine";"Glass";"12.5";"1.3861333"
"Vinmonopolet";"10636501";"Tinhof Leithaberg BlaufrÃ¤nkish 2015";"Tinhof Leithaberg BlaufrÃ¤nkish";"2015";"209.9";"0.75";"279.87";"RÃ¸dvin";"Glass";"13.5";"2.0730863"
"Vinmonopolet";"10636602";"Joseph Mellot DestinÃ©a Pinot Noir";"Joseph Mellot DestinÃ©a Pinot Noir";"2016";"99.9";"0.38";"266.4";"RÃ¸dvin";"Glass";"12.5";"2.103158"
"Vinmonopolet";"10636701";"Juan Gil Honor Vera Garnacha";"Juan Gil Honor Vera Garnacha";"2018";"149.9";"0.75";"199.87";"RÃ¸dvin";"Glass";"14.5";"1.3783908"
"Vinmonopolet";"10636801";"Juan Gil Honoro Vera Vino Blanco";"Juan Gil Honoro Vera Vino Blanco";"0";"149.9";"0.75";"199.87";"White wine";"Glass";"13.5";"1.4804938"
"Vinmonopolet";"10636901";"Lucy M. Cabernet Franc";"Lucy M. Cabernet Franc";"2019";"329.9";"0.75";"439.87";"RÃ¸dvin";"Glass";"10.5";"4.189206"
"Vinmonopolet";"10637206";"Dom. Nadine Ferrand Macon Blanc";"Dom. Nadine Ferrand Macon Blanc";"2017";"519.9";"3";"173.3";"White wine";"Bag-in-box";"12.5";"1.3864001"
"Vinmonopolet";"10637301";"Dom. Nadine Ferrand Macon Village 2016";"Dom. Nadine Ferrand Macon Village";"2016";"230";"0.75";"306.67";"White wine";"Glass";"13";"2.3589745"
"Vinmonopolet";"10637401";"Dom. Nadine Ferrand Saint-VÃ©ran 2017";"Dom. Nadine Ferrand Saint-VÃ©ran";"2017";"241.8";"0.75";"322.4";"White wine";"Glass";"13.5";"2.388148"
"Vinmonopolet";"10637501";"Lisini San Biagio Rosso 2016";"Lisini San Biagio Rosso";"2016";"284.9";"0.75";"379.87";"RÃ¸dvin";"Glass";"14";"2.7133334"
"Vinmonopolet";"10637601";"Lisini Rosso di Montalcino 2016";"Lisini Rosso di Montalcino";"2016";"369.9";"0.75";"493.2";"RÃ¸dvin";"Glass";"14";"3.5228572"
"Vinmonopolet";"10637701";"Momento Grenache Gris";"Momento Grenache Gris";"2018";"329.9";"0.75";"439.87";"White wine";"Glass";"12.5";"3.5189333"
"Vinmonopolet";"10637801";"Chemin de Provence de Rose";"Chemin de Provence de Rose";"2018";"189.9";"0.75";"253.2";"RosÃ©vin";"Glass";"12.5";"2.0256"
"Vinmonopolet";"10637907";"Taittinger Brut RÃ©serve";"Taittinger Brut RÃ©serve";"0";"7200";"9";"800";"Champagne, brut";"Glass";"12.5";"6.4"
"Vinmonopolet";"10638001";"Italicus Rosolio di Bergamotto";"Italicus Rosolio di Bergamotto";"0";"493.5";"0.7";"705";"LikÃ¸r";"Glass";"20";"3.525"
"Vinmonopolet";"10638102";"Mancino Vermouth Sakura 2.t.h.";"Mancino Vermouth Sakura 2.t.h.";"2018";"388.2";"0.5";"776.4";"Vermouth";"Glass";"18";"4.3133335"
"Vinmonopolet";"10638202";"Njord Happy Minds";"Njord Happy Minds";"0";"855";"0.5";"1710";"Gin";"Glass";"39";"4.3846154"
"Vinmonopolet";"10638301";"Black Bull 12 yo";"Black Bull 12 yo";"0";"759";"0.7";"1084.29";"Whisky";"Glass";"50";"2.1685715"
"Vinmonopolet";"10638401";"Ognissole Pietraia";"Ognissole Pietraia";"2017";"229.9";"0.75";"306.53";"White wine";"Glass";"13.5";"2.2706172"
"Vinmonopolet";"10638501";"Ognissole Primitivo";"Ognissole Primitivo";"2015";"239.9";"0.75";"319.87";"RÃ¸dvin";"Glass";"14.5";"2.205977"
"Vinmonopolet";"10638701";"Der KÃ¼chenmeister Silvaner dry 2017";"Der KÃ¼chenmeister Silvaner dry";"2017";"279.9";"0.75";"373.2";"White wine";"Glass";"12";"3.11"
"Vinmonopolet";"10639701";"Peter Lehmann Wildcard Chardonnay 2017";"Peter Lehmann Wildcard Chardonnay";"2017";"139.9";"0.75";"186.53";"White wine";"Glass";"11.5";"1.622029"
"Vinmonopolet";"10639801";"Peter Lehmann Hill & Valley Shiraz 2015";"Peter Lehmann Hill & Valley Shiraz";"2015";"239.9";"0.75";"319.87";"RÃ¸dvin";"Glass";"14.5";"2.205977"
"Vinmonopolet";"10639901";"Ardnamurchan Spirit 2018/AD";"Ardnamurchan Spirit /AD";"0";"950";"0.7";"1357.14";"Other spirit";"Glass";"55.3";"2.4541464"
"Vinmonopolet";"10640101";"The Golden Stallion Monastrell";"The Golden Stallion Monastrell";"0";"149.9";"0.75";"199.87";"RÃ¸dvin";"Glass";"15";"1.3324444"
"Vinmonopolet";"10640201";"Vino della Rosa Montepulciano d'Abruzzo";"Vino della Rosa Montepulciano d'Abruzzo";"0";"229.9";"0.75";"306.53";"RÃ¸dvin";"Glass";"14";"2.1895237"
"Vinmonopolet";"10640506";"Albino Armani Pinot Grigio";"Albino Armani Pinot Grigio";"2017";"349.9";"2";"174.95";"White wine";"Bag-in-box";"12.5";"1.3996"
"Vinmonopolet";"10640601";"Ar.Pe.Pe. Valtellina Grumello Rocca de Piro 2015";"Ar.Pe.Pe. Valtellina Grumello Rocca de Piro";"2015";"399.8";"0.75";"533.07";"RÃ¸dvin";"Glass";"13";"4.1005125"
"Vinmonopolet";"10640701";"Scarlet RosÃ©";"Scarlet RosÃ©";"0";"115";"0.75";"153.33";"RosÃ©vin";"Glass";"11.5";"1.3333334"
"Vinmonopolet";"10641106";"Hereford Sauvignon Blanc & TorrontÃ©s";"Hereford Sauvignon Blanc & TorrontÃ©s";"2018";"399.9";"3";"133.3";"White wine";"Bag-in-box";"12.5";"1.0663999"
"Vinmonopolet";"10641201";"Les Pelerins de Lafon-Rochet 2015";"Les Pelerins de Lafon-Rochet";"2015";"485";"0.75";"646.67";"RÃ¸dvin";"Glass";"13";"4.974359"
"Vinmonopolet";"10641301";"La Escondida";"La Escondida";"0";"729.9";"0.7";"1042.71";"Fruit spirit";"Glass";"40";"2.6067858"
"Vinmonopolet";"10641401";"The Botanist Islay Dry Gin";"The Botanist Islay Dry Gin";"0";"649.9";"0.7";"928.43";"Gin";"Glass";"46";"2.0183232"
"Vinmonopolet";"10641501";"La Hechicera";"La Hechicera";"0";"629.9";"0.7";"899.86";"Rum";"Glass";"40";"2.249643"
"Vinmonopolet";"10641601";"Union 55";"Union 55";"0";"589.9";"0.7";"842.71";"Rum";"Glass";"41";"2.0554008"
"Vinmonopolet";"10641701";"Gran Faustino Gran Reserva 1955";"Gran Faustino Gran Reserva";"1955";"2700";"0.75";"3600";"RÃ¸dvin";"Glass";"13";"27.692308"
"Vinmonopolet";"10641801";"Casa Ferreirinha Vinha Grande Branco";"Casa Ferreirinha Vinha Grande Branco";"2018";"169.9";"0.75";"226.53";"White wine";"Glass";"12.5";"1.8122666"
"Vinmonopolet";"10641902";"Pedregosa Reserva Clos De Blanc Brut Nature 2016";"Pedregosa Reserva Clos De Blanc Brut Nature";"2016";"92.9";"0.38";"247.73";"Sparkling wine";"Glass";"11.5";"2.125858"
"Vinmonopolet";"10642201";"Ch. SÃ©nÃ©jac 2016";"Ch. SÃ©nÃ©jac";"2016";"355";"0.75";"473.33";"RÃ¸dvin";"Glass";"13.5";"3.506173"
"Vinmonopolet";"10642301";"La Dame de Montrose 2016";"La Dame de Montrose";"2016";"790";"0.75";"1053.33";"RÃ¸dvin";"Glass";"13.5";"7.8024693"
"Vinmonopolet";"10642401";"Ch. CÃ´te de Baleau 2016";"Ch. CÃ´te de Baleau";"2016";"550";"0.75";"733.33";"RÃ¸dvin";"Glass";"14.5";"5.0574713"
"Vinmonopolet";"10642601";"Dom. de Baronarques Blanc 2016";"Dom. de Baronarques Blanc";"2016";"478.9";"0.75";"638.53";"White wine";"Glass";"13.5";"4.7298765"
"Vinmonopolet";"10642701";"Dom. de Baronarques Rouge 2015";"Dom. de Baronarques Rouge";"2015";"478.9";"0.75";"638.53";"RÃ¸dvin";"Glass";"15";"4.256889"
"Vinmonopolet";"10642801";"La Capitelle de Baronarques 2015";"La Capitelle de Baronarques";"2015";"328.9";"0.75";"438.53";"RÃ¸dvin";"Glass";"15";"2.9235556"
"Vinmonopolet";"10642901";"Ch. Siran 2016";"Ch. Siran";"2016";"875";"0.75";"1166.67";"RÃ¸dvin";"Glass";"14";"8.333333"
"Vinmonopolet";"10643001";"Hugues GodmÃ© Premier Cru Extra-Brut";"Hugues GodmÃ© Premier Cru Extra-Brut";"0";"490";"0.75";"653.33";"Champagne extra brut";"Glass";"12";"5.4444447"
"Vinmonopolet";"10643101";"Hugues GodmÃ© Blanc de Blancs Premier Cru Extra-Brut";"Hugues GodmÃ© Blanc de Blancs Premier Cru Extra-Brut";"0";"525";"0.75";"700";"Champagne extra brut";"Glass";"12";"5.8333335"
"Vinmonopolet";"10643201";"Hugues GodmÃ© Douce RÃ©serve Premier Cru Extra-Dry";"Hugues GodmÃ© Douce RÃ©serve Premier Cru Extra-Dry";"0";"485";"0.75";"646.67";"Champagne, other";"Glass";"12";"5.388889"
"Vinmonopolet";"10643301";"Hugues GodmÃ© Grand Cru Brut Nature";"Hugues GodmÃ© Grand Cru Brut Nature";"0";"586";"0.75";"781.33";"Champagne extra brut";"Glass";"12";"6.5111113"
"Vinmonopolet";"10643401";"Hugues GodmÃ© Les Allouettes Saint Bets Premier Cru Chardonnay Extra-Brut 2008";"Hugues GodmÃ© Les Allouettes Saint Bets Premier Cru Chardonnay Extra-Brut";"2008";"975";"0.75";"1300";"Champagne extra brut";"Glass";"12";"10.833333"
"Vinmonopolet";"10643501";"Hugues GodmÃ© Les Romaines Premier Cru Meunier Extra-Brut 2008";"Hugues GodmÃ© Les Romaines Premier Cru Meunier Extra-Brut";"2008";"975";"0.75";"1300";"Champagne extra brut";"Glass";"12";"10.833333"
"Vinmonopolet";"10643602";"Behemoth Hopped up on pils";"Behemoth Hopped up on pils";"0";"53";"0.33";"160.61";"Light lager";"Glass";"5";"3.212121"
"Vinmonopolet";"10643702";"Behemoth Kind of a Big Deal IPA";"Behemoth Kind of a Big Deal IPA";"0";"63.9";"0.33";"193.64";"India pale ale";"Metall";"6.5";"2.9790208"
"Vinmonopolet";"10643802";"Parrotdog Bitterbitch IPA";"Parrotdog Bitterbitch IPA";"0";"53.9";"0.33";"163.33";"India pale ale";"Metall";"5.8";"2.8160918"
"Vinmonopolet";"10643901";"Ch. Clarke 2014";"Ch. Clarke";"2014";"308.9";"0.75";"411.87";"RÃ¸dvin";"Glass";"14";"2.9419048"
"Vinmonopolet";"10644002";"Pedregosa Reserva Blanc De Millesime Brut Nature 2015";"Pedregosa Reserva Blanc De Millesime Brut Nature";"2015";"125";"0.38";"333.33";"Sparkling wine";"Glass";"11.5";"2.860412"
"Vinmonopolet";"10644101";"Ch. Malmaison 2014";"Ch. Malmaison";"2014";"244.9";"0.75";"326.53";"RÃ¸dvin";"Glass";"14";"2.332381"
"Vinmonopolet";"10644202";"Graff Little Moe with the gimpy leg Stout";"Graff Little Moe with the gimpy leg Stout";"0";"69.9";"0.33";"211.82";"Porter and stout";"Glass";"8.5";"2.4919786"
"Vinmonopolet";"10644301";"Famille Paquet MÃ¢con-Lugny Les Charmes Chardonnay 2018";"Famille Paquet MÃ¢con-Lugny Les Charmes Chardonnay";"2018";"169.9";"0.75";"226.53";"White wine";"Glass";"12.5";"1.8122666"
"Vinmonopolet";"10644401";"Eik & Tid Krypto RÃ¥Ã¸l";"Eik & Tid Krypto RÃ¥Ã¸l";"0";"139.8";"0.75";"186.4";"SurÃ¸l";"Glass";"6";"3.1066668"
"Vinmonopolet";"10644505";"Le Guaite di Noemi Amarone della Valpolicella";"Le Guaite di Noemi Amarone della Valpolicella";"2009";"1128.2";"1.5";"752.13";"RÃ¸dvin";"Glass";"17";"4.4243135"
"Vinmonopolet";"10644601";"Bache-Gabrielsen Thomas XO Prestige";"Bache-Gabrielsen Thomas XO Prestige";"0";"1390";"1";"1390";"Grape spirit";"Glass";"40";"3.475"
"Vinmonopolet";"10644702";"Ch. Menota Graves SupÃ©rieures";"Ch. Menota Graves SupÃ©rieures";"2014";"134.8";"0.38";"359.47";"White wine";"Glass";"13.5";"2.6276803"
"Vinmonopolet";"10644901";"Famille Paquet Pouilly-FuissÃ© Les Crays";"Famille Paquet Pouilly-FuissÃ© Les Crays";"2016";"469.9";"0.75";"626.53";"White wine";"Glass";"13";"4.819487"
"Vinmonopolet";"10645002";"Rodenbach Vintage";"Rodenbach Vintage";"2017";"94.9";"0.38";"253.07";"SurÃ¸l";"Glass";"7";"3.5676694"
"Vinmonopolet";"10645101";"Famille Paquet Saint-VÃ©ran Les Cras 2016";"Famille Paquet Saint-VÃ©ran Les Cras";"2016";"279.9";"0.75";"373.2";"White wine";"Glass";"13";"2.8707693"
"Vinmonopolet";"10645201";"Curto Dolcetto d'Alba 2017";"Curto Dolcetto d'Alba";"2017";"228.9";"0.75";"305.2";"RÃ¸dvin";"Glass";"13.5";"2.2607408"
"Vinmonopolet";"10645301";"Curto Barolo Arborina 2014";"Curto Barolo Arborina";"2014";"486.9";"0.75";"649.2";"RÃ¸dvin";"Glass";"14.5";"4.4772415"
"Vinmonopolet";"10645402";"Le Bertarole Podere Le Giarette Recioto della Valpolicella 2012";"Le Bertarole Podere Le Giarette Recioto della Valpolicella";"2012";"249.4";"0.38";"665.07";"RÃ¸dvin";"Glass";"15";"4.3754387"
"Vinmonopolet";"10645501";"Curto Langhe Freisa 2016";"Curto Langhe Freisa";"2016";"252.9";"0.75";"337.2";"RÃ¸dvin";"Glass";"14.5";"2.3255172"
"Vinmonopolet";"10645601";"Ch. de Rouffiac Cahors SÃ©duction 2016";"Ch. de Rouffiac Cahors SÃ©duction";"2016";"139.9";"0.75";"186.53";"RÃ¸dvin";"Glass";"12.5";"1.4922667"
"Vinmonopolet";"10645807";"St. Bernardus Abt. 12";"St. Bernardus Abt. 12";"0";"1690";"6";"281.67";"Trappist";"Glass";"10";"2.8166666"
"Vinmonopolet";"10645901";"Terra d'Alter Reserva Branco";"Terra d'Alter Reserva Branco";"2017";"189.9";"0.75";"253.2";"White wine";"Glass";"13.5";"1.8755555"
"Vinmonopolet";"10646101";"Villa Valentina Sangiovese";"Villa Valentina Sangiovese";"2018";"159.9";"0.75";"213.2";"RÃ¸dvin";"Glass";"13";"1.64"
"Vinmonopolet";"10646301";"Ch. Clarke 2006";"Ch. Clarke";"2006";"354.9";"0.75";"473.2";"RÃ¸dvin";"Glass";"13.5";"3.5051851"
"Vinmonopolet";"10646405";"Rolet Poulsard Vieilles Vignes 2003";"Rolet Poulsard Vieilles Vignes";"2003";"549.8";"1.5";"366.53";"RÃ¸dvin";"Glass";"13";"2.819487"
"Vinmonopolet";"10646801";"No.1 Super Premium Vodka";"No.1 Super Premium Vodka";"0";"371";"0.7";"530";"Vodka";"Glass";"37.5";"1.4133334"
"Vinmonopolet";"10646901";"No.1 Super Premium Dry Gin";"No.1 Super Premium Dry Gin";"0";"393.7";"0.7";"562.43";"Gin";"Glass";"37.5";"1.4998096"
"Vinmonopolet";"10647001";"No.1 Premium Dry Gin Strawberry";"No.1 Premium Dry Gin Strawberry";"0";"461.3";"1";"461.3";"Gin";"Glass";"37.5";"1.2301333"
"Vinmonopolet";"10647101";"No.1 Premium Dry Gin Elderflower Citrus";"No.1 Premium Dry Gin Elderflower Citrus";"0";"333.2";"0.7";"476";"Gin";"Glass";"37.5";"1.2693334"
"Vinmonopolet";"10647202";"Cervisiam Jungle Juicier Imperial IPA";"Cervisiam Jungle Juicier Imperial IPA";"0";"73.9";"0.33";"217.88";"India pale ale";"Emballasje med pant";"10";"2.239394"
"Vinmonopolet";"10647502";"Haandbryggeriet Hug me!";"Haandbryggeriet Hug me!";"0";"49.7";"0.33";"144.55";"Pale ale";"Emballasje med pant";"5.8";"2.596656"
"Vinmonopolet";"10647701";"Tissot Vin Jaune W 2012";"Tissot Vin Jaune W";"2012";"749.9";"0.62";"1209.52";"White wine";"Glass";"16";"7.559476"
"Vinmonopolet";"10647801";"Weinbach Schlossberg Grand Cru Riesling 2018";"Weinbach Schlossberg Grand Cru Riesling";"2018";"649.9";"0.75";"866.53";"White wine";"Glass";"13.5";"6.4187655"
"Vinmonopolet";"10649105";"Tissot Saint-Roch Chardonnay 2016";"Tissot Saint-Roch Chardonnay";"2016";"1499.9";"1.5";"999.93";"White wine";"Glass";"13.5";"7.4069138"
"Vinmonopolet";"10649201";"Tissot La Mailloche DÃ©voilÃ© Savagnin 2011";"Tissot La Mailloche DÃ©voilÃ© Savagnin";"2011";"779.8";"0.75";"1039.73";"White wine";"Glass";"15.5";"6.707957"
"Vinmonopolet";"10649301";"Tissot Traminer 2016";"Tissot Traminer";"2016";"419.8";"0.75";"559.73";"White wine";"Glass";"13";"4.3056407"
"Vinmonopolet";"10649405";"Tissot Les BruyÃ¨res Chardonnay 2017";"Tissot Les BruyÃ¨res Chardonnay";"2017";"899.9";"1.5";"599.93";"White wine";"Glass";"14";"4.2852383"
"Vinmonopolet";"10649505";"Tissot La Mailloche Chardonnay 2017";"Tissot La Mailloche Chardonnay";"2017";"969.9";"1.5";"646.6";"White wine";"Glass";"14";"4.6185718"
"Vinmonopolet";"10649602";"Sagene Milkshake IPA";"Sagene Milkshake IPA";"0";"68";"0.33";"206.06";"India pale ale";"Glass";"7.5";"2.7474747"
"Vinmonopolet";"10649702";"O/O Brewing Narangi IPA";"O/O Brewing Narangi IPA";"0";"54.9";"0.33";"160.3";"India pale ale";"Emballasje med pant";"6.8";"2.446524"
"Vinmonopolet";"10650502";"Ballast Point California KÃ¶lsch";"Ballast Point California KÃ¶lsch";"0";"39.9";"0.35";"112.39";"Light ale";"Glass";"5.2";"2.192308"
"Vinmonopolet";"10650602";"Ballast Point Tart Peach KÃ¶lsch";"Ballast Point Tart Peach KÃ¶lsch";"0";"39.9";"0.35";"112.39";"Light ale";"Metall";"5.2";"2.192308"
"Vinmonopolet";"10651802";"Firestone Walker Under Currants";"Firestone Walker Under Currants";"0";"144.9";"0.38";"386.4";"SurÃ¸l";"Glass";"6.3";"6.0526314"
"Vinmonopolet";"10652102";"Amundsen Double Apocalypse";"Amundsen Double Apocalypse";"0";"65.9";"0.33";"193.64";"India pale ale";"Emballasje med pant";"8.5";"2.349376"
"Vinmonopolet";"10652301";"Graham's Single Harvest Tawny 1963";"Graham's Single Harvest Tawny";"1963";"2999";"0.75";"3998.67";"Port wine";"Glass";"20";"19.993334"
"Vinmonopolet";"10652501";"20.000 Leguas Amber Wine 2019";"20.000 Leguas Amber Wine";"2019";"154.9";"0.75";"206.53";"White wine";"Glass";"13";"1.5887179"
"Vinmonopolet";"10652601";"Cline Sonoma Coast Syrah";"Cline Sonoma Coast Syrah";"2017";"189.9";"0.75";"253.2";"RÃ¸dvin";"Glass";"14.5";"1.7462069"
"Vinmonopolet";"10652701";"Cline Ancient Vines Mourvedre";"Cline Ancient Vines Mourvedre";"2016";"179.9";"0.75";"239.87";"RÃ¸dvin";"Glass";"14.5";"1.6542528"
"Vinmonopolet";"10652801";"Dom. des Fonds Fleurie 2015";"Dom. des Fonds Fleurie";"2015";"210";"0.75";"280";"RÃ¸dvin";"Glass";"13";"2.1538463"
"Vinmonopolet";"10652902";"LovlÃ¸s Ring 3 Cider";"LovlÃ¸s Ring 3 Cider";"0";"64.9";"0.33";"196.67";"Cider";"Glass";"7.2";"2.7314816"
"Vinmonopolet";"10653001";"Luigi Righetti Vino Rosato Verona";"Luigi Righetti Vino Rosato Verona";"2018";"129.9";"0.75";"173.2";"RosÃ©vin";"Glass";"12.5";"1.3856"
"Vinmonopolet";"10653301";"Peter Lehmann Layers White 2018";"Peter Lehmann Layers White";"2018";"189.9";"0.75";"253.2";"White wine";"Glass";"11.5";"2.201739"
"Vinmonopolet";"10653401";"Nero di Troia";"Nero di Troia";"2015";"169.9";"0.75";"226.53";"RÃ¸dvin";"Glass";"13.5";"1.6780246"
"Vinmonopolet";"10653501";"Peter Lehmann Layers Red 2014";"Peter Lehmann Layers Red";"2014";"199.9";"0.75";"266.53";"RÃ¸dvin";"Glass";"14.5";"1.8381609"
"Vinmonopolet";"10653601";"Peter Lehmann The Barossan Shiraz 2016";"Peter Lehmann The Barossan Shiraz";"2016";"259.9";"0.75";"346.53";"RÃ¸dvin";"Glass";"14.5";"2.389885"
"Vinmonopolet";"10655601";"Ch. Bellevue";"Ch. Bellevue";"2014";"219.9";"0.75";"293.2";"RÃ¸dvin";"Glass";"13.5";"2.1718519"
"Vinmonopolet";"10656501";"Villa Merighi Valpolicella 2018";"Villa Merighi Valpolicella";"2018";"167.9";"0.75";"223.87";"RÃ¸dvin";"Glass";"12.5";"1.7909333"
"Vinmonopolet";"10656601";"Sea Change Merlot";"Sea Change Merlot";"2017";"99.6";"0.75";"132.8";"RÃ¸dvin";"Glass";"13.5";"0.9837037"
"Vinmonopolet";"10656801";"Villa Merighi Bardolino 2017";"Villa Merighi Bardolino";"2017";"147.9";"0.75";"197.2";"RÃ¸dvin";"Glass";"12.5";"1.5775999"
"Vinmonopolet";"10656901";"The Famous Grouse Winter Reserve";"The Famous Grouse Winter Reserve";"0";"429.9";"0.7";"614.14";"Whisky";"Glass";"40";"1.5353571"
"Vinmonopolet";"10657301";"Jean-Luc Pasquet L'Organic 07";"Jean-Luc Pasquet L'Organic 07";"0";"649";"0.7";"927.14";"Grape spirit";"Glass";"40";"2.3178573"
"Vinmonopolet";"10657401";"Jean-Luc Pasquet L'Organic 10";"Jean-Luc Pasquet L'Organic 10";"0";"749";"0.7";"1070";"Grape spirit";"Glass";"40";"2.675"
"Vinmonopolet";"10657601";"Louis Latour Saint-Aubin 1er Cru 2016";"Louis Latour Saint-Aubin 1er Cru";"2016";"348.9";"0.75";"465.2";"White wine";"Glass";"13.5";"3.445926"
"Vinmonopolet";"10657702";"Von Buhl Scheurebe Auslese";"Von Buhl Scheurebe Auslese";"2016";"204.9";"0.38";"546.4";"White wine";"Glass";"10.5";"5.1353383"
"Vinmonopolet";"10657901";"Silvano Bolmida Barolo Bussia 2011";"Silvano Bolmida Barolo Bussia";"2011";"346.9";"0.75";"462.53";"RÃ¸dvin";"Glass";"14.5";"3.189885"
"Vinmonopolet";"10658001";"Dom. Meix Foulot Mercurey 1er Cru Clos du Ch. de Montaigu 2016";"Dom. Meix Foulot Mercurey 1er Cru Clos du Ch. de Montaigu";"2016";"345";"0.75";"460";"RÃ¸dvin";"Glass";"13";"3.5384614"
"Vinmonopolet";"10658101";"Bachey-Legros Chassagne-Montrachet 2016";"Bachey-Legros Chassagne-Montrachet";"2016";"550";"0.75";"733.33";"White wine";"Glass";"13.5";"5.432099"
"Vinmonopolet";"10658201";"Dom. de la Feuillarde Saint-VÃ©ran 2017";"Dom. de la Feuillarde Saint-VÃ©ran";"2017";"224.9";"0.75";"299.87";"White wine";"Glass";"13";"2.3066666"
"Vinmonopolet";"10658301";"La Tour des Bans Morgon 2017";"La Tour des Bans Morgon";"2017";"198";"0.75";"264";"RÃ¸dvin";"Glass";"13";"2.0307693"
"Vinmonopolet";"10658401";"Closerie des Thorins Moulin-Ã -Vent 2015";"Closerie des Thorins Moulin-Ã -Vent";"2015";"265";"0.75";"353.33";"RÃ¸dvin";"Glass";"13";"2.7179487"
"Vinmonopolet";"10658501";"Kesseler Lorcher Pfaffenwies Riesling 2015";"Kesseler Lorcher Pfaffenwies Riesling";"2015";"269.9";"0.75";"359.87";"White wine";"Glass";"12.5";"2.8789332"
"Vinmonopolet";"10658601";"Kesseler Lorchhausen Seligmacher Riesling GG 2016";"Kesseler Lorchhausen Seligmacher Riesling GG";"2016";"589.9";"0.75";"786.53";"White wine";"Glass";"13";"6.0502567"
"Vinmonopolet";"10658701";"Kesseler RÃ¼desheimer Berg Schlossberg Alte Reben Riesling 2016";"Kesseler RÃ¼desheimer Berg Schlossberg Alte Reben Riesling";"2016";"429.9";"0.75";"573.2";"White wine";"Glass";"12.5";"4.5856"
"Vinmonopolet";"10658801";"Kesseler Lorch Riesling 2016";"Kesseler Lorch Riesling";"2016";"249.9";"0.75";"333.2";"White wine";"Glass";"12";"2.7766666"
"Vinmonopolet";"10658901";"La Togata Rosso di Montalcino 2015";"La Togata Rosso di Montalcino";"2015";"249.9";"0.75";"333.2";"RÃ¸dvin";"Glass";"14.5";"2.297931"
"Vinmonopolet";"10659001";"La Togata Brunello di Montacino 2013";"La Togata Brunello di Montacino";"2013";"449.9";"0.75";"599.87";"RÃ¸dvin";"Glass";"14.5";"4.1370115"
"Vinmonopolet";"10659101";"Cask Orkney 18 YO";"Cask Orkney 18 YO";"0";"1195";"0.7";"1707.14";"Whisky";"Glass";"46";"3.7111802"
"Vinmonopolet";"10659401";"Adelphi's Breath of Speyside";"Adelphi's Breath of Speyside";"0";"1275";"0.7";"1821.43";"Whisky";"Glass";"58.2";"3.1296024"
"Vinmonopolet";"10659701";"Adelphi Selection Aultmore 18 yo #571/573";"Adelphi Selection Aultmore 18 yo #571/573";"0";"1750";"0.7";"2500";"Whisky";"Glass";"55";"4.5454545"
"Vinmonopolet";"10660101";"Jim Beam Black";"Jim Beam Black";"0";"419.9";"0.7";"599.86";"Whisky";"Glass";"43";"1.3950167"
"Vinmonopolet";"10660201";"No.1 Super Premium Vodka Chocolate";"No.1 Super Premium Vodka Chocolate";"0";"371";"0.7";"530";"Vodka";"Glass";"37.5";"1.4133334"
"Vinmonopolet";"10660301";"No.1 Super Premium Rum";"No.1 Super Premium Rum";"0";"393.7";"0.7";"562.43";"Rum";"Glass";"37.5";"1.4998096"
"Vinmonopolet";"10660401";"No.1 Old Caribbean Dark Spiced";"No.1 Old Caribbean Dark Spiced";"0";"352.7";"0.7";"503.86";"Other spirit";"Glass";"37.5";"1.3436191"
"Vinmonopolet";"10660501";"Tombacco Salice Salentino Rosso Riserva";"Tombacco Salice Salentino Rosso Riserva";"0";"179.3";"0.75";"239.07";"RÃ¸dvin";"Glass";"14.5";"1.6487356"
"Vinmonopolet";"10660601";"Kranz Riesling Vom Kalk 2017";"Kranz Riesling Vom Kalk";"2017";"269.9";"0.75";"359.87";"White wine";"Glass";"12.5";"2.8789332"
"Vinmonopolet";"10660701";"Kranz Kirchberg Riesling Trocken GG 2017";"Kranz Kirchberg Riesling Trocken GG";"2017";"399.9";"0.75";"533.2";"White wine";"Glass";"12.5";"4.2655997"
"Vinmonopolet";"10660801";"Santa Lucia Elgvin 2018";"Santa Lucia Elgvin";"2018";"174.9";"0.75";"233.2";"RÃ¸dvin";"Glass";"12.5";"1.8656"
"Vinmonopolet";"10660901";"Wimmer-Czerny Pur GrÃ¼ner Veltliner Pet Nat";"Wimmer-Czerny Pur GrÃ¼ner Veltliner Pet Nat";"2017";"181.4";"0.75";"241.87";"Sparkling white wine";"Glass";"11.5";"2.1031883"
"Vinmonopolet";"10661001";"Romeo Bellini Pfirsch";"Romeo Bellini Pfirsch";"0";"109";"0.75";"145.33";"Flavoured wine	";"Glass";"5.9";"2.4632769"
"Vinmonopolet";"10661101";"Schwedhelm Schwarzer Herrgott Riesling Trocken 2018";"Schwedhelm Schwarzer Herrgott Riesling Trocken";"2018";"339.7";"0.75";"452.93";"White wine";"Glass";"12.5";"3.6234667"
"Vinmonopolet";"10661201";"Schwedhelm Wotanfels Riesling Trocken 2018";"Schwedhelm Wotanfels Riesling Trocken";"2018";"299.7";"0.75";"399.6";"White wine";"Glass";"13";"3.0738463"
"Vinmonopolet";"10661301";"Wimmer-Czerny Pur rosÃ© Pet Nat 2018";"Wimmer-Czerny Pur rosÃ© Pet Nat";"2018";"299.9";"0.75";"399.87";"Perlende vin, rosÃ©";"Glass";"11";"3.6351514"
"Vinmonopolet";"10661401";"Georg MÃ¼ller Hattenheimer Hassel Riesling Kabinett Grosse Lage 2014";"Georg MÃ¼ller Hattenheimer Hassel Riesling Kabinett Grosse Lage";"2014";"245";"0.75";"326.67";"White wine";"Glass";"10";"3.2666667"
"Vinmonopolet";"10661501";"Georg MÃ¼ller Hattenheimer Riesling Trocken 2018";"Georg MÃ¼ller Hattenheimer Riesling Trocken";"2018";"199.9";"0.75";"266.53";"White wine";"Glass";"12";"2.221111"
"Vinmonopolet";"10661601";"Georg MÃ¼ller Edition PW SpÃ¤tburgunder Trocken 2017";"Georg MÃ¼ller Edition PW SpÃ¤tburgunder Trocken";"2017";"299.9";"0.75";"399.87";"RÃ¸dvin";"Glass";"13";"3.0758975"
"Vinmonopolet";"10661701";"Georg MÃ¼ller Daniel SpÃ¤tburgunder Trocken 2018";"Georg MÃ¼ller Daniel SpÃ¤tburgunder Trocken";"2018";"299.9";"0.75";"399.87";"RÃ¸dvin";"Glass";"13";"3.0758975"
"Vinmonopolet";"10661801";"Georg MÃ¼ller Hallgartener Hendelberg SpÃ¤tburgunder Trocken 2017";"Georg MÃ¼ller Hallgartener Hendelberg SpÃ¤tburgunder Trocken";"2017";"399.9";"0.75";"533.2";"RÃ¸dvin";"Glass";"13.5";"3.9496295"
"Vinmonopolet";"10662001";"Milan Nestarec Podfuck 2016";"Milan Nestarec Podfuck";"2016";"410";"0.75";"546.67";"White wine";"Glass";"13.5";"4.0493827"
"Vinmonopolet";"10662101";"Milan Nestarec Troublemaker 2016";"Milan Nestarec Troublemaker";"2016";"344";"0.75";"458.67";"White wine";"Glass";"11.5";"3.9884057"
"Vinmonopolet";"10662201";"Milan Nestarec What the flor 2016";"Milan Nestarec What the flor";"2016";"386";"0.75";"514.67";"White wine";"Glass";"13.5";"3.8123457"
"Vinmonopolet";"10662301";"Milan Nestarec I am not a big wine 2015";"Milan Nestarec I am not a big wine";"2015";"369.8";"0.75";"493.07";"White wine";"Glass";"13";"3.7928205"
"Vinmonopolet";"10662401";"Krasna Hora Chardonnay Barrel Selection 2018";"Krasna Hora Chardonnay Barrel Selection";"2018";"298";"0.75";"397.33";"White wine";"Glass";"12.5";"3.1786666"
"Vinmonopolet";"10662701";"Henri Delagrange Puligny-Montrachet 2018";"Henri Delagrange Puligny-Montrachet";"2018";"585";"0.75";"780";"White wine";"Glass";"13.5";"5.7777777"
"Vinmonopolet";"10662801";"Henri Delagrange Chassagne-Montrachet 2018";"Henri Delagrange Chassagne-Montrachet";"2018";"585.2";"0.75";"780.27";"White wine";"Glass";"13";"6.0020514"
"Vinmonopolet";"10662901";"Henri Delagrange Hautes-CÃ´te de Beaune Chardonnay 2018";"Henri Delagrange Hautes-CÃ´te de Beaune Chardonnay";"2018";"245";"0.75";"326.67";"White wine";"Glass";"12.5";"2.6133332"
"Vinmonopolet";"10663001";"Henri Delagrange Volnay Vieilles Vignes 2017";"Henri Delagrange Volnay Vieilles Vignes";"2017";"485";"0.75";"646.67";"RÃ¸dvin";"Glass";"13.5";"4.7901235"
"Vinmonopolet";"10663101";"Henri Delagrange Hautes-CÃ´te de Beaune Pinot Noir 2018";"Henri Delagrange Hautes-CÃ´te de Beaune Pinot Noir";"2018";"245";"0.75";"326.67";"RÃ¸dvin";"Glass";"13";"2.5128205"
"Vinmonopolet";"10663201";"Henri Delagrange Meursault 2018";"Henri Delagrange Meursault";"2018";"545";"0.75";"726.67";"White wine";"Glass";"13";"5.5897436"
"Vinmonopolet";"10663301";"Roche de Bellene Bellenos CuvÃ©e Blanc 2017";"Roche de Bellene Bellenos CuvÃ©e Blanc";"2017";"149.9";"0.75";"199.87";"White wine";"Glass";"12";"1.6655555"
"Vinmonopolet";"10663501";"PflÃ¼ger CuvÃ©e Rassig Brut";"PflÃ¼ger CuvÃ©e Rassig Brut";"0";"239.9";"0.75";"319.87";"Sparkling wine";"Glass";"12.5";"2.5589333"
"Vinmonopolet";"10663601";"Ch. de MÃ©rande La Belle Romaine Arbin Mondeuse 2017";"Ch. de MÃ©rande La Belle Romaine Arbin Mondeuse";"2017";"199.9";"0.75";"266.53";"RÃ¸dvin";"Glass";"12";"2.221111"
"Vinmonopolet";"10663701";"Jean-FranÃ§ois QuÃ©nard Les 2 Jean Persan 2018";"Jean-FranÃ§ois QuÃ©nard Les 2 Jean Persan";"2018";"299.9";"0.75";"399.87";"RÃ¸dvin";"Glass";"14.5";"2.7577012"
"Vinmonopolet";"10663801";"Jean-FranÃ§ois QuÃ©nard Terres Rouges Mondeuse";"Jean-FranÃ§ois QuÃ©nard Terres Rouges Mondeuse";"2017";"219.9";"0.75";"293.2";"RÃ¸dvin";"Glass";"12";"2.4433331"
"Vinmonopolet";"10664101";"Clerget CrÃ©mant de Bourgogne Brut";"Clerget CrÃ©mant de Bourgogne Brut";"0";"159.9";"0.75";"213.2";"Sparkling wine";"Glass";"12";"1.7766666"
"Vinmonopolet";"10665001";"Milan Nestarec Forks and Knives 2017";"Milan Nestarec Forks and Knives";"2017";"289";"0.75";"385.33";"White wine";"Glass";"13";"2.9641025"
"Vinmonopolet";"10665501";"The Fishwives Club Merlot";"The Fishwives Club Merlot";"2017";"150";"0.75";"200";"RÃ¸dvin";"Glass";"14";"1.4285715"
"Vinmonopolet";"10665601";"The Fishwives Club Sauvignon Blanc";"The Fishwives Club Sauvignon Blanc";"2018";"139.9";"0.75";"186.53";"White wine";"Glass";"12";"1.5544444"
"Vinmonopolet";"10665701";"The Fishwives Club Pinotage RosÃ©";"The Fishwives Club Pinotage RosÃ©";"2018";"139.9";"0.75";"186.53";"RosÃ©vin";"Glass";"12.5";"1.4922667"
"Vinmonopolet";"10666401";"La Casaccia Poggeto Grignolino del Monferrato Casalese 2017";"La Casaccia Poggeto Grignolino del Monferrato Casalese";"2017";"229.9";"0.75";"306.53";"RÃ¸dvin";"Glass";"13.5";"2.2706172"
"Vinmonopolet";"10666501";"La Casaccia Giuanin Barbera del Monferrato 2017";"La Casaccia Giuanin Barbera del Monferrato";"2017";"229.9";"0.75";"306.53";"RÃ¸dvin";"Glass";"14";"2.1895237"
"Vinmonopolet";"10666601";"La Casaccia Monfiorenza Monferrato Freisa 2017";"La Casaccia Monfiorenza Monferrato Freisa";"2017";"219.9";"0.75";"293.2";"RÃ¸dvin";"Glass";"13.5";"2.1718519"
"Vinmonopolet";"10668201";"Walter HundsrÃ¼ck SpÃ¤tburgunder 2012";"Walter HundsrÃ¼ck SpÃ¤tburgunder";"2012";"558.9";"0.75";"745.2";"RÃ¸dvin";"Glass";"13.5";"5.5200005"
"Vinmonopolet";"10668401";"Walter Centgrafenberg J SpÃ¤tburgunder 2012";"Walter Centgrafenberg J SpÃ¤tburgunder";"2012";"468.9";"0.75";"625.2";"RÃ¸dvin";"Glass";"13.5";"4.631111"
"Vinmonopolet";"10668501";"Walters SpÃ¤tburgunder 2014";"Walters SpÃ¤tburgunder";"2014";"238.9";"0.75";"318.53";"RÃ¸dvin";"Glass";"13";"2.4502563"
"Vinmonopolet";"10668601";"Walter Centgrafenberg SpÃ¤tburgunder 2012";"Walter Centgrafenberg SpÃ¤tburgunder";"2012";"299.4";"0.75";"399.2";"RÃ¸dvin";"Glass";"13";"3.070769"
"Vinmonopolet";"10668701";"Walter Centgrafenberg J SpÃ¤tburgunder 2008";"Walter Centgrafenberg J SpÃ¤tburgunder";"2008";"489.3";"0.75";"652.4";"RÃ¸dvin";"Glass";"14";"4.66"
"Vinmonopolet";"10669101";"K. Wechsler SpÃ¤tburgunder Trocken 2017";"K. Wechsler SpÃ¤tburgunder Trocken";"2017";"206.9";"0.75";"275.87";"RÃ¸dvin";"Glass";"12";"2.298889"
"Vinmonopolet";"10669201";"Bota Velha Douro Tinto 2018";"Bota Velha Douro Tinto";"2018";"169.9";"0.75";"226.53";"RÃ¸dvin";"Glass";"13.5";"1.6780246"
"Vinmonopolet";"10669301";"Bota Velha Douro Branco 2017";"Bota Velha Douro Branco";"2017";"166.9";"0.75";"222.53";"White wine";"Glass";"13";"1.7117949"
"Vinmonopolet";"10670001";"Planat VSOP Prestige";"Planat VSOP Prestige";"0";"449.9";"0.7";"642.71";"Grape spirit";"Glass";"40";"1.6067858"
"Vinmonopolet";"10670101";"Planat VS Select";"Planat VS Select";"0";"419";"0.7";"598.57";"Grape spirit";"Glass";"40";"1.4964286"
"Vinmonopolet";"10670201";"Planat XO Imperial";"Planat XO Imperial";"0";"579";"0.7";"827.14";"Grape spirit";"Glass";"40";"2.0678573"
"Vinmonopolet";"10670701";"PflÃ¼ger Biodynamite 2018";"PflÃ¼ger Biodynamite";"2018";"199.9";"0.75";"266.53";"White wine";"Glass";"12";"2.221111"
"Vinmonopolet";"10670901";"Backhouse Cabernet Sauvignon 2015";"Backhouse Cabernet Sauvignon";"2015";"89.9";"0.75";"119.87";"RÃ¸dvin";"Glass";"13";"0.9220513"
"Vinmonopolet";"10671001";"Backhouse Chardonnay 2016";"Backhouse Chardonnay";"2016";"209";"0.75";"278.67";"White wine";"Glass";"13";"2.1435897"
"Vinmonopolet";"10674901";"Juan de Juanes Garnacha Tempranillo Syrah";"Juan de Juanes Garnacha Tempranillo Syrah";"2018";"114.9";"0.75";"153.2";"RÃ¸dvin";"Glass";"13.5";"1.1348149"
"Vinmonopolet";"10675001";"Dominio de Unx Garnacha";"Dominio de Unx Garnacha";"2016";"129.9";"0.75";"173.2";"RÃ¸dvin";"Glass";"14.5";"1.1944827"
"Vinmonopolet";"10675502";"IsbjÃ¸rn Gull Lite";"IsbjÃ¸rn Gull Lite";"0";"31.9";"0.33";"90.61";"Light lager";"Emballasje med pant";"5.5";"1.7575756"
"Vinmonopolet";"10675601";"Markus Molitor ÃlÃ©gance Riesling 2018";"Markus Molitor ÃlÃ©gance Riesling";"2018";"124.8";"0.75";"166.4";"White wine";"Glass";"7.5";"2.2186668"
"Vinmonopolet";"10675701";"Casteloro Amarone della Valpolicella 2016";"Casteloro Amarone della Valpolicella";"2016";"229.9";"0.75";"306.53";"RÃ¸dvin";"Glass";"15";"2.0435555"
"Vinmonopolet";"10675902";"7 Fjell Morgenstemning Coffee Stout";"7 Fjell Morgenstemning Coffee Stout";"0";"56.9";"0.33";"166.36";"Porter and stout";"Emballasje med pant";"6.5";"2.6526806"
"Vinmonopolet";"10676301";"Tandem Inmune";"Tandem Inmune";"2017";"199.9";"0.75";"266.53";"RÃ¸dvin";"Glass";"14.5";"1.8381609"
"Vinmonopolet";"10676402";"Ullins Original";"Ullins Original";"0";"249";"0.5";"498";"Bitter	";"Plast";"35";"1.4228572"
"Vinmonopolet";"10676503";"Ullins Longshot Spice Bitter Liqueur";"Ullins Longshot Spice Bitter Liqueur";"0";"69";"0.1";"690";"Bitter	";"Plast";"35";"1.9714285"
"Vinmonopolet";"10676701";"Greenfield Vodka";"Greenfield Vodka";"0";"329.9";"0.7";"471.29";"Vodka";"Glass";"37.5";"1.2567619"
"Vinmonopolet";"10676801";"Ogier Artesis CÃ´te du RhÃ´ne Blanc";"Ogier Artesis CÃ´te du RhÃ´ne Blanc";"2017";"156.3";"0.75";"208.4";"White wine";"Glass";"13";"1.6030769"
"Vinmonopolet";"10676902";"Lustau Amontillado VORS 30 YO";"Lustau Amontillado VORS 30 YO";"0";"699.8";"0.5";"1399.6";"Sherry";"Glass";"21.5";"6.5097675"
"Vinmonopolet";"10680305";"Palladino Barolo Serralunga 2013";"Palladino Barolo Serralunga";"2013";"949.8";"1.5";"633.2";"RÃ¸dvin";"Glass";"14";"4.522857"
"Vinmonopolet";"10680801";"Aldo di Giacomi Zahir Rosso Piceno 2017";"Aldo di Giacomi Zahir Rosso Piceno";"2017";"149.9";"0.75";"199.87";"RÃ¸dvin";"Glass";"13.5";"1.4804938"
"Vinmonopolet";"10680901";"Pialli Tai Rosso Calbin 2017";"Pialli Tai Rosso Calbin";"2017";"226";"0.75";"301.33";"RÃ¸dvin";"Glass";"13.5";"2.2320988"
"Vinmonopolet";"10681901";"Potel Aviron Julienas Vieilles Vignes 2016";"Potel Aviron Julienas Vieilles Vignes";"2016";"199.9";"0.75";"266.53";"RÃ¸dvin";"Glass";"12.5";"2.1322665"
"Vinmonopolet";"10683901";"Non Dos Vigna in Alto 2017";"Non Dos Vigna in Alto";"2017";"289";"0.75";"385.33";"White wine";"Glass";"12.5";"3.0826666"
"Vinmonopolet";"10684001";"Croci Gutturnio 2016";"Croci Gutturnio";"2016";"229.9";"0.75";"306.53";"Perlende vin, rÃ¸d";"Glass";"12.5";"2.4522667"
"Vinmonopolet";"10684101";"Fatt. di Vaira Quotidiano Bianco 2017";"Fatt. di Vaira Quotidiano Bianco";"2017";"199.9";"0.75";"266.53";"White wine";"Glass";"12.5";"2.1322665"
"Vinmonopolet";"10684201";"Fatt. di Vaira Quotidiano Rosso 2017";"Fatt. di Vaira Quotidiano Rosso";"2017";"199.9";"0.75";"266.53";"RÃ¸dvin";"Glass";"12.5";"2.1322665"
"Vinmonopolet";"10684301";"Fatt. di Vaira Ancestrale Bianco 2016";"Fatt. di Vaira Ancestrale Bianco";"2016";"239.9";"0.75";"319.87";"Sparkling white wine";"Glass";"12.5";"2.5589333"
"Vinmonopolet";"10684701";"Burning Sky CuvÃ©e 2018";"Burning Sky CuvÃ©e";"2018";"174.9";"0.75";"233.2";"SurÃ¸l";"Glass";"6.7";"3.480597"
"Vinmonopolet";"10684805";"Ch. Barreyre 2002";"Ch. Barreyre";"2002";"369.8";"1.5";"246.53";"RÃ¸dvin";"Glass";"13";"1.8964102"
"Vinmonopolet";"10685301";"Maxime Trijol Dry Collection No. 1";"Maxime Trijol Dry Collection No. 1";"0";"1990";"0.7";"2842.86";"Grape spirit";"Glass";"43";"6.6112957"
"Vinmonopolet";"10685401";"Maxime Trijol Fins Bois 1978";"Maxime Trijol Fins Bois";"1978";"2200";"0.7";"3142.86";"Grape spirit";"Glass";"40";"7.857143"
"Vinmonopolet";"10685901";"Amrut Madeira Finish";"Amrut Madeira Finish";"0";"1850";"0.7";"2642.86";"Whisky";"Glass";"50";"5.285714"
"Vinmonopolet";"10686301";"Fuckermaister";"Fuckermaister";"0";"399.9";"0.7";"571.29";"Bitter	";"Glass";"35";"1.632245"
"Vinmonopolet";"10686502";"Montresor Amarone della Valpolicella";"Montresor Amarone della Valpolicella";"2015";"187";"0.38";"498.67";"RÃ¸dvin";"Glass";"15";"3.2807019"
"Vinmonopolet";"10687201";"Dom. la Calmette Trespotz";"Dom. la Calmette Trespotz";"2017";"269.9";"0.75";"359.87";"RÃ¸dvin";"Glass";"14";"2.570476"
"Vinmonopolet";"10687301";"Dom. la Calmette Serpent Ã  Plumes";"Dom. la Calmette Serpent Ã  Plumes";"2017";"269.9";"0.75";"359.87";"RÃ¸dvin";"Glass";"14";"2.570476"
"Vinmonopolet";"10687408";"24 Ice Limoncello (5x6,5cl)";"24 Ice Limoncello (5x6,5cl)";"0";"114.9";"0.32";"353.54";"Other spirit";"Ãvrig";"5";"7.18125"
"Vinmonopolet";"10687502";"HernÃ¶ Sloe Gin";"HernÃ¶ Sloe Gin";"0";"499.9";"0.5";"999.8";"LikÃ¸r";"Glass";"30";"3.3326666"
"Vinmonopolet";"10687602";"Ch. Dasvin-Bel-Air";"Ch. Dasvin-Bel-Air";"2005";"134.9";"0.38";"359.73";"RÃ¸dvin";"Glass";"12.5";"2.84"
"Vinmonopolet";"10687801";"Ch. de MÃ©rande Apremont 1248 Savoie 2017";"Ch. de MÃ©rande Apremont  Savoie";"2017";"269.9";"0.75";"359.87";"White wine";"Glass";"11";"3.2715151"
"Vinmonopolet";"10688001";"Jean-FranÃ§ois QuÃ©nard CrÃ©mant de Savoie CuvÃ©e Entre Amis";"Jean-FranÃ§ois QuÃ©nard CrÃ©mant de Savoie CuvÃ©e Entre Amis";"2015";"239.9";"0.75";"319.87";"Sparkling wine";"Glass";"12.5";"2.5589333"
"Vinmonopolet";"10688101";"Jean-FranÃ§ois QuÃ©nard Chignin Anne de la Biguerne 2018";"Jean-FranÃ§ois QuÃ©nard Chignin Anne de la Biguerne";"2018";"209.9";"0.75";"279.87";"White wine";"Glass";"12";"2.3322222"
"Vinmonopolet";"10688202";"Knut Hansen Dry Gin";"Knut Hansen Dry Gin";"0";"520.1";"0.5";"1040.2";"Gin";"Glass";"42";"2.4766665"
"Vinmonopolet";"10688401";"Nicolas Rossignol Volnay 1er Cru Santenots 2017";"Nicolas Rossignol Volnay 1er Cru Santenots";"2017";"1143.9";"0.75";"1525.2";"RÃ¸dvin";"Glass";"13";"11.732308"
"Vinmonopolet";"10688801";"Nicolas Rossignol Aloxe-Corton 2017";"Nicolas Rossignol Aloxe-Corton";"2017";"526.5";"0.75";"702";"RÃ¸dvin";"Glass";"13";"5.4"
"Vinmonopolet";"10688901";"Nicolas Rossignol Pommard Les Vignots 2016";"Nicolas Rossignol Pommard Les Vignots";"2016";"764.5";"0.75";"1019.33";"RÃ¸dvin";"Glass";"13";"7.841026"
"Vinmonopolet";"10689301";"Louis Jadot Meursault Narvaux 2016";"Louis Jadot Meursault Narvaux";"2016";"549";"0.75";"732";"White wine";"Glass";"13";"5.6307693"
"Vinmonopolet";"10689401";"Louis Jadot Chablis Premier Cru MontÃ©e de Tonnerre";"Louis Jadot Chablis Premier Cru MontÃ©e de Tonnerre";"2015";"425";"0.75";"566.67";"White wine";"Glass";"13";"4.3589745"
"Vinmonopolet";"10689506";"Manuka Bay Sauvignon Blanc 2019";"Manuka Bay Sauvignon Blanc";"2019";"359.9";"2.25";"159.96";"White wine";"Pouch";"11.5";"1.3909179"
"Vinmonopolet";"10689802";"Rodenbach Alexander";"Rodenbach Alexander";"0";"54.9";"0.33";"166.36";"SurÃ¸l";"Glass";"5.6";"2.9707792"
"Vinmonopolet";"10689901";"Le DÃ©liran' 2017";"Le DÃ©liran'";"2017";"229.9";"0.75";"306.53";"Musserende vin, rosÃ©";"Glass";"8.5";"3.6062744"
"Vinmonopolet";"10690001";"Graham's Single Harvest Tawny 1994";"Graham's Single Harvest Tawny";"1994";"1150";"0.75";"1533.33";"Port wine";"Glass";"20";"7.6666665"
"Vinmonopolet";"10690101";"Graham's 30 YO Tawny";"Graham's 30 YO Tawny";"0";"1099";"0.75";"1465.33";"Port wine";"Glass";"20";"7.326667"
"Vinmonopolet";"10690104";"Graham's 30 YO Tawny";"Graham's 30 YO Tawny";"0";"285";"0.2";"1425";"Port wine";"Glass";"20";"7.125"
"Vinmonopolet";"10690201";"Graham's 40 YO Tawny";"Graham's 40 YO Tawny";"0";"1499";"0.75";"1998.67";"Port wine";"Glass";"20";"9.993333"
"Vinmonopolet";"10690301";"Galarin Pra Done Moscato d'Asti 2017";"Galarin Pra Done Moscato d'Asti";"2017";"179";"0.75";"238.67";"White wine";"Glass";"5";"4.7733335"
"Vinmonopolet";"10692001";"Ch. Les Trois Croix 2016";"Ch. Les Trois Croix";"2016";"445";"0.75";"593.33";"RÃ¸dvin";"Glass";"14.5";"4.091954"
"Vinmonopolet";"10692101";"Ch. SÃ©rilhan 2016";"Ch. SÃ©rilhan";"2016";"439";"0.75";"585.33";"RÃ¸dvin";"Glass";"14";"4.1809525"
"Vinmonopolet";"10692201";"NiccolÃ² Bernabei La Querce Seconda Chianti Classico 2016";"NiccolÃ² Bernabei La Querce Seconda Chianti Classico";"2016";"179.9";"0.75";"239.87";"RÃ¸dvin";"Glass";"13.5";"1.77679"
"Vinmonopolet";"10692301";"Ch. Montrose 2015";"Ch. Montrose";"2015";"1490.8";"0.75";"1987.73";"RÃ¸dvin";"Glass";"13.5";"14.723951"
"Vinmonopolet";"10692401";"Rostaing Condrieu La Bonnette 2017";"Rostaing Condrieu La Bonnette";"2017";"719.9";"0.75";"959.87";"White wine";"Glass";"14.5";"6.6197705"
"Vinmonopolet";"10692501";"Rostaing Puech Noble 2016";"Rostaing Puech Noble";"2016";"349.9";"0.75";"466.53";"RÃ¸dvin";"Glass";"13.5";"3.4558024"
"Vinmonopolet";"10692601";"Rostaing CÃ´te RÃ´tie CÃ´te Brun 2016";"Rostaing CÃ´te RÃ´tie CÃ´te Brun";"2016";"2129";"0.75";"2838.67";"RÃ¸dvin";"Glass";"13.5";"21.02716"
"Vinmonopolet";"10692701";"Rostaing CÃ´te-RÃ´tie La ViaillÃ¨re 2016";"Rostaing CÃ´te-RÃ´tie La ViaillÃ¨re";"2016";"1169.9";"0.75";"1559.87";"RÃ¸dvin";"Glass";"13.5";"11.554568"
"Vinmonopolet";"10692801";"Ch. Pont de Brion Blanc 2018";"Ch. Pont de Brion Blanc";"2018";"199.9";"0.75";"266.53";"White wine";"Glass";"13";"2.0502563"
"Vinmonopolet";"10693601";"Marenco Piemonte Albarossa";"Marenco Piemonte Albarossa";"2015";"220";"0.75";"293.33";"RÃ¸dvin";"Glass";"13";"2.2564104"
"Vinmonopolet";"10693701";"Marenco Carioloso";"Marenco Carioloso";"2016";"205";"0.75";"273.33";"White wine";"Glass";"12";"2.2777777"
"Vinmonopolet";"10693801";"Ch. Lavillotte 2002";"Ch. Lavillotte";"2002";"274";"0.75";"365.33";"RÃ¸dvin";"Glass";"12.5";"2.9226665"
"Vinmonopolet";"10695001";"Jacquesson CuvÃ©e no 737 D.T";"Jacquesson CuvÃ©e no 737 D.T";"0";"1149.9";"0.75";"1533.2";"Champagne extra brut";"Glass";"12";"12.776667"
"Vinmonopolet";"10695501";"Suremain Mercurey 1er Cru La Bondue 2016";"Suremain Mercurey 1er Cru La Bondue";"2016";"424.5";"0.75";"566";"RÃ¸dvin";"Glass";"13";"4.353846"
"Vinmonopolet";"10695605";"Suremain Mercurey 1er Cru Sazenay 2014";"Suremain Mercurey 1er Cru Sazenay";"2014";"801.2";"1.5";"534.13";"RÃ¸dvin";"Glass";"13";"4.108718"
"Vinmonopolet";"10696401";"Burn Cottage Moonlight Race Pinot Noir 2016";"Burn Cottage Moonlight Race Pinot Noir";"2016";"379";"0.75";"505.33";"RÃ¸dvin";"Glass";"13";"3.8871794"
"Vinmonopolet";"10696602";"Chill Out Wine Spritzer RosÃ©";"Chill Out Wine Spritzer RosÃ©";"0";"32.9";"0.28";"119.64";"Flavoured wine	";"Glass";"5.5";"2.1363637"
"Vinmonopolet";"10696702";"Chill Out Wine Spritzer Chardonnay";"Chill Out Wine Spritzer Chardonnay";"0";"32.9";"0.28";"119.64";"Flavoured wine	";"Glass";"5.5";"2.1363637"
"Vinmonopolet";"10697301";"Tsarev Brod RosÃ© de Pinot";"Tsarev Brod RosÃ© de Pinot";"2015";"210.8";"0.75";"281.07";"RosÃ©vin";"Glass";"14";"2.0076191"
"Vinmonopolet";"10697401";"Tsarev Brod Sauvignon Blanc";"Tsarev Brod Sauvignon Blanc";"2016";"185.1";"0.75";"246.8";"White wine";"Glass";"13";"1.8984616"
"Vinmonopolet";"10697501";"Tsarev Brod Riesling";"Tsarev Brod Riesling";"2015";"189.3";"0.75";"252.4";"White wine";"Glass";"12.5";"2.0192"
"Vinmonopolet";"10697601";"Tsarev Brod Sepage";"Tsarev Brod Sepage";"2016";"190";"0.75";"253.33";"White wine";"Glass";"13";"1.948718"
"Vinmonopolet";"10697701";"Tsarev Brod Amber Harvest Chardonnay";"Tsarev Brod Amber Harvest Chardonnay";"2015";"390.3";"0.75";"520.4";"White wine";"Glass";"14";"3.7171428"
"Vinmonopolet";"10697801";"Tsarev Brod Amber Harvest Pinot Noir";"Tsarev Brod Amber Harvest Pinot Noir";"2015";"423";"0.75";"564";"RÃ¸dvin";"Glass";"14";"4.0285716"
"Vinmonopolet";"10697901";"Burgozone Collection Philippe";"Burgozone Collection Philippe";"2015";"222.8";"0.75";"297.07";"RÃ¸dvin";"Glass";"14";"2.1219049"
"Vinmonopolet";"10698101";"Burgozone Iris Creation White";"Burgozone Iris Creation White";"2016";"275";"0.75";"366.67";"White wine";"Glass";"14";"2.6190476"
"Vinmonopolet";"10699701";"Ch. PhÃ©lan SÃ©gur 2016";"Ch. PhÃ©lan SÃ©gur";"2016";"896";"0.75";"1194.67";"RÃ¸dvin";"Glass";"13.5";"8.849382"
"Vinmonopolet";"10700101";"Clos des Lunes Lune d'Argent 2015";"Clos des Lunes Lune d'Argent";"2015";"297";"0.75";"396";"White wine";"Glass";"13";"3.0461538"
"Vinmonopolet";"10700401";"Verum Patagonia Semillon 2018";"Verum Patagonia Semillon";"2018";"145.9";"0.75";"194.53";"White wine";"Glass";"13";"1.4964103"
"Vinmonopolet";"10701701";"Burgozone CÃ´te du Danube";"Burgozone CÃ´te du Danube";"2017";"167";"0.75";"222.67";"RosÃ©vin";"Glass";"14";"1.5904762"
"Vinmonopolet";"10702002";"Ãgir Lindisfarne Scotch Ale";"Ãgir Lindisfarne Scotch Ale";"0";"51.9";"0.33";"151.21";"Scotch ale";"Emballasje med pant";"7";"2.2467532"
"Vinmonopolet";"10702501";"Bruno Paillard Dosage Zero";"Bruno Paillard Dosage Zero";"0";"661";"0.75";"881.33";"Champagne, other";"Glass";"12";"7.3444443"
"Vinmonopolet";"10703501";"Shnoodlepip Gin";"Shnoodlepip Gin";"0";"744.9";"0.7";"1064.14";"Gin";"Glass";"40";"2.6603572"
"Vinmonopolet";"10704001";"Steininger Typisch Gruner Veltliner";"Steininger Typisch Gruner Veltliner";"2018";"139.5";"0.75";"186";"White wine";"Glass";"12.5";"1.488"
"Vinmonopolet";"10704101";"Stadlmann RosÃ©";"Stadlmann RosÃ©";"2017";"162";"0.75";"216";"RosÃ©vin";"Glass";"12.5";"1.728"
"Vinmonopolet";"10704601";"Barth Pinot Noir Brut";"Barth Pinot Noir Brut";"2011";"348.9";"0.75";"465.2";"Sparkling wine";"Glass";"12.5";"3.7215998"
"Vinmonopolet";"10704701";"Nudant Aloxe-Corton 1er Cru La Toppe au Vert 2015";"Nudant Aloxe-Corton 1er Cru La Toppe au Vert";"2015";"524";"0.75";"698.67";"RÃ¸dvin";"Glass";"13";"5.374359"
"Vinmonopolet";"10704801";"Pernot Belicard Meursault Premier Cru PerriÃ¨res 2016";"Pernot Belicard Meursault Premier Cru PerriÃ¨res";"2016";"1039.9";"0.75";"1386.53";"White wine";"Glass";"13.5";"10.2706175"
"Vinmonopolet";"10704901";"Pernot Belicard Bourgogne Chardonnay 2016";"Pernot Belicard Bourgogne Chardonnay";"2016";"299.9";"0.75";"399.87";"White wine";"Glass";"13";"3.0758975"
"Vinmonopolet";"10705001";"Pernot Belicard Beaune Premier Cru Pertuisots 2016";"Pernot Belicard Beaune Premier Cru Pertuisots";"2016";"419.9";"0.75";"559.87";"White wine";"Glass";"13.5";"4.1471605"
"Vinmonopolet";"10705101";"Finca ViÃ±oa 2017";"Finca ViÃ±oa";"2017";"249.9";"0.75";"333.2";"White wine";"Glass";"13";"2.563077"
"Vinmonopolet";"10705401";"Ch. Chasse-Spleen 2016";"Ch. Chasse-Spleen";"2016";"679";"0.75";"905.33";"RÃ¸dvin";"Glass";"13.5";"6.706173"
"Vinmonopolet";"10705601";"Colore";"Colore";"2011";"2990";"0.75";"3986.67";"RÃ¸dvin";"Glass";"14";"28.47619"
"Vinmonopolet";"10706202";"Stewart Brewing Skeleton Blues American Wheat Beer";"Stewart Brewing Skeleton Blues American Wheat Beer";"0";"50.9";"0.33";"148.18";"HveteÃ¸l";"Emballasje med pant";"5.2";"2.9662006"
"Vinmonopolet";"10706301";"Maison des Fines Bulles Whispering bubbles";"Maison des Fines Bulles Whispering bubbles";"0";"169.9";"0.75";"226.53";"Musserende vin, rosÃ©";"Glass";"12";"1.8877777"
"Vinmonopolet";"10707102";"To Ãl Mr. Brown 2019";"To Ãl Mr. Brown";"2019";"84.8";"0.33";"256.97";"Brown ale";"Glass";"9";"2.855219"
"Vinmonopolet";"10707201";"Macallan 25 YO Sherry Oak";"Macallan 25 YO Sherry Oak";"0";"13999.9";"0.7";"19999.86";"Whisky";"Glass";"43";"46.5113"
"Vinmonopolet";"10707501";"Karl Haidle Stettener PulvermÃ¤cher Riesling Trocken GG 2017";"Karl Haidle Stettener PulvermÃ¤cher Riesling Trocken GG";"2017";"425";"0.75";"566.67";"White wine";"Glass";"13.5";"4.1975307"
"Vinmonopolet";"10707601";"Jean-Luc Pasquet La Belle Inconnue 2018";"Jean-Luc Pasquet La Belle Inconnue";"2018";"219.9";"0.75";"293.2";"Other spirit";"Glass";"11";"2.6654544"
"Vinmonopolet";"10708001";"Ch. de Pez 2016";"Ch. de Pez";"2016";"419.9";"0.75";"559.87";"RÃ¸dvin";"Glass";"14";"3.9990475"
"Vinmonopolet";"10708102";"Chill Out Wine Spritzer Aperitivo";"Chill Out Wine Spritzer Aperitivo";"0";"32.9";"0.28";"119.64";"Flavoured wine	";"Glass";"5";"2.3500001"
"Vinmonopolet";"10708206";"Chill Out MÃ©diterranÃ©e RosÃ©";"Chill Out MÃ©diterranÃ©e RosÃ©";"2019";"219.9";"1.5";"146.6";"RosÃ©vin";"Pouch";"12.5";"1.1728"
"Vinmonopolet";"10708301";"Roblin Sancerre Enclos de Maimbray";"Roblin Sancerre Enclos de Maimbray";"2017";"249.9";"0.75";"333.2";"White wine";"Glass";"12.5";"2.6655998"
"Vinmonopolet";"10708401";"Fresita Orange Sunset";"Fresita Orange Sunset";"0";"89.9";"0.75";"119.87";"Flavoured wine	";"Glass";"5.5";"2.179394"
"Vinmonopolet";"10708501";"J.Laurens La Rose No.7";"J.Laurens La Rose No.7";"0";"175";"0.75";"233.33";"Musserende vin, rosÃ©";"Glass";"12";"1.9444444"
"Vinmonopolet";"10708802";"De Ranke Guldenberg Abbey Beer";"De Ranke Guldenberg Abbey Beer";"0";"49.9";"0.33";"151.21";"Trappist";"Glass";"8";"1.8901515"
"Vinmonopolet";"10708901";"b.io Sicilia Nero d'Avola Rosato";"b.io Sicilia Nero d'Avola Rosato";"2018";"164.9";"0.75";"219.87";"RosÃ©vin";"Glass";"12.5";"1.7589333"
"Vinmonopolet";"10709001";"b.io il Nero Sicilia Nero d'Avola";"b.io il Nero Sicilia Nero d'Avola";"2018";"169.9";"0.75";"226.53";"RÃ¸dvin";"Glass";"14";"1.6180952"
"Vinmonopolet";"10709101";"Lucy M. Piccadilly Valley Chardonnay";"Lucy M. Piccadilly Valley Chardonnay";"2019";"379.9";"0.75";"506.53";"White wine";"Glass";"11.5";"4.404638"
"Vinmonopolet";"10709403";"Kleiner Feigling";"Kleiner Feigling";"0";"25.9";"0.02";"1295";"LikÃ¸r";"Glass";"20";"6.475"
"Vinmonopolet";"10709501";"Ronchi di Cialla Refosco 1996";"Ronchi di Cialla Refosco";"1996";"649.1";"0.75";"865.47";"RÃ¸dvin";"Glass";"12.5";"6.923733"
"Vinmonopolet";"10709801";"Silverboom Special Reserve Shiraz Merlot";"Silverboom Special Reserve Shiraz Merlot";"2018";"154.6";"0.75";"206.13";"RÃ¸dvin";"Glass";"15";"1.3742223"
"Vinmonopolet";"10709901";"Waltazar Riesling";"Waltazar Riesling";"2018";"129.9";"0.75";"173.2";"White wine";"Glass";"11";"1.5745454"
"Vinmonopolet";"10710301";"Weinmann Felix SpÃ¤tburgunder RosÃ© 2018";"Weinmann Felix SpÃ¤tburgunder RosÃ©";"2018";"159.8";"0.75";"213.07";"RosÃ©vin";"Glass";"11.5";"1.8527536"
"Vinmonopolet";"10710507";"Brancaia IL BLU 2015";"Brancaia IL BLU";"2015";"3050";"3";"1016.67";"RÃ¸dvin";"Glass";"14.5";"7.011494"
"Vinmonopolet";"10710607";"Brancaia Ilatraia 2015";"Brancaia Ilatraia";"2015";"2850";"3";"950";"RÃ¸dvin";"Glass";"14.5";"6.551724"
"Vinmonopolet";"10710707";"Brancaia Chianti Classico Riserva 2015";"Brancaia Chianti Classico Riserva";"2015";"2070";"3";"690";"RÃ¸dvin";"Glass";"14";"4.928571"
"Vinmonopolet";"10711101";"ViÃ±a Somoza via XVIII 2016";"ViÃ±a Somoza via XVIII";"2016";"298.9";"0.75";"398.53";"RÃ¸dvin";"Glass";"13";"3.065641"
"Vinmonopolet";"10711401";"Colomba Bianca Resilience Grillo";"Colomba Bianca Resilience Grillo";"2018";"189.9";"0.75";"253.2";"White wine";"Glass";"13";"1.9476923"
"Vinmonopolet";"10711501";"Colomba Bianca Resilience Perricone";"Colomba Bianca Resilience Perricone";"2018";"199.9";"0.75";"266.53";"RÃ¸dvin";"Glass";"14";"1.9038094"
"Vinmonopolet";"10711601";"La SoufrandiÃ¨re Saint-VÃ©ran La Combe Desroches 2017";"La SoufrandiÃ¨re Saint-VÃ©ran La Combe Desroches";"2017";"279.9";"0.75";"373.2";"White wine";"Glass";"12.5";"2.9856"
"Vinmonopolet";"10711605";"La SoufrandiÃ¨re Saint-VÃ©ran La Combe Desroches 2017";"La SoufrandiÃ¨re Saint-VÃ©ran La Combe Desroches";"2017";"700";"1.5";"466.67";"White wine";"Glass";"12.5";"3.7333333"
"Vinmonopolet";"10711701";"La SoufrandiÃ¨re Saint-VÃ©ran Climat La Bonnode 2017";"La SoufrandiÃ¨re Saint-VÃ©ran Climat La Bonnode";"2017";"324.9";"0.75";"433.2";"White wine";"Glass";"13.5";"3.2088888"
"Vinmonopolet";"10711705";"La SoufrandiÃ¨re Saint-VÃ©ran Climat La Bonnode 2017";"La SoufrandiÃ¨re Saint-VÃ©ran Climat La Bonnode";"2017";"780";"1.5";"520";"White wine";"Glass";"13.5";"3.851852"
"Vinmonopolet";"10711901";"Beaulieu Vineyard Tapestry Napa Valley Reserve 2015";"Beaulieu Vineyard Tapestry Napa Valley Reserve";"2015";"499.9";"0.75";"666.53";"RÃ¸dvin";"Glass";"15";"4.4435554"
"Vinmonopolet";"10712406";"Grand Sud Merlot RosÃ© 2017";"Grand Sud Merlot RosÃ©";"2017";"399.9";"3";"133.3";"RosÃ©vin";"Bag-in-box";"12.5";"1.0663999"
"Vinmonopolet";"10712501";"Francisco GÃ²mez Eco Rojo 2017";"Francisco GÃ²mez Eco Rojo";"2017";"145";"0.75";"193.33";"RÃ¸dvin";"Glass";"13.5";"1.4320987"
"Vinmonopolet";"10712601";"J. Haart Riesling Haart Attack 2019";"J. Haart Riesling Haart Attack";"2019";"176.9";"0.75";"235.87";"White wine";"Glass";"10.5";"2.246349"
"Vinmonopolet";"10712605";"J. Haart Riesling Haart Attack 2019";"J. Haart Riesling Haart Attack";"2019";"409.9";"1.5";"273.27";"White wine";"Glass";"10.5";"2.6025395"
"Vinmonopolet";"10712607";"J. Haart Riesling Haart Attack 2019";"J. Haart Riesling Haart Attack";"2019";"749.9";"3";"249.97";"White wine";"Glass";"10.5";"2.380635"
"Vinmonopolet";"10712701";"Barbaresco Riserva Montestefano";"Barbaresco Riserva Montestefano";"2014";"479.9";"0.75";"639.87";"RÃ¸dvin";"Glass";"14";"4.570476"
"Vinmonopolet";"10712801";"Barbaresco Riserva Pora";"Barbaresco Riserva Pora";"2014";"479.9";"0.75";"639.87";"RÃ¸dvin";"Glass";"14";"4.570476"
"Vinmonopolet";"10713201";"Barbaresco Riserva Rabaja";"Barbaresco Riserva Rabaja";"2014";"479.9";"0.75";"639.87";"RÃ¸dvin";"Glass";"14";"4.570476"
"Vinmonopolet";"10713301";"Barbaresco Riserva Rio Sordo";"Barbaresco Riserva Rio Sordo";"2014";"479.9";"0.75";"639.87";"RÃ¸dvin";"Glass";"14";"4.570476"
"Vinmonopolet";"10713405";"Barbaresco Riserva Montestefano";"Barbaresco Riserva Montestefano";"2014";"999.9";"1.5";"666.6";"RÃ¸dvin";"Glass";"14";"4.761429"
"Vinmonopolet";"10713505";"Barbaresco Riserva Ovello";"Barbaresco Riserva Ovello";"2014";"999.9";"1.5";"666.6";"RÃ¸dvin";"Glass";"14";"4.761429"
"Vinmonopolet";"10713605";"Barbaresco Riserva Rabaja";"Barbaresco Riserva Rabaja";"2014";"999.7";"1.5";"666.47";"RÃ¸dvin";"Glass";"14";"4.760476"
"Vinmonopolet";"10713901";"ComplÃ©men'Terre Potion Mama PÃ©tillant Naturel 2017";"ComplÃ©men'Terre Potion Mama PÃ©tillant Naturel";"2017";"259.9";"0.75";"346.53";"Sparkling white wine";"Glass";"11";"3.150303"
"Vinmonopolet";"10714001";"ComplÃ©men'Terre Le Breil Muscadet SÃ¨vre et Maine 2015";"ComplÃ©men'Terre Le Breil Muscadet SÃ¨vre et Maine";"2015";"249.9";"0.75";"333.2";"White wine";"Glass";"11";"3.029091"
"Vinmonopolet";"10714201";"Non Dos Beverein 2017";"Non Dos Beverein";"2017";"269.9";"0.75";"359.87";"RÃ¸dvin";"Glass";"12";"2.9988887"
"Vinmonopolet";"10714302";"Angiolino Maule Passito Monte Sorio 2015";"Angiolino Maule Passito Monte Sorio";"2015";"399.9";"0.5";"799.8";"White wine";"Glass";"16";"4.9987497"
"Vinmonopolet";"10714506";"William FÃ¨vre Petit Chablis";"William FÃ¨vre Petit Chablis";"2018";"699.9";"3";"233.3";"White wine";"Bag-in-box";"12";"1.9441668"
"Vinmonopolet";"10714701";"Numen 2017";"Numen";"2017";"184.9";"0.75";"246.53";"White wine";"Glass";"14";"1.7609524"
"Vinmonopolet";"10714801";"Dulce PequeÃ±a Blanco";"Dulce PequeÃ±a Blanco";"2018";"138.8";"0.75";"185.07";"White wine";"Glass";"11";"1.6824243"
"Vinmonopolet";"10714901";"Dulce PequeÃ±a Rosado";"Dulce PequeÃ±a Rosado";"2018";"138.7";"0.75";"184.93";"RosÃ©vin";"Glass";"11.5";"1.6081159"
"Vinmonopolet";"10715001";"Macatela Sangria";"Macatela Sangria";"2018";"114.9";"0.75";"153.2";"Fruit wine";"Glass";"8";"1.9150001"
"Vinmonopolet";"10715101";"Moon wine Gato Rosado";"Moon wine Gato Rosado";"2018";"148.7";"0.75";"198.27";"RosÃ©vin";"Glass";"11.5";"1.7240579"
"Vinmonopolet";"10715301";"Moon wine Gato Blanco";"Moon wine Gato Blanco";"2018";"148.8";"0.75";"198.4";"White wine";"Glass";"11";"1.8036364"
"Vinmonopolet";"10715401";"Vega Lucia Sparkling Extra Dry";"Vega Lucia Sparkling Extra Dry";"2018";"139.7";"0.75";"186.27";"Sparkling wine";"Glass";"11";"1.6933333"
"Vinmonopolet";"10715503";"Stolichnaya";"Stolichnaya";"0";"59.9";"0.05";"1198";"Vodka";"Glass";"40";"2.9950001"
"Vinmonopolet";"10715601";"Duchessa Lia CuvÃ¨e Brut Spumante";"Duchessa Lia CuvÃ¨e Brut Spumante";"0";"129.9";"0.75";"173.2";"Sparkling wine";"Glass";"11.5";"1.5060868"
"Vinmonopolet";"10715701";"Rooster Rojo Tequila Reposado";"Rooster Rojo Tequila Reposado";"0";"449.9";"0.7";"642.71";"Fruit spirit";"Glass";"38";"1.6913534"
"Vinmonopolet";"10715801";"Rooster Rojo Tequila AÃ±ejo";"Rooster Rojo Tequila AÃ±ejo";"0";"479.9";"0.7";"685.57";"Fruit spirit";"Glass";"38";"1.8041353"
"Vinmonopolet";"10715901";"Cenote Tequila Blanco";"Cenote Tequila Blanco";"0";"729.9";"0.7";"1042.71";"Fruit spirit";"Glass";"40";"2.6067858"
"Vinmonopolet";"10716001";"Cenote Tequila Reposado";"Cenote Tequila Reposado";"0";"839.9";"0.7";"1199.86";"Fruit spirit";"Glass";"40";"2.999643"
"Vinmonopolet";"10716101";"Cenote Tequila AÃ±ejo";"Cenote Tequila AÃ±ejo";"0";"959.9";"0.7";"1371.29";"Fruit spirit";"Glass";"40";"3.4282146"
"Vinmonopolet";"10716401";"Schloss Vaux RosÃ© Brut";"Schloss Vaux RosÃ© Brut";"2015";"275";"0.75";"366.67";"Musserende vin, rosÃ©";"Glass";"12.5";"2.9333334"
"Vinmonopolet";"10716501";"Griesel Riesling Brut 2016";"Griesel Riesling Brut";"2016";"299";"0.75";"398.67";"Sparkling wine";"Glass";"12.5";"3.1893334"
"Vinmonopolet";"10716701";"Tosti Riserva Taurinorum Vermouth di Torino";"Tosti Riserva Taurinorum Vermouth di Torino";"0";"345";"0.75";"460";"Vermouth";"Glass";"17";"2.7058823"
"Vinmonopolet";"10716801";"ArtSpritz";"ArtSpritz";"0";"185";"0.7";"264.29";"Other spirit";"Glass";"11";"2.4025974"
"Vinmonopolet";"10716904";"ArtSpritz Ready";"ArtSpritz Ready";"0";"47.9";"0.2";"239.5";"Flavoured wine	";"Glass";"9";"2.661111"
"Vinmonopolet";"10717001";"ArtSpritz Ready";"ArtSpritz Ready";"0";"135";"0.75";"180";"Flavoured wine	";"Glass";"9";"2"
"Vinmonopolet";"10717101";"Fontanafredda Barolo ProprietÃ  in Fontanafredda 2013";"Fontanafredda Barolo ProprietÃ  in Fontanafredda";"2013";"649.9";"0.75";"866.53";"RÃ¸dvin";"Glass";"14";"6.189524"
"Vinmonopolet";"10717201";"Fontanafredda Raimonda Barbera d'Alba";"Fontanafredda Raimonda Barbera d'Alba";"2017";"174.9";"0.75";"233.2";"RÃ¸dvin";"Glass";"13.5";"1.7274073"
"Vinmonopolet";"10717205";"Fontanafredda Raimonda Barbera d'Alba";"Fontanafredda Raimonda Barbera d'Alba";"2017";"369.9";"1.5";"246.6";"RÃ¸dvin";"Glass";"13.5";"1.8266666"
"Vinmonopolet";"10717302";"BrewDog Hazy Jane New England IPA";"BrewDog Hazy Jane New England IPA";"0";"46.9";"0.33";"136.06";"India pale ale";"Emballasje med pant";"7.2";"1.9739058"
"Vinmonopolet";"10717501";"Mother Rock Brutal!";"Mother Rock Brutal!";"2019";"289.9";"0.75";"386.53";"White wine";"Glass";"12.5";"3.0922666"
"Vinmonopolet";"10717605";"Ioppa Colline Novaresi Nebbiolo 2016";"Ioppa Colline Novaresi Nebbiolo";"2016";"379.9";"1.5";"253.27";"RÃ¸dvin";"Glass";"13";"1.9482051"
"Vinmonopolet";"10717701";"Ch. de Melin Saint-Romain Sous ChÃ¢teau";"Ch. de Melin Saint-Romain Sous ChÃ¢teau";"2017";"300";"0.75";"400";"White wine";"Glass";"13";"3.0769231"
"Vinmonopolet";"10717801";"Ligier Arbois Perle de RosÃ©e";"Ligier Arbois Perle de RosÃ©e";"2018";"229.9";"0.75";"306.53";"RosÃ©vin";"Glass";"12";"2.5544443"
"Vinmonopolet";"10717901";"Krack Riesling Brut 2017";"Krack Riesling Brut";"2017";"299.8";"0.75";"399.73";"Sparkling wine";"Glass";"11.5";"3.475942"
"Vinmonopolet";"10718001";"Dom. Patrick Baudouin Coteaux du Layon 1896 2015";"Dom. Patrick Baudouin Coteaux du Layon";"2015";"349.9";"0.75";"466.53";"White wine";"Glass";"12.5";"3.7322667"
"Vinmonopolet";"10718101";"Yellow Tail Pinot Noir 2018";"Yellow Tail Pinot Noir";"2018";"134.9";"0.75";"179.87";"RÃ¸dvin";"Glass";"13.5";"1.3323456"
"Vinmonopolet";"10718202";"Oslo Brewing India Pale Ale";"Oslo Brewing India Pale Ale";"0";"60.9";"0.33";"184.55";"India pale ale";"Glass";"6.2";"2.9765396"
"Vinmonopolet";"10718401";"Griesel Grande CuvÃ©e Dosage Zero 2015";"Griesel Grande CuvÃ©e Dosage Zero";"2015";"425";"0.75";"566.67";"Sparkling wine";"Glass";"12.5";"4.5333333"
"Vinmonopolet";"10718601";"Griesel RosÃ© Brut 2017";"Griesel RosÃ© Brut";"2017";"407.8";"0.75";"543.73";"Musserende vin, rosÃ©";"Glass";"12.5";"4.3498664"
"Vinmonopolet";"10718701";"Anna Spinato Cuvee Organic";"Anna Spinato Cuvee Organic";"0";"144.9";"0.75";"193.2";"Sparkling wine";"Glass";"11";"1.7563635"
"Vinmonopolet";"10718901";"Maximin GrÃ¼nhaus Riesling Sekt Brut 2016";"Maximin GrÃ¼nhaus Riesling Sekt Brut";"2016";"279.9";"0.75";"373.2";"Sparkling wine";"Glass";"12.5";"2.9856"
"Vinmonopolet";"10719001";"Rooster Rojo Tequila Blanco";"Rooster Rojo Tequila Blanco";"0";"429.9";"0.7";"614.14";"Fruit spirit";"Glass";"38";"1.6161654"
"Vinmonopolet";"10720001";"Goldeck DIE EDLE Der Veltliner Sekt";"Goldeck DIE EDLE Der Veltliner Sekt";"0";"169.9";"0.75";"226.53";"Sparkling wine";"Glass";"12";"1.8877777"
"Vinmonopolet";"10720101";"The Fableist 206 Zinfandel";"The Fableist 206 Zinfandel";"2017";"299.3";"0.75";"399.07";"RÃ¸dvin";"Glass";"14.4";"2.7712963"
"Vinmonopolet";"10720201";"The Fableist 774 Pinot Noir";"The Fableist 774 Pinot Noir";"2017";"349.3";"0.75";"465.73";"RÃ¸dvin";"Glass";"13.9";"3.3505995"
"Vinmonopolet";"10720301";"The Fableist 163 Chardonnay";"The Fableist 163 Chardonnay";"2017";"299";"0.75";"398.67";"White wine";"Glass";"13.9";"2.8681056"
"Vinmonopolet";"10720501";"Ferraton Crozes-Hermitage Calendes 2017";"Ferraton Crozes-Hermitage Calendes";"2017";"249.9";"0.75";"333.2";"RÃ¸dvin";"Glass";"13.5";"2.468148"
"Vinmonopolet";"10720601";"Bortoluz Vino Frizzante Pet Nat";"Bortoluz Vino Frizzante Pet Nat";"0";"169.9";"0.75";"226.53";"Sparkling white wine";"Glass";"11";"2.059394"
"Vinmonopolet";"10720701";"Steininger Burgunder Sekt";"Steininger Burgunder Sekt";"2016";"202.3";"0.75";"269.73";"Sparkling wine";"Glass";"13.5";"1.9980247"
"Vinmonopolet";"10720801";"David Duband Bourgogne Hautes CÃ´tes de Nuits Louis Auguste Pinot Noir 2017";"David Duband Bourgogne Hautes CÃ´tes de Nuits Louis Auguste Pinot Noir";"2017";"369.9";"0.75";"493.2";"RÃ¸dvin";"Glass";"12.5";"3.9456"
"Vinmonopolet";"10720901";"David Duband Vosne-RomanÃ©e 2016";"David Duband Vosne-RomanÃ©e";"2016";"739.9";"0.75";"986.53";"RÃ¸dvin";"Glass";"13.1";"7.530789"
"Vinmonopolet";"10721001";"David Duband Nuits-Saint-Georges 2016";"David Duband Nuits-Saint-Georges";"2016";"639.9";"0.75";"853.2";"RÃ¸dvin";"Glass";"13.2";"6.463637"
"Vinmonopolet";"10721101";"Lords MCC RosÃ©";"Lords MCC RosÃ©";"0";"209.9";"0.75";"279.87";"Musserende vin, rosÃ©";"Glass";"12.5";"2.2389333"
"Vinmonopolet";"10721205";"Ferraton Crozes-Hermitage Calendes 2016";"Ferraton Crozes-Hermitage Calendes";"2016";"499";"1.5";"332.67";"RÃ¸dvin";"Glass";"13.5";"2.4641976"
"Vinmonopolet";"10721601";"Steenberg 1682 Pinot Noir";"Steenberg  Pinot Noir";"0";"250";"0.75";"333.33";"Musserende vin, rosÃ©";"Glass";"12";"2.7777777"
"Vinmonopolet";"10722101";"David Duband Morey-Saint-Denis Clos Sorbe 2016";"David Duband Morey-Saint-Denis Clos Sorbe";"2016";"819.9";"0.75";"1093.2";"RÃ¸dvin";"Glass";"13.2";"8.281818"
"Vinmonopolet";"10723801";"Forlorn Hope NacrÃ© Semillon 2013";"Forlorn Hope NacrÃ© Semillon";"2013";"300.1";"0.75";"400.13";"White wine";"Glass";"11";"3.6375759"
"Vinmonopolet";"10725501";"Kaputt 1st Edicao";"Kaputt 1st Edicao";"0";"299.8";"0.75";"399.73";"White wine";"Glass";"13";"3.0748718"
"Vinmonopolet";"10726001";"David Duband Bourgogne 2017";"David Duband Bourgogne";"2017";"369.9";"0.75";"493.2";"RÃ¸dvin";"Glass";"12.4";"3.9774194"
"Vinmonopolet";"10726101";"Red Car Sonoma Coast Syrah 2016";"Red Car Sonoma Coast Syrah";"2016";"399";"0.75";"532";"RÃ¸dvin";"Glass";"13";"4.0923076"
"Vinmonopolet";"10726201";"Verrocchio Soave";"Verrocchio Soave";"2018";"129.9";"0.75";"173.2";"White wine";"Glass";"12";"1.4433333"
"Vinmonopolet";"10726302";"Geiranger Bryggeri Korsmyra PÃ¥ske-Wit";"Geiranger Bryggeri Korsmyra PÃ¥ske-Wit";"0";"46.3";"0.33";"140.3";"Light ale";"Glass";"5.5";"2.550964"
"Vinmonopolet";"10728905";"Moraza Las Tasugueras 2016";"Moraza Las Tasugueras";"2016";"539.9";"1.5";"359.93";"RÃ¸dvin";"Glass";"13";"2.768718"
"Vinmonopolet";"10729401";"BenoÃ®t Roseau CÃ´te RÃ´tie Coteaux du Tupin 2016";"BenoÃ®t Roseau CÃ´te RÃ´tie Coteaux du Tupin";"2016";"599";"0.75";"798.67";"RÃ¸dvin";"Glass";"12.5";"6.3893332"
"Vinmonopolet";"10729501";"Pierre Paillard Les Terres Roses";"Pierre Paillard Les Terres Roses";"0";"499.9";"0.75";"666.53";"Champagne, rosÃ©";"Glass";"12.5";"5.332267"
"Vinmonopolet";"10733101";"Deanston 12 YO Single Malt";"Deanston 12 YO Single Malt";"0";"519.9";"0.7";"742.71";"Whisky";"Glass";"46.3";"1.6041347"
"Vinmonopolet";"10733201";"Deanston 15 YO Organic";"Deanston 15 YO Organic";"0";"674.9";"0.7";"964.14";"Whisky";"Glass";"46.3";"2.0823822"
"Vinmonopolet";"10733401";"Naked Grouse Blended Malt";"Naked Grouse Blended Malt";"0";"419.9";"0.7";"599.86";"Whisky";"Glass";"40";"1.4996428"
"Vinmonopolet";"10736606";"Antico Rosone Zinfandel";"Antico Rosone Zinfandel";"2017";"419.9";"3";"139.97";"RÃ¸dvin";"Bag-in-box";"13.5";"1.0367901"
"Vinmonopolet";"10736701";"Elsker Pink Gin";"Elsker Pink Gin";"0";"430";"0.7";"614.29";"Gin";"Glass";"40";"1.5357143"
"Vinmonopolet";"10747301";"Main Divide Merlot Cabernet 2017";"Main Divide Merlot Cabernet";"2017";"185";"0.75";"246.67";"RÃ¸dvin";"Glass";"13.5";"1.8271605"
"Vinmonopolet";"10747401";"Wirra Wirra Mrs Wigley Grenache RosÃ© 2018";"Wirra Wirra Mrs Wigley Grenache RosÃ©";"2018";"159.9";"0.75";"213.2";"RosÃ©vin";"Glass";"13";"1.64"
"Vinmonopolet";"10750001";"Meinklang Naken Red 2018";"Meinklang Naken Red";"2018";"165";"0.75";"220";"RÃ¸dvin";"Glass";"11";"2"
"Vinmonopolet";"10750101";"Le Petit RosÃ© de Gimios";"Le Petit RosÃ© de Gimios";"2017";"379.9";"0.75";"506.53";"RosÃ©vin";"Glass";"14";"3.6180952"
"Vinmonopolet";"10752304";"Bolla Prosecco Extra Dry";"Bolla Prosecco Extra Dry";"0";"69.9";"0.2";"349.5";"Sparkling wine";"Glass";"11";"3.1772728"
"Vinmonopolet";"10755701";"Fontaine-Gagnard Chassagne-Montrachet La Morgeot 2016";"Fontaine-Gagnard Chassagne-Montrachet La Morgeot";"2016";"640";"0.75";"853.33";"White wine";"Glass";"13.5";"6.3209877"
"Vinmonopolet";"10756102";"To Ãl Mr. Blonde 2019";"To Ãl Mr. Blonde";"2019";"67";"0.33";"203.03";"SurÃ¸l";"Glass";"5";"4.060606"
"Vinmonopolet";"10756202";"To Ãl Mr. Blue 2019";"To Ãl Mr. Blue";"2019";"87.8";"0.33";"266.06";"Porter and stout";"Glass";"10.1";"2.6342633"
"Vinmonopolet";"10756302";"To Ãl Mr. Orange 2019";"To Ãl Mr. Orange";"2019";"68.1";"0.33";"206.36";"India pale ale";"Glass";"5.5";"3.752066"
"Vinmonopolet";"10756402";"To Ãl Mr. Pink 2019";"To Ãl Mr. Pink";"2019";"82.7";"0.33";"250.61";"India pale ale";"Glass";"8";"3.1325755"
"Vinmonopolet";"10756502";"To Ãl Mr. White 2019";"To Ãl Mr. White";"2019";"68.1";"0.33";"206.36";"Pale ale";"Glass";"5.6";"3.6850648"
"Vinmonopolet";"10756601";"FranÃ§ois SecondÃ© La Loge Champagne Sillery Grand Cru Blanc de Noirs";"FranÃ§ois SecondÃ© La Loge Champagne Sillery Grand Cru Blanc de Noirs";"0";"506";"0.75";"674.67";"Champagne, brut";"Glass";"12";"5.6222224"
"Vinmonopolet";"10756801";"FranÃ§ois SecondÃ© Champagne Grand Cru IntÃ©gral ZÃ©ro Dosage";"FranÃ§ois SecondÃ© Champagne Grand Cru IntÃ©gral ZÃ©ro Dosage";"0";"418.1";"0.75";"557.47";"Champagne extra brut";"Glass";"12";"4.6455555"
"Vinmonopolet";"10757301";"Bod. Monastrell Salto del Usero";"Bod. Monastrell Salto del Usero";"2018";"156.9";"0.75";"209.2";"RÃ¸dvin";"Glass";"13.5";"1.5496296"
"Vinmonopolet";"10757701";"Dom. de Bellene Savigny-les-Beaune 1er Cru Hommage Ã  Bartolo Mascarello 2017";"Dom. de Bellene Savigny-les-Beaune 1er Cru Hommage Ã  Bartolo Mascarello";"2017";"469.9";"0.75";"626.53";"RÃ¸dvin";"Glass";"13";"4.819487"
"Vinmonopolet";"10759101";"Roche de Bellene Chambolle-Musigny Vieilles Vignes 2016";"Roche de Bellene Chambolle-Musigny Vieilles Vignes";"2016";"749.9";"0.75";"999.87";"RÃ¸dvin";"Glass";"13";"7.6912823"
"Vinmonopolet";"10759201";"Sans Liege The Prophetess";"Sans Liege The Prophetess";"2015";"575.1";"0.75";"766.8";"RÃ¸dvin";"Glass";"15.4";"4.979221"
"Vinmonopolet";"10759301";"Sans Liege The Offering";"Sans Liege The Offering";"2015";"419.1";"0.75";"558.8";"RÃ¸dvin";"Glass";"15.4";"3.6285715"
"Vinmonopolet";"10759401";"Groundwork Grenache";"Groundwork Grenache";"2015";"298.5";"0.75";"398";"RÃ¸dvin";"Glass";"14.4";"2.763889"
"Vinmonopolet";"10759501";"Sans Liege En Gedi";"Sans Liege En Gedi";"2015";"575.5";"0.75";"767.33";"RÃ¸dvin";"Glass";"15.4";"4.982684"
"Vinmonopolet";"10759602";"Anholt Gin";"Anholt Gin";"2018";"592.3";"0.5";"1184.6";"Gin";"Glass";"45.3";"2.615011"
"Vinmonopolet";"10759701";"AlpasiÃ³n Private Selection 2013";"AlpasiÃ³n Private Selection";"2013";"414.9";"0.75";"553.2";"RÃ¸dvin";"Glass";"15";"3.688"
"Vinmonopolet";"10759801";"AlpasiÃ³n Grand Malbec 2014";"AlpasiÃ³n Grand Malbec";"2014";"339.9";"0.75";"453.2";"RÃ¸dvin";"Glass";"15";"3.0213332"
"Vinmonopolet";"10759901";"AlpasiÃ³n Malbec 2015";"AlpasiÃ³n Malbec";"2015";"289.9";"0.75";"386.53";"RÃ¸dvin";"Glass";"15";"2.5768888"
"Vinmonopolet";"10760401";"Casa Silva Chardonnay Semillon";"Casa Silva Chardonnay Semillon";"2016";"119.6";"0.75";"159.47";"White wine";"Glass";"13";"1.2266667"
"Vinmonopolet";"10760501";"Mosaic Vinho Verde RosÃ© 2018";"Mosaic Vinho Verde RosÃ©";"2018";"144.9";"0.75";"193.2";"RosÃ©vin";"Glass";"11.5";"1.68"
"Vinmonopolet";"10760601";"Raoul Clerget Chablis";"Raoul Clerget Chablis";"2017";"209.9";"0.75";"279.87";"White wine";"Glass";"12.5";"2.2389333"
"Vinmonopolet";"10760701";"Mosaic Vinho Verde 2018";"Mosaic Vinho Verde";"2018";"139.9";"0.75";"186.53";"White wine";"Glass";"11.5";"1.622029"
"Vinmonopolet";"10760801";"Mosaic Alvarinho 2018";"Mosaic Alvarinho";"2018";"159.9";"0.75";"213.2";"White wine";"Glass";"12.5";"1.7055999"
"Vinmonopolet";"10761101";"Von Winning RosÃ© Secco";"Von Winning RosÃ© Secco";"0";"189.9";"0.75";"253.2";"Perlende vin, rosÃ©";"Glass";"12.5";"2.0256"
"Vinmonopolet";"10761201";"Dom. des Tourelles Blanc 2018";"Dom. des Tourelles Blanc";"2018";"199.9";"0.75";"266.53";"White wine";"Glass";"13";"2.0502563"
"Vinmonopolet";"10761301";"The Big Smoke";"The Big Smoke";"0";"979";"0.7";"1398.57";"Whisky";"Glass";"60";"2.3309524"
"Vinmonopolet";"10761401";"Belo Tempranillo";"Belo Tempranillo";"2017";"109.6";"0.75";"146.13";"RÃ¸dvin";"Glass";"12.5";"1.1690667"
"Vinmonopolet";"10761406";"Belo Tempranillo";"Belo Tempranillo";"2017";"409.8";"3";"136.6";"RÃ¸dvin";"Bag-in-box";"12.5";"1.0928"
"Vinmonopolet";"10761501";"Belo Verdejo";"Belo Verdejo";"2017";"109.6";"0.75";"146.13";"White wine";"Glass";"12.5";"1.1690667"
"Vinmonopolet";"10761506";"Belo Verdejo";"Belo Verdejo";"2017";"409.8";"3";"136.6";"White wine";"Bag-in-box";"12.5";"1.0928"
"Vinmonopolet";"10761601";"Gut Oggau Joschuari";"Gut Oggau Joschuari";"2017";"660";"0.75";"880";"RÃ¸dvin";"Glass";"12.5";"7.04"
"Vinmonopolet";"10761701";"Gut Oggau Josephine 2017";"Gut Oggau Josephine";"2017";"467.9";"0.75";"623.87";"RÃ¸dvin";"Glass";"12.5";"4.9909334"
"Vinmonopolet";"10764401";"Bruno Rocca Barbaresco CurrÃ  2015";"Bruno Rocca Barbaresco CurrÃ";"2015";"729.8";"0.75";"973.07";"RÃ¸dvin";"Glass";"14.5";"6.7108045"
"Vinmonopolet";"10764501";"Bruno Rocca Barbaresco CurrÃ  Riserva 2013";"Bruno Rocca Barbaresco CurrÃ  Riserva";"2013";"1399.8";"0.75";"1866.4";"RÃ¸dvin";"Glass";"14.5";"12.871724"
"Vinmonopolet";"10764601";"Bruno Rocca Barbaresco RabajÃ  Riserva 2014";"Bruno Rocca Barbaresco RabajÃ  Riserva";"2014";"1399.8";"0.75";"1866.4";"RÃ¸dvin";"Glass";"14.5";"12.871724"
"Vinmonopolet";"10764701";"Bruno Rocca Dolcetto d'Alba TrifolÃ© 2017";"Bruno Rocca Dolcetto d'Alba TrifolÃ©";"2017";"249.9";"0.75";"333.2";"RÃ¸dvin";"Glass";"14.5";"2.297931"
"Vinmonopolet";"10764801";"Bruno Rocca Cadet Langhe Chardonnay 2016";"Bruno Rocca Cadet Langhe Chardonnay";"2016";"311.3";"0.75";"415.07";"White wine";"Glass";"13.5";"3.0745678"
"Vinmonopolet";"10764901";"Bruno Rocca Barbera d'Alba 2016";"Bruno Rocca Barbera d'Alba";"2016";"340.9";"0.75";"454.53";"RÃ¸dvin";"Glass";"14.5";"3.1347127"
"Vinmonopolet";"10765001";"Burgozone Iris Creation Red";"Burgozone Iris Creation Red";"2015";"275";"0.75";"366.67";"RÃ¸dvin";"Glass";"14";"2.6190476"
"Vinmonopolet";"10765101";"Via Vinera Castellum Cabernet Franc";"Via Vinera Castellum Cabernet Franc";"2017";"214.3";"0.75";"285.73";"RÃ¸dvin";"Glass";"13.5";"2.1165433"
"Vinmonopolet";"10765201";"Via Vinera Bulgarian Heritage Misket";"Via Vinera Bulgarian Heritage Misket";"2017";"153.4";"0.75";"204.53";"White wine";"Glass";"13";"1.5733333"
"Vinmonopolet";"10765301";"Via Vinera Bulgarian Heritage Dimyat";"Via Vinera Bulgarian Heritage Dimyat";"2017";"153.4";"0.75";"204.53";"White wine";"Glass";"13";"1.5733333"
"Vinmonopolet";"10765401";"Via Vinera Bulgarian Heritage Rubin";"Via Vinera Bulgarian Heritage Rubin";"2017";"157.7";"0.75";"210.27";"RÃ¸dvin";"Glass";"13.5";"1.5575309"
"Vinmonopolet";"10765501";"Via Vinera Bulgarian Heritage Mavrud";"Via Vinera Bulgarian Heritage Mavrud";"2017";"157.7";"0.75";"210.27";"RÃ¸dvin";"Glass";"13.5";"1.5575309"
"Vinmonopolet";"10765601";"Via Vinera Castellum Cabernet Sauvignon";"Via Vinera Castellum Cabernet Sauvignon";"2017";"206.7";"0.75";"275.6";"RÃ¸dvin";"Glass";"13.5";"2.0414815"
"Vinmonopolet";"10765701";"Farina Soave Classico 2018";"Farina Soave Classico";"2018";"159.4";"0.75";"212.53";"White wine";"Glass";"12.5";"1.7002666"
"Vinmonopolet";"10765801";"Farina Bardolino Chiaretto 2018";"Farina Bardolino Chiaretto";"2018";"159.4";"0.75";"212.53";"RosÃ©vin";"Glass";"12.5";"1.7002666"
"Vinmonopolet";"10765901";"Farina Prosecco Extra Dry";"Farina Prosecco Extra Dry";"2018";"175";"0.75";"233.33";"Sparkling wine";"Glass";"11";"2.121212"
"Vinmonopolet";"10766001";"Farina Amarone della Valpolicella Classico 2016";"Farina Amarone della Valpolicella Classico";"2016";"369.8";"0.75";"493.07";"RÃ¸dvin";"Glass";"15";"3.287111"
"Vinmonopolet";"10766101";"Farina Valpolicella 2018";"Farina Valpolicella";"2018";"189.6";"0.75";"252.8";"RÃ¸dvin";"Glass";"12.5";"2.0224001"
"Vinmonopolet";"10766201";"GodÃ³ Veronese Rosso 2018";"GodÃ³ Veronese Rosso";"2018";"170";"0.75";"226.67";"RÃ¸dvin";"Glass";"13";"1.7435898"
"Vinmonopolet";"10766301";"GodÃ³ Veronese Bianco 2018";"GodÃ³ Veronese Bianco";"2018";"170";"0.75";"226.67";"White wine";"Glass";"12.5";"1.8133334"
"Vinmonopolet";"10766401";"GodÃ³ Supmante Extra dry RosÃ©";"GodÃ³ Supmante Extra dry RosÃ©";"0";"199.8";"0.75";"266.4";"Musserende vin, rosÃ©";"Glass";"12";"2.22"
"Vinmonopolet";"10766501";"Korrell Riesling Trocken";"Korrell Riesling Trocken";"2018";"179.9";"0.75";"239.87";"White wine";"Glass";"12.5";"1.9189333"
"Vinmonopolet";"10766601";"Jameson Caskmates IPA Edition";"Jameson Caskmates IPA Edition";"0";"424.9";"0.7";"607";"Whisky";"Glass";"40";"1.5175"
"Vinmonopolet";"10766701";"Jacob's Creek Le Petit Rose";"Jacob's Creek Le Petit Rose";"2018";"129.9";"0.75";"173.2";"RosÃ©vin";"Glass";"12.3";"1.40813"
"Vinmonopolet";"10766801";"JÃªrÃ´me Bretaudeau Muscadet GaÃ¯a 2018";"JÃªrÃ´me Bretaudeau Muscadet GaÃ¯a";"2018";"349.9";"0.75";"466.53";"White wine";"Glass";"12";"3.8877778"
"Vinmonopolet";"10767106";"Lyngrove Pinotage Grand Reserve";"Lyngrove Pinotage Grand Reserve";"2018";"419.9";"3";"139.97";"RÃ¸dvin";"Bag-in-box";"13.5";"1.0367901"
"Vinmonopolet";"10767401";"Le Domaine d'Henri Chablis 1er CRU Troesmes";"Le Domaine d'Henri Chablis 1er CRU Troesmes";"2015";"430";"0.75";"573.33";"White wine";"Glass";"13";"4.4102564"
"Vinmonopolet";"10767501";"Le Dom. d'Henri Chablis 1er Cru LâHomme Mort Vieilles Vignes";"Le Dom. d'Henri Chablis 1er Cru LâHomme Mort Vieilles Vignes";"2015";"575";"0.75";"766.67";"White wine";"Glass";"13";"5.8974357"
"Vinmonopolet";"10767601";"Korrell Riesling von den Grossen Lagen";"Korrell Riesling von den Grossen Lagen";"2018";"269.9";"0.75";"359.87";"White wine";"Glass";"13";"2.7682052"
"Vinmonopolet";"10767701";"Korrell Riesling Feinherb";"Korrell Riesling Feinherb";"2018";"179.9";"0.75";"239.87";"White wine";"Glass";"11.5";"2.085797"
"Vinmonopolet";"10767801";"Feudi del Pisciotto Pinot Nero L'Eterno";"Feudi del Pisciotto Pinot Nero L'Eterno";"0";"399.4";"0.75";"532.53";"RÃ¸dvin";"Glass";"12.5";"4.260267"
"Vinmonopolet";"10767902";"Cold Hand Winery Malus X Masculine";"Cold Hand Winery Malus X Masculine";"2015";"699";"0.5";"1398";"Fruit spirit";"Glass";"40";"3.495"
"Vinmonopolet";"10768002";"Cold Hand Winery Malus X Feminam";"Cold Hand Winery Malus X Feminam";"2015";"455";"0.5";"910";"Fruit spirit";"Glass";"19";"4.7894735"
"Vinmonopolet";"10768105";"Corbon Ã Avize Grand Cru MillÃ©sime 2005";"Corbon Ã Avize Grand Cru MillÃ©sime";"2005";"1600";"1.5";"1066.67";"Champagne extra brut";"Glass";"12";"8.888889"
"Vinmonopolet";"10769401";"Schloss Reinhartshausen Hohenrain AR Grosse L. 2016";"Schloss Reinhartshausen Hohenrain AR Grosse L.";"2016";"219.9";"0.75";"293.2";"White wine";"Glass";"12";"2.4433331"
"Vinmonopolet";"10769501";"Korrell SpÃ¤tburgunder";"Korrell SpÃ¤tburgunder";"2017";"199.9";"0.75";"266.53";"RÃ¸dvin";"Glass";"13";"2.0502563"
"Vinmonopolet";"10771301";"The Italian Spritz - Original sparkling Bitter";"The Italian Spritz - Original sparkling Bitter";"0";"99.9";"0.75";"133.2";"Flavoured wine	";"Glass";"11";"1.2109091"
"Vinmonopolet";"10771401";"The Italian Spritz Sparkling Lemon";"The Italian Spritz Sparkling Lemon";"0";"135";"0.75";"180";"Flavoured wine	";"Glass";"11";"1.6363636"
"Vinmonopolet";"10771702";"To Ãl Fuck Art - This is Juicy";"To Ãl Fuck Art - This is Juicy";"0";"58.9";"0.33";"178.49";"India pale ale";"Glass";"5";"3.569697"
"Vinmonopolet";"10771801";"Dom. La Hitaire Sauvignon";"Dom. La Hitaire Sauvignon";"2019";"122.3";"0.75";"163.07";"White wine";"Glass";"12";"1.3588889"
"Vinmonopolet";"10771901";"Argiano Brunello di Montalcino Riserva";"Argiano Brunello di Montalcino Riserva";"2012";"1590.5";"0.75";"2120.67";"RÃ¸dvin";"Glass";"14.5";"14.625287"
"Vinmonopolet";"10777101";"Folk Machine Carignane 2017";"Folk Machine Carignane";"2017";"279.9";"0.75";"373.2";"RÃ¸dvin";"Glass";"12.8";"2.9156249"
"Vinmonopolet";"10777201";"Sobrero Barolo Parussi 2014";"Sobrero Barolo Parussi";"2014";"469.9";"0.75";"626.53";"RÃ¸dvin";"Glass";"14";"4.475238"
"Vinmonopolet";"10777402";"Kweichow Moutai";"Kweichow Moutai";"0";"2299.9";"0.5";"4599.8";"Other spirit";"Glass";"53";"8.678867"
"Vinmonopolet";"10777501";"Dom. de Bellene Saint-Romain Rouge Vieilles Vignes 2017";"Dom. de Bellene Saint-Romain Rouge Vieilles Vignes";"2017";"379.9";"0.75";"506.53";"RÃ¸dvin";"Glass";"13";"3.8964102"
"Vinmonopolet";"10777602";"Hvenus Rye Whisky";"Hvenus Rye Whisky";"0";"729";"0.5";"1458";"Whisky";"Glass";"45.6";"3.1973686"
"Vinmonopolet";"10777801";"Ch. de la Galiniere Saint-Victoire Provence RosÃ© 2018";"Ch. de la Galiniere Saint-Victoire Provence RosÃ©";"2018";"199.9";"0.75";"266.53";"RosÃ©vin";"Glass";"13";"2.0502563"
"Vinmonopolet";"10777905";"Whispering Angel CÃ´tes de Provence RosÃ© 2018";"Whispering Angel CÃ´tes de Provence RosÃ©";"2018";"539.9";"1.5";"359.93";"RosÃ©vin";"Glass";"13";"2.768718"
"Vinmonopolet";"10778001";"The Palm by Whispering Angel RosÃ© 2018";"The Palm by Whispering Angel RosÃ©";"2018";"219.9";"0.75";"293.2";"RosÃ©vin";"Glass";"12.5";"2.3456"
"Vinmonopolet";"10778101";"Fascino Prosecco";"Fascino Prosecco";"0";"159.9";"0.75";"213.2";"Sparkling wine";"Glass";"11";"1.9381818"
"Vinmonopolet";"10778202";"Seven Stars Single Malt Whisky No. 6:1 Mizar";"Seven Stars Single Malt Whisky No. 6:1 Mizar";"0";"999";"0.5";"1998";"Whisky";"Glass";"45";"4.44"
"Vinmonopolet";"10778302";"Seven Stars Single Malt Whisky No. 6:2 Alcor";"Seven Stars Single Malt Whisky No. 6:2 Alcor";"0";"999";"0.5";"1998";"Whisky";"Glass";"45";"4.44"
"Vinmonopolet";"10778401";"Monte Ory RosÃ©";"Monte Ory RosÃ©";"0";"129.9";"0.75";"173.2";"RosÃ©vin";"Glass";"13";"1.3323076"
"Vinmonopolet";"10778501";"Ch. Vieux Taillefer Saint-Emilion GC 2016";"Ch. Vieux Taillefer Saint-Emilion GC";"2016";"999.9";"0.75";"1333.2";"RÃ¸dvin";"Glass";"13.5";"9.875556"
"Vinmonopolet";"10778601";"Barbaresco Riserva Asili";"Barbaresco Riserva Asili";"2014";"479.9";"0.75";"639.87";"RÃ¸dvin";"Glass";"14";"4.570476"
"Vinmonopolet";"10778701";"Barbaresco Riserva Muncagota";"Barbaresco Riserva Muncagota";"2014";"479.9";"0.75";"639.87";"RÃ¸dvin";"Glass";"14";"4.570476"
"Vinmonopolet";"10778801";"Barbaresco Riserva Montefico";"Barbaresco Riserva Montefico";"2014";"479.9";"0.75";"639.87";"RÃ¸dvin";"Glass";"14";"4.570476"
"Vinmonopolet";"10778901";"Barbaresco Riserva Ovello";"Barbaresco Riserva Ovello";"2014";"479.9";"0.75";"639.87";"RÃ¸dvin";"Glass";"14";"4.570476"
"Vinmonopolet";"10779001";"Pavillon de Taillefer Saint Emilion Grand Cru 2015";"Pavillon de Taillefer Saint Emilion Grand Cru";"2015";"499.9";"0.75";"666.53";"RÃ¸dvin";"Glass";"13.5";"4.937284"
"Vinmonopolet";"10779101";"Quaderna Via Be Bike Rosado Garnacha";"Quaderna Via Be Bike Rosado Garnacha";"2018";"135";"0.75";"180";"RosÃ©vin";"Glass";"13";"1.3846154"
"Vinmonopolet";"10779201";"Finca Collado Syrah + Monastrell 2018";"Finca Collado Syrah + Monastrell";"2018";"179";"0.75";"238.67";"RÃ¸dvin";"Glass";"13.5";"1.7679012"
"Vinmonopolet";"10779301";"Finca Collado Original 2012";"Finca Collado Original";"2012";"195";"0.75";"260";"RÃ¸dvin";"Glass";"14";"1.8571428"
"Vinmonopolet";"10779401";"Narvik 2027 Custoza";"Narvik  Custoza";"2018";"150";"0.75";"200";"White wine";"Glass";"12";"1.6666666"
"Vinmonopolet";"10779501";"Narvik 2027 Bianco Spumante Extra Dry";"Narvik  Bianco Spumante Extra Dry";"0";"169";"0.75";"225.33";"Sparkling wine";"Glass";"11.5";"1.9594203"
"Vinmonopolet";"10779601";"Narvik 2027 Rosso Salento";"Narvik  Rosso Salento";"2018";"150";"0.75";"200";"RÃ¸dvin";"Glass";"13";"1.5384616"
"Vinmonopolet";"10779701";"Conde de San Cristobal Flamingo RosÃ©";"Conde de San Cristobal Flamingo RosÃ©";"2017";"239.9";"0.75";"319.87";"RosÃ©vin";"Glass";"13.5";"2.3693826"
"Vinmonopolet";"10779901";"Louis Jadot Chambolle-Musigny Premier Cru Les Sentiers 2017";"Louis Jadot Chambolle-Musigny Premier Cru Les Sentiers";"2017";"879";"0.75";"1172";"RÃ¸dvin";"Glass";"13.5";"8.681481"
"Vinmonopolet";"10780005";"Louis Jadot Santenay Clos de Malte 2015";"Louis Jadot Santenay Clos de Malte";"2015";"794.8";"1.5";"529.87";"RÃ¸dvin";"Glass";"13";"4.075897"
"Vinmonopolet";"10780101";"Louis Jadot Volnay Premier Cru Santenots 2017";"Louis Jadot Volnay Premier Cru Santenots";"2017";"670";"0.75";"893.33";"RÃ¸dvin";"Glass";"13.5";"6.617284"
"Vinmonopolet";"10780201";"Kloster Eberbach Crescentia Steinberger Riesling Trocken 2012";"Kloster Eberbach Crescentia Steinberger Riesling Trocken";"2012";"449";"0.75";"598.67";"White wine";"Glass";"11.5";"5.205797"
"Vinmonopolet";"10780301";"Louis Jadot Morey-Saint-Denis 2013";"Louis Jadot Morey-Saint-Denis";"2013";"399.9";"0.75";"533.2";"RÃ¸dvin";"Glass";"12.5";"4.2655997"
"Vinmonopolet";"10780401";"Louis Jadot Chablis Grand Cru VaudÃ©sir 2016";"Louis Jadot Chablis Grand Cru VaudÃ©sir";"2016";"649";"0.75";"865.33";"White wine";"Glass";"13.5";"6.4098763"
"Vinmonopolet";"10780501";"Louis Jadot Beaune Premier Cru Chouacheux 2015";"Louis Jadot Beaune Premier Cru Chouacheux";"2015";"539.8";"0.75";"719.73";"RÃ¸dvin";"Glass";"13.5";"5.331358"
"Vinmonopolet";"10780601";"Kloster Eberbach AssmannshÃ¤user HÃ¶llenberg SpÃ¤tburgunder Trocken 2015";"Kloster Eberbach AssmannshÃ¤user HÃ¶llenberg SpÃ¤tburgunder Trocken";"2015";"595";"0.75";"793.33";"RÃ¸dvin";"Glass";"12.5";"6.346667"
"Vinmonopolet";"10780701";"Louis Jadot Beaune Premier Cru Bressandes 2017";"Louis Jadot Beaune Premier Cru Bressandes";"2017";"539.9";"0.75";"719.87";"RÃ¸dvin";"Glass";"13";"5.537436"
"Vinmonopolet";"10780801";"Louis Jadot Chambolle-Musigny 2016";"Louis Jadot Chambolle-Musigny";"2016";"579.9";"0.75";"773.2";"RÃ¸dvin";"Glass";"13.5";"5.7274075"
"Vinmonopolet";"10780901";"Louis Jadot Beaune Premier Cru GrÃ¨ves 2016";"Louis Jadot Beaune Premier Cru GrÃ¨ves";"2016";"539.9";"0.75";"719.87";"RÃ¸dvin";"Glass";"13";"5.537436"
"Vinmonopolet";"10781001";"Louis Jadot Beaune Premier Cru Clos des Ursules 2008";"Louis Jadot Beaune Premier Cru Clos des Ursules";"2008";"649";"0.75";"865.33";"RÃ¸dvin";"Glass";"13.5";"6.4098763"
"Vinmonopolet";"10781101";"Louis Jadot Nuits-Saint-Georges Premier Cru Les Boudots 2007";"Louis Jadot Nuits-Saint-Georges Premier Cru Les Boudots";"2007";"795";"0.75";"1060";"RÃ¸dvin";"Glass";"13.5";"7.851852"
"Vinmonopolet";"10781201";"Louis Jadot Gevrey-Chambertin Premier Cru Les Cazetieres 2017";"Louis Jadot Gevrey-Chambertin Premier Cru Les Cazetieres";"2017";"949";"0.75";"1265.33";"RÃ¸dvin";"Glass";"13.5";"9.37284"
"Vinmonopolet";"10781301";"Louis Jadot Clos de la Roche Grand Cru 2007";"Louis Jadot Clos de la Roche Grand Cru";"2007";"1395";"0.75";"1860";"RÃ¸dvin";"Glass";"13";"14.307693"
"Vinmonopolet";"10781401";"Louis Jadot Pommard Premier Cru Rugiens 2007";"Louis Jadot Pommard Premier Cru Rugiens";"2007";"748.9";"0.75";"998.53";"RÃ¸dvin";"Glass";"13";"7.681026"
"Vinmonopolet";"10781501";"Louis Jadot Puligny-Montrachet Premier Cru Les FolatiÃ¨res 2016";"Louis Jadot Puligny-Montrachet Premier Cru Les FolatiÃ¨res";"2016";"794.9";"0.75";"1059.87";"White wine";"Glass";"13.5";"7.8508644"
"Vinmonopolet";"10781601";"Cannonball Chardonnay";"Cannonball Chardonnay";"2016";"249.9";"0.75";"333.2";"White wine";"Glass";"13.7";"2.4321167"
"Vinmonopolet";"10781701";"Cannonball Sauvignon Blanc";"Cannonball Sauvignon Blanc";"2017";"249.9";"0.75";"333.2";"White wine";"Glass";"13.5";"2.468148"
"Vinmonopolet";"10781801";"Adelina Eternal Return Dolcetto";"Adelina Eternal Return Dolcetto";"2017";"249.9";"0.75";"333.2";"RÃ¸dvin";"Glass";"12.6";"2.6444442"
"Vinmonopolet";"10781901";"Bussia Soprana Barolo Vigna Gabutti 2013";"Bussia Soprana Barolo Vigna Gabutti";"2013";"549";"0.75";"732";"RÃ¸dvin";"Glass";"14";"5.2285714"
"Vinmonopolet";"10782101";"Adelina Refusal to Lie Chardonnay";"Adelina Refusal to Lie Chardonnay";"2017";"249.9";"0.75";"333.2";"White wine";"Glass";"12.2";"2.7311475"
"Vinmonopolet";"10782301";"Bod. de Bardos RomÃ¡ntica";"Bod. de Bardos RomÃ¡ntica";"2017";"186.6";"0.75";"248.8";"RÃ¸dvin";"Glass";"14";"1.7771429"
"Vinmonopolet";"10782401";"Louis Jadot Chassagne-Montrachet Premier Cru Les EmbazÃ©es 2016";"Louis Jadot Chassagne-Montrachet Premier Cru Les EmbazÃ©es";"2016";"695";"0.75";"926.67";"White wine";"Glass";"13.5";"6.8641977"
"Vinmonopolet";"10782501";"Louis Jadot Chablis Grand Cru Les Clos 2016";"Louis Jadot Chablis Grand Cru Les Clos";"2016";"695";"0.75";"926.67";"White wine";"Glass";"13";"7.1282053"
"Vinmonopolet";"10782601";"Louis Jadot Puligny-Montrachet Premier Cru La Garenne 2016";"Louis Jadot Puligny-Montrachet Premier Cru La Garenne";"2016";"694.9";"0.75";"926.53";"White wine";"Glass";"13.5";"6.86321"
"Vinmonopolet";"10782701";"Weing. Lothar Kettern Piesporter GÃ¼nterslay Riesling Trocken 2016";"Weing. Lothar Kettern Piesporter GÃ¼nterslay Riesling Trocken";"2016";"329.9";"0.75";"439.87";"White wine";"Glass";"11";"3.9987879"
"Vinmonopolet";"10782801";"Weing. Lothar Kettern Piesporter GoldtrÃ¶pfchen Riesling Auslese 2016";"Weing. Lothar Kettern Piesporter GoldtrÃ¶pfchen Riesling Auslese";"2016";"429.9";"0.75";"573.2";"White wine";"Glass";"7.5";"7.6426663"
"Vinmonopolet";"10782902";"Bouchard PÃ¨re & Fils Corton-Charlemagne 2014";"Bouchard PÃ¨re & Fils Corton-Charlemagne";"2014";"883.9";"0.38";"2357.07";"White wine";"Glass";"14";"16.614662"
"Vinmonopolet";"10783001";"La La Land Pinot Grigio";"La La Land Pinot Grigio";"2018";"179.9";"0.75";"239.87";"White wine";"Glass";"13.5";"1.77679"
"Vinmonopolet";"10783401";"De Muller Solimar Tinto Crianza";"De Muller Solimar Tinto Crianza";"2017";"159.9";"0.75";"213.2";"RÃ¸dvin";"Glass";"13.5";"1.5792592"
"Vinmonopolet";"10783501";"De Muller Solimar Blanco";"De Muller Solimar Blanco";"2018";"149.9";"0.75";"199.87";"White wine";"Glass";"11.5";"1.737971"
"Vinmonopolet";"10783601";"Patriarche P&F CÃ´teaux Bourguignons";"Patriarche P&F CÃ´teaux Bourguignons";"2017";"139.9";"0.75";"186.53";"RÃ¸dvin";"Glass";"12.5";"1.4922667"
"Vinmonopolet";"10784001";"Bod. ViÃ±a Elena Estancia del Silenco 2018";"Bod. ViÃ±a Elena Estancia del Silenco";"2018";"139.9";"0.75";"186.53";"RÃ¸dvin";"Glass";"14";"1.3323809"
"Vinmonopolet";"10784106";"Bod. ViÃ±a Elena Estancia del Silenco 2017";"Bod. ViÃ±a Elena Estancia del Silenco";"2017";"469.9";"3";"156.63";"RÃ¸dvin";"Bag-in-box";"14";"1.1188095"
"Vinmonopolet";"10784502";"Thornbridge Melba";"Thornbridge Melba";"0";"48";"0.33";"145.46";"India pale ale";"Glass";"5.2";"2.7972028"
"Vinmonopolet";"10784801";"Fio Teppo Riesling Mosel 2016";"Fio Teppo Riesling Mosel";"2016";"249.9";"0.75";"333.2";"White wine";"Glass";"11.5";"2.8973913"
"Vinmonopolet";"10784901";"Niepoort Poeirinho Garrafeira 2012";"Niepoort Poeirinho Garrafeira";"2012";"649.9";"0.75";"866.53";"RÃ¸dvin";"Glass";"12";"7.2211113"
"Vinmonopolet";"10785001";"Zusammenspiel SpÃ¤tburgunder Blanc de Noir Vegan 2017";"Zusammenspiel SpÃ¤tburgunder Blanc de Noir Vegan";"2017";"109.9";"0.75";"146.53";"White wine";"Glass";"12";"1.2211112"
"Vinmonopolet";"10785101";"Le Caussi FaugÃ¨res";"Le Caussi FaugÃ¨res";"2017";"216.9";"0.75";"289.2";"RÃ¸dvin";"Glass";"13.5";"2.1422222"
"Vinmonopolet";"10785201";"Cave de Roquebrun Chemin des Olivettes";"Cave de Roquebrun Chemin des Olivettes";"2017";"188.8";"0.75";"251.73";"RÃ¸dvin";"Glass";"13";"1.9364103"
"Vinmonopolet";"10785301";"Clos Bagatelle Je me Souviens 2015";"Clos Bagatelle Je me Souviens";"2015";"528.8";"0.75";"705.07";"RÃ¸dvin";"Glass";"14";"5.0361905"
"Vinmonopolet";"10785401";"Dom. Guizard RosÃ©";"Dom. Guizard RosÃ©";"2018";"182.7";"0.75";"243.6";"RosÃ©vin";"Glass";"13";"1.8738462"
"Vinmonopolet";"10785701";"Rall Old Vine Cinsault Pet Nat";"Rall Old Vine Cinsault Pet Nat";"2018";"289.9";"0.75";"386.53";"Sparkling white wine";"Glass";"11";"3.5139394"
"Vinmonopolet";"10785901";"Carlo Giacosa Montefico Barbaresco 2015";"Carlo Giacosa Montefico Barbaresco";"2015";"455";"0.75";"606.67";"RÃ¸dvin";"Glass";"14.5";"4.183908"
"Vinmonopolet";"10786001";"Scherrer Vineyard Cabernet Sauvignon 2015";"Scherrer Vineyard Cabernet Sauvignon";"2015";"598";"0.75";"797.33";"RÃ¸dvin";"Glass";"14.5";"5.4988503"
"Vinmonopolet";"10786102";"Page 24 Belgian Triple American Oak";"Page 24 Belgian Triple American Oak";"0";"79.9";"0.33";"242.12";"Trappist";"Glass";"7.9";"3.0648253"
"Vinmonopolet";"10786401";"Les Vins ContÃ©s Pow Blop Wizz";"Les Vins ContÃ©s Pow Blop Wizz";"2018";"249";"0.75";"332";"Perlende vin, rosÃ©";"Glass";"11";"3.0181818"
"Vinmonopolet";"10786501";"Scherrer Chardonnay 2016";"Scherrer Chardonnay";"2016";"439";"0.75";"585.33";"White wine";"Glass";"14.5";"4.036782"
"Vinmonopolet";"10786601";"L. BÃ©nard-Pitois Blanc de Blancs Brut 2013";"L. BÃ©nard-Pitois Blanc de Blancs Brut";"2013";"448";"0.75";"597.33";"Champagne, brut";"Glass";"12";"4.977778"
"Vinmonopolet";"10786701";"L. BÃ©nard-Pitois Brut RosÃ©";"L. BÃ©nard-Pitois Brut RosÃ©";"0";"358";"0.75";"477.33";"Champagne, rosÃ©";"Glass";"12";"3.9777777"
"Vinmonopolet";"10786801";"Zusammenspiel Weissburgunder Trocken 2017";"Zusammenspiel Weissburgunder Trocken";"2017";"159.9";"0.75";"213.2";"White wine";"Glass";"12.5";"1.7055999"
"Vinmonopolet";"10787202";"JÃ¤germeister Coolpack";"JÃ¤germeister Coolpack";"0";"229.9";"0.35";"656.86";"Bitter	";"Plast";"35";"1.8767347"
"Vinmonopolet";"10787301";"Daracha's utvalgte nr. 5 Ardmore Single Malt 8 YO";"Daracha's utvalgte nr. 5 Ardmore Single Malt 8 YO";"0";"980";"0.7";"1400";"Whisky";"Glass";"52.1";"2.6871402"
"Vinmonopolet";"10787405";"J. Haart Riesling GoldtrÃ¶pfchen Kabinett 2019";"J. Haart Riesling GoldtrÃ¶pfchen Kabinett";"2019";"499.9";"1.5";"333.27";"White wine";"Glass";"8.5";"3.9207842"
"Vinmonopolet";"10787601";"Indian Summer Cask Strength Gin ex sherry Benriach Peated Cask";"Indian Summer Cask Strength Gin ex sherry Benriach Peated Cask";"0";"875";"0.7";"1250";"Gin";"Glass";"56.3";"2.2202487"
"Vinmonopolet";"10787701";"Furlani Alpino Sui lieviti Frizzante 2017";"Furlani Alpino Sui lieviti Frizzante";"2017";"226.9";"0.75";"302.53";"Sparkling white wine";"Glass";"11.5";"2.6307247"
"Vinmonopolet";"10787801";"Furlani Antico Sui lieviti Spumante 2017";"Furlani Antico Sui lieviti Spumante";"2017";"235.9";"0.75";"314.53";"Sparkling white wine";"Glass";"11.5";"2.7350724"
"Vinmonopolet";"10787901";"Furlani Sur lieviti Rosso Frizzante 2017";"Furlani Sur lieviti Rosso Frizzante";"2017";"226.3";"0.75";"301.73";"Perlende vin, rÃ¸d";"Glass";"11.5";"2.623768"
"Vinmonopolet";"10788001";"Furlani Rosso 2017";"Furlani Rosso";"2017";"239.9";"0.75";"319.87";"RÃ¸dvin";"Glass";"12.5";"2.5589333"
"Vinmonopolet";"10788101";"Furlani Metodo Interrotto Brut Natur 2015";"Furlani Metodo Interrotto Brut Natur";"2015";"259.9";"0.75";"346.53";"Sparkling wine";"Glass";"12.5";"2.7722666"
"Vinmonopolet";"10788201";"Pod. la Berta Sangiovese Superiore";"Pod. la Berta Sangiovese Superiore";"2016";"139.6";"0.75";"186.13";"RÃ¸dvin";"Glass";"13";"1.4317949"
"Vinmonopolet";"10788301";"Pod. la Berta Pagadebit";"Pod. la Berta Pagadebit";"2015";"109.7";"0.75";"146.27";"White wine";"Glass";"13";"1.1251281"
"Vinmonopolet";"10788401";"Cune Monopole Reserva 2009";"Cune Monopole Reserva";"2009";"249.9";"0.75";"333.2";"RÃ¸dvin";"Glass";"13.5";"2.468148"
"Vinmonopolet";"10788501";"Cune Blanco Barrel Fermented";"Cune Blanco Barrel Fermented";"2017";"175";"0.75";"233.33";"White wine";"Glass";"13";"1.7948718"
"Vinmonopolet";"10788601";"Bela Estate Grown Ribuero del Duero Roble";"Bela Estate Grown Ribuero del Duero Roble";"2016";"209.9";"0.75";"279.87";"RÃ¸dvin";"Glass";"14";"1.9990475"
"Vinmonopolet";"10788801";"Roger Goulart Coral Cava Brut RosÃ©";"Roger Goulart Coral Cava Brut RosÃ©";"2017";"209.9";"0.75";"279.87";"Musserende vin, rosÃ©";"Glass";"12";"2.3322222"
"Vinmonopolet";"10788901";"Pagos del Galir MencÃ­a";"Pagos del Galir MencÃ­a";"2016";"209.9";"0.75";"279.87";"RÃ¸dvin";"Glass";"13.5";"2.0730863"
"Vinmonopolet";"10789001";"Pagos del Galir Godello";"Pagos del Galir Godello";"2017";"209.9";"0.75";"279.87";"White wine";"Glass";"13.5";"2.0730863"
"Vinmonopolet";"10789101";"Moingeon Cremant de Bourgogne Brut RosÃ©";"Moingeon Cremant de Bourgogne Brut RosÃ©";"0";"179.9";"0.75";"239.87";"Sparkling wine";"Glass";"12";"1.9988889"
"Vinmonopolet";"10789201";"Kia Ora Sauvignon Blanc";"Kia Ora Sauvignon Blanc";"2018";"139.9";"0.75";"186.53";"White wine";"Glass";"12.5";"1.4922667"
"Vinmonopolet";"10789301";"Moingeon CrÃ©mant de Bourgogne Brut Prestige";"Moingeon CrÃ©mant de Bourgogne Brut Prestige";"0";"199.9";"0.75";"266.53";"Sparkling wine";"Glass";"12";"2.221111"
"Vinmonopolet";"10789401";"ArvesÃ¸lvet Export";"ArvesÃ¸lvet Export";"0";"594.9";"1";"594.9";"Aquavit";"Glass";"40";"1.4872501"
"Vinmonopolet";"10789506";"J. Moreau & Fils Chardonnay";"J. Moreau & Fils Chardonnay";"2019";"434.9";"3";"144.97";"White wine";"Bag-in-box";"12.5";"1.1597333"
"Vinmonopolet";"10789901";"Barton & Guestier Bordeaux Rouge";"Barton & Guestier Bordeaux Rouge";"2017";"129.9";"0.75";"173.2";"RÃ¸dvin";"Glass";"12.5";"1.3856"
"Vinmonopolet";"10790001";"Barton & Guestier Chablis Saint Louis";"Barton & Guestier Chablis Saint Louis";"2017";"199.9";"0.75";"266.53";"White wine";"Glass";"12";"2.221111"
"Vinmonopolet";"10790101";"Barton & Guestier Bordeaux Blanc";"Barton & Guestier Bordeaux Blanc";"2017";"139.9";"0.75";"186.53";"White wine";"Glass";"12.5";"1.4922667"
"Vinmonopolet";"10790201";"Glenmorangie Allta";"Glenmorangie Allta";"0";"959.9";"0.7";"1371.29";"Whisky";"Glass";"51.2";"2.6782925"
"Vinmonopolet";"10790301";"Joseph Drouhin Chablis 1er Cru Mont de Milieu 2015";"Joseph Drouhin Chablis 1er Cru Mont de Milieu";"2015";"364";"0.75";"485.33";"White wine";"Glass";"13";"3.7333333"
"Vinmonopolet";"10790401";"Karl Haidle BlaufrÃ¤nkisch Bunter Mergel";"Karl Haidle BlaufrÃ¤nkisch Bunter Mergel";"2017";"189.9";"0.75";"253.2";"RÃ¸dvin";"Glass";"12";"2.11"
"Vinmonopolet";"10790501";"Dom. la Fouquette RosÃ©e d'Aurore 2018";"Dom. la Fouquette RosÃ©e d'Aurore";"2018";"149.9";"0.75";"199.87";"RosÃ©vin";"Glass";"12";"1.6655555"
"Vinmonopolet";"10790601";"Francisco GÃ²mez 2017";"Francisco GÃ²mez";"2017";"151";"0.75";"201.33";"RÃ¸dvin";"Glass";"13.5";"1.491358"
"Vinmonopolet";"10790706";"KÃ¶ld Frozen Elderflower Martini";"KÃ¶ld Frozen Elderflower Martini";"0";"59.9";"0.25";"239.6";"Other spirit";"Pouch";"8";"2.9950001"
"Vinmonopolet";"10790801";"Cazes Les Clos de Paulilles RosÃ© 2018";"Cazes Les Clos de Paulilles RosÃ©";"2018";"209.9";"0.75";"279.87";"RosÃ©vin";"Glass";"12.5";"2.2389333"
"Vinmonopolet";"10790901";"Gem 2018";"Gem";"2018";"159.9";"0.75";"213.2";"RosÃ©vin";"Glass";"12";"1.7766666"
"Vinmonopolet";"10791006";"Cazes Roller";"Cazes Roller";"2018";"269.9";"1.5";"179.93";"White wine";"Bag-in-box";"13";"1.3841026"
"Vinmonopolet";"10791106";"Laroche Rose L";"Laroche Rose L";"2019";"459.9";"3";"153.3";"RosÃ©vin";"Bag-in-box";"12.5";"1.2264"
"Vinmonopolet";"10791201";"Montalbera RuchÃ¨ di Cast. Monferrato La Trad.";"Montalbera RuchÃ¨ di Cast. Monferrato La Trad.";"2017";"245";"0.75";"326.67";"RÃ¸dvin";"Glass";"14";"2.3333333"
"Vinmonopolet";"10791501";"Silvio Carta Vermentino di Gallura Serenata";"Silvio Carta Vermentino di Gallura Serenata";"2018";"199.9";"0.75";"266.53";"White wine";"Glass";"13.5";"1.9743209"
"Vinmonopolet";"10791601";"Silvio Carta Cannonau di Sardegna Serenata";"Silvio Carta Cannonau di Sardegna Serenata";"2017";"225";"0.75";"300";"RÃ¸dvin";"Glass";"14.5";"2.0689654"
"Vinmonopolet";"10791701";"Silvio Carta Vernaccia di Oristano Ris. 2003";"Silvio Carta Vernaccia di Oristano Ris.";"2003";"650";"0.75";"866.67";"Fortified wine";"Glass";"18";"4.814815"
"Vinmonopolet";"10791801";"Bunnahabhain 2008 MoÃ²ne Bordeaux Red Wine Cask Matured";"Bunnahabhain  MoÃ²ne Bordeaux Red Wine Cask Matured";"0";"1099.9";"0.7";"1571.29";"Whisky";"Glass";"58.1";"2.7044506"
"Vinmonopolet";"10791901";"Bunnahabhain 1997 Palo Cortado Cask Finish";"Bunnahabhain  Palo Cortado Cask Finish";"0";"3499.9";"0.7";"4999.86";"Whisky";"Glass";"54.9";"9.107207"
"Vinmonopolet";"10792001";"Boffa Barbaresco 2016";"Boffa Barbaresco";"2016";"413.2";"0.75";"550.93";"RÃ¸dvin";"Glass";"14";"3.9352381"
"Vinmonopolet";"10792101";"Boffa Barbaresco Ovello 2015";"Boffa Barbaresco Ovello";"2015";"630.8";"0.75";"841.07";"RÃ¸dvin";"Glass";"14";"6.007619"
"Vinmonopolet";"10792201";"Fattoria Fibbiano Ciliegiolo";"Fattoria Fibbiano Ciliegiolo";"2015";"244.5";"0.75";"326";"RÃ¸dvin";"Glass";"14";"2.3285713"
"Vinmonopolet";"10792401";"Joseph Mellot Chinon Les Royaux 2015";"Joseph Mellot Chinon Les Royaux";"2015";"229.9";"0.75";"306.53";"RÃ¸dvin";"Glass";"12.5";"2.4522667"
"Vinmonopolet";"10792601";"Dom. de Calet Alva 2017";"Dom. de Calet Alva";"2017";"186";"0.75";"248";"RÃ¸dvin";"Glass";"14.5";"1.7103448"
"Vinmonopolet";"10792701";"Briziarelli Sagrantino Montefalco";"Briziarelli Sagrantino Montefalco";"2015";"349.9";"0.75";"466.53";"RÃ¸dvin";"Glass";"15";"3.110222"
"Vinmonopolet";"10792801";"Briziarelli Umbria Grechetto";"Briziarelli Umbria Grechetto";"2018";"199.9";"0.75";"266.53";"White wine";"Glass";"13";"2.0502563"
"Vinmonopolet";"10792901";"Briziarelli Montefalco Rosso";"Briziarelli Montefalco Rosso";"2016";"209.9";"0.75";"279.87";"RÃ¸dvin";"Glass";"14";"1.9990475"
"Vinmonopolet";"10793001";"Kelley Fox Ahurani Pinot Noir 2017";"Kelley Fox Ahurani Pinot Noir";"2017";"320";"0.75";"426.67";"RÃ¸dvin";"Glass";"12.5";"3.4133334"
"Vinmonopolet";"10793101";"Kelley Fox Mirabai Pinot Noir 2017";"Kelley Fox Mirabai Pinot Noir";"2017";"389";"0.75";"518.67";"RÃ¸dvin";"Glass";"12.5";"4.1493335"
"Vinmonopolet";"10793201";"Johannes Zillinger Reflexion Sonnberg Zweigelt 2015";"Johannes Zillinger Reflexion Sonnberg Zweigelt";"2015";"229.9";"0.75";"306.53";"RÃ¸dvin";"Glass";"12.5";"2.4522667"
"Vinmonopolet";"10793301";"Lustau Vermut RosÃ©";"Lustau Vermut RosÃ©";"0";"249.9";"0.75";"333.2";"Vermouth";"Glass";"15";"2.2213333"
"Vinmonopolet";"10793401";"De Montille Bourgogne Blanc 2016";"De Montille Bourgogne Blanc";"2016";"369.9";"0.75";"493.2";"White wine";"Glass";"12.5";"3.9456"
"Vinmonopolet";"10793501";"De Montille Beaune 1er Cru Les Aigrots 2016";"De Montille Beaune 1er Cru Les Aigrots";"2016";"578";"0.75";"770.67";"White wine";"Glass";"13";"5.928205"
"Vinmonopolet";"10793601";"De Montille Meursault Saint-Christophe 2017";"De Montille Meursault Saint-Christophe";"2017";"699.9";"0.75";"933.2";"White wine";"Glass";"13";"7.1784616"
"Vinmonopolet";"10793701";"De Montille Meursault 1er Cru Les Poruzots 2017";"De Montille Meursault 1er Cru Les Poruzots";"2017";"876";"0.75";"1168";"White wine";"Glass";"13";"8.984615"
"Vinmonopolet";"10793801";"De Montille Meursault 1er Cru Les PerriÃ¨res 2017";"De Montille Meursault 1er Cru Les PerriÃ¨res";"2017";"1208";"0.75";"1610.67";"White wine";"Glass";"13";"12.389744"
"Vinmonopolet";"10793901";"De Montille Puligny-Montrachet 1er Cru Le Caillerets 2016";"De Montille Puligny-Montrachet 1er Cru Le Caillerets";"2016";"1345";"0.75";"1793.33";"White wine";"Glass";"13";"13.794871"
"Vinmonopolet";"10794001";"De Montille Corton-Charlemagne Grand Cru 2017";"De Montille Corton-Charlemagne Grand Cru";"2017";"1398.1";"0.75";"1864.13";"White wine";"Glass";"13";"14.339487"
"Vinmonopolet";"10794101";"De Montille Bourgogne Rouge 2017";"De Montille Bourgogne Rouge";"2017";"378";"0.75";"504";"RÃ¸dvin";"Glass";"13";"3.876923"
"Vinmonopolet";"10794201";"De Montille Beaune 1er Cru Les PerriÃ¨res 2016";"De Montille Beaune 1er Cru Les PerriÃ¨res";"2016";"600";"0.75";"800";"RÃ¸dvin";"Glass";"13";"6.1538463"
"Vinmonopolet";"10794301";"De Montille Beaune 1er Cru Les GrÃ¨ves 2016";"De Montille Beaune 1er Cru Les GrÃ¨ves";"2016";"779.9";"0.75";"1039.87";"RÃ¸dvin";"Glass";"13";"7.998975"
"Vinmonopolet";"10794401";"De Montille Volnay 1er Cru Les Mitans 2016";"De Montille Volnay 1er Cru Les Mitans";"2016";"1145";"0.75";"1526.67";"RÃ¸dvin";"Glass";"12.5";"12.213333"
"Vinmonopolet";"10794501";"De Montille Volnay 1er Cru Les Taillepieds 2016";"De Montille Volnay 1er Cru Les Taillepieds";"2016";"1140";"0.75";"1520";"RÃ¸dvin";"Glass";"13";"11.692307"
"Vinmonopolet";"10794601";"De Montille Pommard 1er Cru Les PÃ©zerolles 2016";"De Montille Pommard 1er Cru Les PÃ©zerolles";"2016";"1078";"0.75";"1437.33";"RÃ¸dvin";"Glass";"13";"11.05641"
"Vinmonopolet";"10794701";"De Montille Pommard 1er Cru Les Rugiens-bas 2016";"De Montille Pommard 1er Cru Les Rugiens-bas";"2016";"1359.9";"0.75";"1813.2";"RÃ¸dvin";"Glass";"13";"13.947693"
"Vinmonopolet";"10794801";"De Montille Nuits-Saint-Georges 1er Cru Aux Thorey 2016";"De Montille Nuits-Saint-Georges 1er Cru Aux Thorey";"2016";"875";"0.75";"1166.67";"RÃ¸dvin";"Glass";"13";"8.974359"
"Vinmonopolet";"10794901";"De Montille Corton Clos du Roi Grand Cru 2016";"De Montille Corton Clos du Roi Grand Cru";"2016";"1370.1";"0.75";"1826.8";"RÃ¸dvin";"Glass";"13";"14.052307"
"Vinmonopolet";"10795005";"Moestue Cornas Coteau de Reynard 2016";"Moestue Cornas Coteau de Reynard";"2016";"1019.8";"1.5";"679.87";"RÃ¸dvin";"Glass";"14";"4.85619"
"Vinmonopolet";"10795101";"Dr. BÃ¼rklin-Wolf GaisbÃ¶hl G.C. Riesling Trocken 2016";"Dr. BÃ¼rklin-Wolf GaisbÃ¶hl G.C. Riesling Trocken";"2016";"428.9";"0.75";"571.87";"White wine";"Glass";"12.5";"4.574933"
"Vinmonopolet";"10795205";"Guigal Ch. d'Ampuis CÃ´te-RÃ´tie 2015";"Guigal Ch. d'Ampuis CÃ´te-RÃ´tie";"2015";"1799.9";"1.5";"1199.93";"RÃ¸dvin";"Glass";"13.5";"8.888395"
"Vinmonopolet";"10795301";"Ch. Grand Marceaux 2009";"Ch. Grand Marceaux";"2009";"204.9";"0.75";"273.2";"RÃ¸dvin";"Glass";"13";"2.1015384"
"Vinmonopolet";"10795401";"Perrin Dom. de Clos des Tourelles Gigondas 2016";"Perrin Dom. de Clos des Tourelles Gigondas";"2016";"599.9";"0.75";"799.87";"RÃ¸dvin";"Glass";"15";"5.3324447"
"Vinmonopolet";"10795505";"Dr. BÃ¼rklin-Wolf Wachenheimer BÃ¶hlig Riesling Trocken 2017";"Dr. BÃ¼rklin-Wolf Wachenheimer BÃ¶hlig Riesling Trocken";"2017";"768";"1.5";"512";"White wine";"Glass";"13";"3.9384615"
"Vinmonopolet";"10795601";"SchÃ¤fer-FrÃ¶hlich Schiefergestein Bockenauer Riesling Trocken 2017";"SchÃ¤fer-FrÃ¶hlich Schiefergestein Bockenauer Riesling Trocken";"2017";"292";"0.75";"389.33";"White wine";"Glass";"13";"2.9948719"
"Vinmonopolet";"10795701";"SchÃ¤fer-FrÃ¶hlich Schiefergestein Bockenauer Riesling feinherb 2017";"SchÃ¤fer-FrÃ¶hlich Schiefergestein Bockenauer Riesling feinherb";"2017";"279.9";"0.75";"373.2";"White wine";"Glass";"12";"3.11"
"Vinmonopolet";"10795801";"SchÃ¤fer-FrÃ¶hlich Vulkangestein Riesling Trocken 2017";"SchÃ¤fer-FrÃ¶hlich Vulkangestein Riesling Trocken";"2017";"259.9";"0.75";"346.53";"White wine";"Glass";"12";"2.8877778"
"Vinmonopolet";"10795901";"SchÃ¤fer-FrÃ¶hlich Felseneck Riesling Trocken GG 2017";"SchÃ¤fer-FrÃ¶hlich Felseneck Riesling Trocken GG";"2017";"562.9";"0.75";"750.53";"White wine";"Glass";"13";"5.7733335"
"Vinmonopolet";"10796001";"Vajra Pinot Nero 2015";"Vajra Pinot Nero";"2015";"294.9";"0.75";"393.2";"RÃ¸dvin";"Glass";"14";"2.8085713"
"Vinmonopolet";"10796101";"SchÃ¤fer-FrÃ¶hlich Felsenberg Riesling Trocken GG 2017";"SchÃ¤fer-FrÃ¶hlich Felsenberg Riesling Trocken GG";"2017";"504.9";"0.75";"673.2";"White wine";"Glass";"12.5";"5.3856"
"Vinmonopolet";"10796201";"Otto Robsahm's Hazlo Ahora 2017";"Otto Robsahm's Hazlo Ahora";"2017";"159.9";"0.75";"213.2";"RÃ¸dvin";"Glass";"14";"1.5228571"
"Vinmonopolet";"10796301";"Brocard Chablis Premier Cru Vaillons 2014";"Brocard Chablis Premier Cru Vaillons";"2014";"344.9";"0.75";"459.87";"White wine";"Glass";"13";"3.5374358"
"Vinmonopolet";"10796401";"Ch. Bibian 2015";"Ch. Bibian";"2015";"236";"0.75";"314.67";"RÃ¸dvin";"Glass";"13.5";"2.3308642"
"Vinmonopolet";"10796501";"Guigal Saintes Pierres de Nalys Chateauneuf-du-Pape Blanc 2017";"Guigal Saintes Pierres de Nalys Chateauneuf-du-Pape Blanc";"2017";"415";"0.75";"553.33";"White wine";"Glass";"13.5";"4.0987654"
"Vinmonopolet";"10796601";"Guigal Ch. de Nalys Chateauneuf-du-Pape 2016";"Guigal Ch. de Nalys Chateauneuf-du-Pape";"2016";"649.9";"0.75";"866.53";"RÃ¸dvin";"Glass";"14.5";"5.9760923"
"Vinmonopolet";"10796705";"Dr. BÃ¼rklin-Wolf GaisbÃ¶hl G.C. Riesling Trocken 2016";"Dr. BÃ¼rklin-Wolf GaisbÃ¶hl G.C. Riesling Trocken";"2016";"1045";"1.5";"696.67";"White wine";"Glass";"12.5";"5.5733333"
"Vinmonopolet";"10796801";"Dr. BÃ¼rklin-Wolf Reiterpfad G.C. Riesling Trocken 2016";"Dr. BÃ¼rklin-Wolf Reiterpfad G.C. Riesling Trocken";"2016";"549.9";"0.75";"733.2";"White wine";"Glass";"12.5";"5.8656"
"Vinmonopolet";"10796905";"Wagner-Stempel Porphyr Riesling Trocken 2017";"Wagner-Stempel Porphyr Riesling Trocken";"2017";"542";"1.5";"361.33";"White wine";"Glass";"13";"2.7794871"
"Vinmonopolet";"10797007";"Ferrari Trento Brut";"Ferrari Trento Brut";"2014";"4200";"9";"466.67";"Sparkling wine";"Glass";"12";"3.8888888"
"Vinmonopolet";"10797101";"Dr. BÃ¼rklin-Wolf Ungeheuer G.C. Riesling Trocken 2016";"Dr. BÃ¼rklin-Wolf Ungeheuer G.C. Riesling Trocken";"2016";"556.9";"0.75";"742.53";"White wine";"Glass";"13";"5.7117953"
"Vinmonopolet";"10797201";"Verset Cornas 2016";"Verset Cornas";"2016";"422";"0.75";"562.67";"RÃ¸dvin";"Glass";"13.5";"4.167901"
"Vinmonopolet";"10797301";"Anne Sophie Dubois l'Alchimiste 2017";"Anne Sophie Dubois l'Alchimiste";"2017";"246";"0.75";"328";"RÃ¸dvin";"Glass";"12.5";"2.624"
"Vinmonopolet";"10797401";"Wagner-Stempel Siefersheimer Weissburgunder Trocken 2017";"Wagner-Stempel Siefersheimer Weissburgunder Trocken";"2017";"264";"0.75";"352";"White wine";"Glass";"13";"2.7076924"
"Vinmonopolet";"10797501";"Thillardon ChÃ©nas Chassignol 2017";"Thillardon ChÃ©nas Chassignol";"2017";"360";"0.75";"480";"RÃ¸dvin";"Glass";"13";"3.6923077"
"Vinmonopolet";"10797601";"Ch. Gruaud Larose 2016";"Ch. Gruaud Larose";"2016";"948";"0.75";"1264";"RÃ¸dvin";"Glass";"13";"9.723077"
"Vinmonopolet";"10797701";"La Dame de Montrose 2016";"La Dame de Montrose";"2016";"548";"0.75";"730.67";"RÃ¸dvin";"Glass";"13.5";"5.412346"
"Vinmonopolet";"10797801";"Barthod Bourgogne Rouge 2015";"Barthod Bourgogne Rouge";"2015";"349.8";"0.75";"466.4";"RÃ¸dvin";"Glass";"13";"3.5876923"
"Vinmonopolet";"10797901";"Barthod Chambolle-Musigny 2015";"Barthod Chambolle-Musigny";"2015";"633.9";"0.75";"845.2";"RÃ¸dvin";"Glass";"13";"6.5015388"
"Vinmonopolet";"10798001";"Barthod Chambolle-Musigny 1er Cru Les Cras 2015";"Barthod Chambolle-Musigny 1er Cru Les Cras";"2015";"959.9";"0.75";"1279.87";"RÃ¸dvin";"Glass";"13.5";"9.4804945"
"Vinmonopolet";"10798101";"Muzard Santenay Premier Cru MaladiÃ¨res 2016";"Muzard Santenay Premier Cru MaladiÃ¨res";"2016";"348.1";"0.75";"464.13";"RÃ¸dvin";"Glass";"13";"3.5702565"
"Vinmonopolet";"10798201";"Muzard Santenay Premier Cru Clos des Tavannes 2017";"Muzard Santenay Premier Cru Clos des Tavannes";"2017";"378";"0.75";"504";"RÃ¸dvin";"Glass";"13";"3.876923"
"Vinmonopolet";"10798301";"Luigi Giordano Barbaresco Montestefano 2015";"Luigi Giordano Barbaresco Montestefano";"2015";"346.9";"0.75";"462.53";"RÃ¸dvin";"Glass";"14";"3.3038094"
"Vinmonopolet";"10798401";"Girardin Puligny-Montrachet Vieilles Vignes 2016";"Girardin Puligny-Montrachet Vieilles Vignes";"2016";"615";"0.75";"820";"White wine";"Glass";"13";"6.3076925"
"Vinmonopolet";"10798501";"Girardin Chassagne-Montrachet Premier Cru Blanchots-Dessus 2016";"Girardin Chassagne-Montrachet Premier Cru Blanchots-Dessus";"2016";"825";"0.75";"1100";"White wine";"Glass";"13.5";"8.148149"
"Vinmonopolet";"10798701";"Ch. Latour-Martillac 2016";"Ch. Latour-Martillac";"2016";"529";"0.75";"705.33";"RÃ¸dvin";"Glass";"13.5";"5.2246914"
"Vinmonopolet";"10798801";"Balthazar CÃ´tes-du-RhÃ´ne 2018";"Balthazar CÃ´tes-du-RhÃ´ne";"2018";"239.9";"0.75";"319.87";"RÃ¸dvin";"Glass";"14";"2.284762"
"Vinmonopolet";"10798901";"Napier Red Medallion 2007";"Napier Red Medallion";"2007";"299";"0.75";"398.67";"RÃ¸dvin";"Glass";"14";"2.847619"
"Vinmonopolet";"10799001";"Bertona Semillon 2018";"Bertona Semillon";"2018";"119.9";"0.75";"159.87";"White wine";"Glass";"13.5";"1.1841975"
"Vinmonopolet";"10799108";"24 Ice Mix Package (5x6,5cl)";"24 Ice Mix Package (5x6,5cl)";"0";"114.9";"0.32";"353.54";"Other spirit";"Ãvrig";"5";"7.18125"
"Vinmonopolet";"10799201";"Mark Angeli La Lune";"Mark Angeli La Lune";"2017";"398";"0.75";"530.67";"White wine";"Glass";"13";"4.0820513"
"Vinmonopolet";"10799301";"Julie et Toby Bainbridge Rouge aux LÃ¨vres";"Julie et Toby Bainbridge Rouge aux LÃ¨vres";"0";"259.9";"0.75";"346.53";"RÃ¸dvin";"Glass";"11.5";"3.0133333"
"Vinmonopolet";"10799401";"Pesnot CÅur de Raisin";"Pesnot CÅur de Raisin";"2019";"229.9";"0.75";"306.53";"White wine";"Glass";"12.5";"2.4522667"
"Vinmonopolet";"10799501";"BrocAlexander Valley Carignan 2015";"BrocAlexander Valley Carignan";"2015";"349.9";"0.75";"466.53";"RÃ¸dvin";"Glass";"12.8";"3.6447916"
"Vinmonopolet";"10799601";"Broc Kokkou Santa Barbara Cabernet Franc 2017";"Broc Kokkou Santa Barbara Cabernet Franc";"2017";"329";"0.75";"438.67";"RÃ¸dvin";"Glass";"12";"3.6555555"
"Vinmonopolet";"10799701";"Broc Frei Solano Green Valley Chenin Blanc 2017";"Broc Frei Solano Green Valley Chenin Blanc";"2017";"299";"0.75";"398.67";"White wine";"Glass";"12";"3.3222222"
"Vinmonopolet";"10799801";"Forlorn Hope The Kerrigans Poor Ranch Carignan 2015";"Forlorn Hope The Kerrigans Poor Ranch Carignan";"2015";"249";"0.75";"332";"RÃ¸dvin";"Glass";"12.6";"2.6349206"
"Vinmonopolet";"10799901";"Dom. des Huards Prose 2018";"Dom. des Huards Prose";"2018";"164.6";"0.75";"219.47";"RosÃ©vin";"Glass";"13";"1.6882052"
"Vinmonopolet";"10800101";"Olivier RiviÃ¨re La Bastid Rioja Blanco 2018";"Olivier RiviÃ¨re La Bastid Rioja Blanco";"2018";"275";"0.75";"366.67";"White wine";"Glass";"13";"2.8205128"
"Vinmonopolet";"10800201";"Olivier RiviÃ¨re Las ViÃ±as de Eusebio 2016";"Olivier RiviÃ¨re Las ViÃ±as de Eusebio";"2016";"475";"0.75";"633.33";"RÃ¸dvin";"Glass";"14.5";"4.367816"
"Vinmonopolet";"10800401";"Balgera Sassella Valtellina Superiore 2006";"Balgera Sassella Valtellina Superiore";"2006";"319";"0.75";"425.33";"RÃ¸dvin";"Glass";"12.5";"3.4026666"
"Vinmonopolet";"10800501";"Balgera Grumello Valtellina Superiore 2004";"Balgera Grumello Valtellina Superiore";"2004";"319";"0.75";"425.33";"RÃ¸dvin";"Glass";"12.5";"3.4026666"
"Vinmonopolet";"10800601";"Balgera Sforzato di Valtellina 2001";"Balgera Sforzato di Valtellina";"2001";"529";"0.75";"705.33";"RÃ¸dvin";"Glass";"14.5";"4.864368"
"Vinmonopolet";"10800701";"Loimer Anning Gumpoldskirchen Pinot Noir 2015";"Loimer Anning Gumpoldskirchen Pinot Noir";"2015";"499";"0.75";"665.33";"RÃ¸dvin";"Glass";"13";"5.1179485"
"Vinmonopolet";"10800801";"Vilarnau Brut Nature Reserva Vintage 2017";"Vilarnau Brut Nature Reserva Vintage";"2017";"119.9";"0.75";"159.87";"Sparkling wine";"Glass";"11.5";"1.390145"
"Vinmonopolet";"10800901";"Scavi & Ray Sprizzione Aperitivo";"Scavi & Ray Sprizzione Aperitivo";"0";"99.9";"0.75";"133.2";"Flavoured wine	";"Glass";"8";"1.6650001"
"Vinmonopolet";"10800904";"Scavi & Ray Sprizzione Apertivio";"Scavi & Ray Sprizzione Apertivio";"0";"29.9";"0.2";"149.5";"Flavoured wine	";"Glass";"8";"1.86875"
"Vinmonopolet";"10801101";"Roche de Bellene Bellenos Cremant de Bourgogne Brut";"Roche de Bellene Bellenos Cremant de Bourgogne Brut";"0";"209.9";"0.75";"279.87";"Sparkling wine";"Glass";"12";"2.3322222"
"Vinmonopolet";"10801201";"Roche de Bellene Gevrey-Chambertin Vieilles Vignes 2017";"Roche de Bellene Gevrey-Chambertin Vieilles Vignes";"2017";"479.9";"0.75";"639.87";"RÃ¸dvin";"Glass";"13";"4.9220514"
"Vinmonopolet";"10801301";"Kettern Piesporter Riesling Trocken 2016";"Kettern Piesporter Riesling Trocken";"2016";"229.9";"0.75";"306.53";"White wine";"Glass";"11.5";"2.665507"
"Vinmonopolet";"10801402";"Singha Leo Lager Beer";"Singha Leo Lager Beer";"0";"35";"0.33";"106.06";"Light lager";"Metall";"5";"2.121212"
"Vinmonopolet";"10801501";"Bollini Pinot Grigio Rosato";"Bollini Pinot Grigio Rosato";"2018";"159.9";"0.75";"213.2";"RosÃ©vin";"Glass";"12.5";"1.7055999"
"Vinmonopolet";"10801601";"Juan de Juanes Tempranillo";"Juan de Juanes Tempranillo";"2016";"129.9";"0.75";"173.2";"RÃ¸dvin";"Glass";"14";"1.2371428"
"Vinmonopolet";"10801701";"Vinultra Insight Pinot Noir";"Vinultra Insight Pinot Noir";"2018";"239.9";"0.75";"319.87";"RÃ¸dvin";"Glass";"12.5";"2.5589333"
"Vinmonopolet";"10801801";"Adam les Natures Pinot Noir";"Adam les Natures Pinot Noir";"2016";"209.9";"0.75";"279.87";"RÃ¸dvin";"Glass";"12.5";"2.2389333"
"Vinmonopolet";"10802101";"Villa a Sesta Chianti Classico Riserva 2014";"Villa a Sesta Chianti Classico Riserva";"2014";"209.9";"0.75";"279.87";"RÃ¸dvin";"Glass";"14";"1.9990475"
"Vinmonopolet";"10802201";"L'Arco Arcum 2015";"L'Arco Arcum";"2015";"275";"0.75";"366.67";"RÃ¸dvin";"Glass";"14.5";"2.5287356"
"Vinmonopolet";"10802501";"Querceto di Castellina Chianti Classico L'Aura";"Querceto di Castellina Chianti Classico L'Aura";"2016";"199.9";"0.75";"266.53";"RÃ¸dvin";"Glass";"13.5";"1.9743209"
"Vinmonopolet";"10802601";"Querceto di Castellina Chianti Classico Gran Selezione Sei";"Querceto di Castellina Chianti Classico Gran Selezione Sei";"2015";"425";"0.75";"566.67";"RÃ¸dvin";"Glass";"14.5";"3.908046"
"Vinmonopolet";"10802701";"Faiveley Mercurey Premier Cru Clos du Roy 2017";"Faiveley Mercurey Premier Cru Clos du Roy";"2017";"329.9";"0.75";"439.87";"RÃ¸dvin";"Glass";"13";"3.3835897"
"Vinmonopolet";"10802801";"Faiveley Mercurey La FramboisÃ¨re 2017";"Faiveley Mercurey La FramboisÃ¨re";"2017";"284.9";"0.75";"379.87";"RÃ¸dvin";"Glass";"13";"2.9220512"
"Vinmonopolet";"10803001";"Balthasar Ress Berg Rottland Riesling GG 2017";"Balthasar Ress Berg Rottland Riesling GG";"2017";"530";"0.75";"706.67";"White wine";"Glass";"13";"5.4358974"
"Vinmonopolet";"10803101";"Balthasar Ress Wisselbrunnen Riesling GG 2017";"Balthasar Ress Wisselbrunnen Riesling GG";"2017";"530";"0.75";"706.67";"White wine";"Glass";"13";"5.4358974"
"Vinmonopolet";"10803201";"Balthasar Ress Hallgarten Riesling 2017";"Balthasar Ress Hallgarten Riesling";"2017";"229.9";"0.75";"306.53";"White wine";"Glass";"11.5";"2.665507"
"Vinmonopolet";"10803301";"Burg Ravensburg Sulzfeld Pinot Noir 2016";"Burg Ravensburg Sulzfeld Pinot Noir";"2016";"235";"0.75";"313.33";"RÃ¸dvin";"Glass";"12.5";"2.5066667"
"Vinmonopolet";"10803401";"Heitlinger Eichelberg Pinot Blanc GG 2015";"Heitlinger Eichelberg Pinot Blanc GG";"2015";"350";"0.75";"466.67";"White wine";"Glass";"13.5";"3.4567902"
"Vinmonopolet";"10803501";"Heitlinger Spiegelberg Pinot Gris GG 2015";"Heitlinger Spiegelberg Pinot Gris GG";"2015";"350";"0.75";"466.67";"White wine";"Glass";"13.5";"3.4567902"
"Vinmonopolet";"10803601";"Balthasar Ress Berg Schlossberg Riesling GG 2017";"Balthasar Ress Berg Schlossberg Riesling GG";"2017";"540";"0.75";"720";"White wine";"Glass";"13.5";"5.3333335"
"Vinmonopolet";"10803701";"Brunelli Rosso di Montalcino 2017";"Brunelli Rosso di Montalcino";"2017";"325";"0.75";"433.33";"RÃ¸dvin";"Glass";"14";"3.0952382"
"Vinmonopolet";"10803801";"Brunelli Brunello di Montalcino Riserva 2013";"Brunelli Brunello di Montalcino Riserva";"2013";"850";"0.75";"1133.33";"RÃ¸dvin";"Glass";"13.5";"8.3950615"
"Vinmonopolet";"10803901";"Brunelli Brunello di Montalcino 2014";"Brunelli Brunello di Montalcino";"2014";"499.9";"0.75";"666.53";"RÃ¸dvin";"Glass";"13.5";"4.937284"
"Vinmonopolet";"10804201";"Ooh La La Chardonnay";"Ooh La La Chardonnay";"2018";"299.9";"0.75";"399.87";"White wine";"Glass";"13";"3.0758975"
"Vinmonopolet";"10804301";"Lethbridge Que Syrah Syrah";"Lethbridge Que Syrah Syrah";"2017";"345";"0.75";"460";"RÃ¸dvin";"Glass";"14.5";"3.1724138"
"Vinmonopolet";"10804401";"Dr Nadeson Riesling";"Dr Nadeson Riesling";"2018";"275";"0.75";"366.67";"White wine";"Glass";"10";"3.6666667"
"Vinmonopolet";"10804501";"Ricardelle de Lautrec Pinot Noir RosÃ© 2018";"Ricardelle de Lautrec Pinot Noir RosÃ©";"2018";"169.9";"0.75";"226.53";"RosÃ©vin";"Glass";"13";"1.7425641"
"Vinmonopolet";"10804701";"Weinmann Herrnsheimer SpÃ¤tburgunder 2017";"Weinmann Herrnsheimer SpÃ¤tburgunder";"2017";"179.9";"0.75";"239.87";"RÃ¸dvin";"Glass";"13";"1.8451282"
"Vinmonopolet";"10805106";"La Purisima Old Hands 2017";"La Purisima Old Hands";"2017";"306.1";"3";"102.03";"RÃ¸dvin";"Bag-in-box";"14";"0.72880954"
"Vinmonopolet";"10805204";"Shatler's Sex On The Beach";"Shatler's Sex On The Beach";"0";"64";"0.2";"320";"Other spirit";"Ãvrig";"12.1";"2.644628"
"Vinmonopolet";"10805304";"Shatler's Pina Colada";"Shatler's Pina Colada";"0";"64";"0.2";"320";"Other spirit";"Ãvrig";"12.1";"2.644628"
"Vinmonopolet";"10805501";"Villa Canestrari I Lasi Valpolicella Ripasso Superiore 2016";"Villa Canestrari I Lasi Valpolicella Ripasso Superiore";"2016";"255.4";"0.75";"340.53";"RÃ¸dvin";"Glass";"14";"2.432381"
"Vinmonopolet";"10805601";"Villa Canestrari Terre Di LanÃ²li Valpolicella 2017";"Villa Canestrari Terre Di LanÃ²li Valpolicella";"2017";"178.3";"0.75";"237.73";"RÃ¸dvin";"Glass";"12.5";"1.9018667"
"Vinmonopolet";"10805702";"Villa Canestrari Alesium Recioto della Valpolicella 2013";"Villa Canestrari Alesium Recioto della Valpolicella";"2013";"341.4";"0.5";"682.8";"RÃ¸dvin";"Glass";"14";"4.877143"
"Vinmonopolet";"10805801";"Villa Canestrari 1888 Amarone della Valpolicella Riserva 2011";"Villa Canestrari  Amarone della Valpolicella Riserva";"2011";"831";"0.75";"1108";"RÃ¸dvin";"Glass";"16.5";"6.7151513"
"Vinmonopolet";"10805901";"Villa Canestrari Amarone della Valpolicella 2015";"Villa Canestrari Amarone della Valpolicella";"2015";"369.2";"0.75";"492.27";"RÃ¸dvin";"Glass";"15";"3.2817779"
"Vinmonopolet";"10806001";"SeÃ±orÃ­o de Otazu 2010";"SeÃ±orÃ­o de Otazu";"2010";"298.7";"0.75";"398.27";"RÃ¸dvin";"Glass";"14.5";"2.7466667"
"Vinmonopolet";"10806101";"Pago de Otazu Chardonnay con Crianza 2015";"Pago de Otazu Chardonnay con Crianza";"2015";"364.2";"0.75";"485.6";"White wine";"Glass";"14";"3.4685717"
"Vinmonopolet";"10806201";"Otazu Premium CuvÃ©e 2014";"Otazu Premium CuvÃ©e";"2014";"222.8";"0.75";"297.07";"RÃ¸dvin";"Glass";"14";"2.1219049"
"Vinmonopolet";"10806301";"Otazu Chardonnay 2017";"Otazu Chardonnay";"2017";"177.6";"0.75";"236.8";"White wine";"Glass";"12";"1.9733334"
"Vinmonopolet";"10806601";"Barkan Reserve Emerald Riesling";"Barkan Reserve Emerald Riesling";"2017";"234";"0.75";"312";"White wine";"Glass";"13.2";"2.3636365"
"Vinmonopolet";"10806701";"Ramon Ramos Serie Naranja 2016";"Ramon Ramos Serie Naranja";"2016";"244.3";"0.75";"325.73";"RÃ¸dvin";"Glass";"14.5";"2.2464368"
"Vinmonopolet";"10806801";"Roberto Cavalli Vodka Gold Edition";"Roberto Cavalli Vodka Gold Edition";"0";"697.6";"1";"697.6";"Vodka";"Glass";"40";"1.744"
"Vinmonopolet";"10806901";"Pago de los Balagueses Syrah 2015";"Pago de los Balagueses Syrah";"2015";"298.7";"0.75";"398.27";"RÃ¸dvin";"Glass";"14.5";"2.7466667"
"Vinmonopolet";"10807001";"Roberto Cavalli Vodka Night Edition";"Roberto Cavalli Vodka Night Edition";"0";"697.6";"1";"697.6";"Vodka";"Glass";"40";"1.744"
"Vinmonopolet";"10807101";"Yeya Moscatel Chardonnay 2017";"Yeya Moscatel Chardonnay";"2017";"159.5";"0.75";"212.67";"White wine";"Glass";"13";"1.6358974"
"Vinmonopolet";"10807201";"Black Diamond Gran Reserva by Johan Crianza 2012";"Black Diamond Gran Reserva by Johan Crianza";"2012";"244.1";"0.75";"325.47";"RÃ¸dvin";"Glass";"15";"2.1697779"
"Vinmonopolet";"10807301";"Pago de los Capellanes Reserva 2016";"Pago de los Capellanes Reserva";"2016";"397.9";"0.75";"530.53";"RÃ¸dvin";"Glass";"14";"3.7895238"
"Vinmonopolet";"10807401";"Black Diamond Crianza by Johan Crianza 2015";"Black Diamond Crianza by Johan Crianza";"2015";"194.5";"0.75";"259.33";"RÃ¸dvin";"Glass";"14.5";"1.7885058"
"Vinmonopolet";"10807501";"Pago de los Capellanes El Nogal 2015";"Pago de los Capellanes El Nogal";"2015";"498.3";"0.75";"664.4";"RÃ¸dvin";"Glass";"15";"4.429333"
"Vinmonopolet";"10807701";"Casetto Bral 2015";"Casetto Bral";"2015";"195";"0.75";"260";"RÃ¸dvin";"Glass";"14";"1.8571428"
"Vinmonopolet";"10807801";"Casetto Decanto 2016";"Casetto Decanto";"2016";"149.2";"0.75";"198.93";"RÃ¸dvin";"Glass";"13.5";"1.4735802"
"Vinmonopolet";"10807901";"Pingus 2015";"Pingus";"2015";"11137.5";"0.75";"14850";"RÃ¸dvin";"Glass";"15.5";"95.80645"
"Vinmonopolet";"10808001";"Amador Medrano Terra 2015";"Amador Medrano Terra";"2015";"188.9";"0.75";"251.87";"RÃ¸dvin";"Glass";"14";"1.7990476"
"Vinmonopolet";"10808101";"Ch. Vignelaure La Source 2019";"Ch. Vignelaure La Source";"2019";"191.5";"0.75";"255.33";"RosÃ©vin";"Glass";"13";"1.9641025"
"Vinmonopolet";"10808202";"8 Wired Flat White Coffee Milk Stout";"8 Wired Flat White Coffee Milk Stout";"0";"62.9";"0.33";"190.61";"Porter and stout";"Glass";"5.5";"3.4655647"
"Vinmonopolet";"10808302";"Behemoth Im-peach-ment Sour Ale";"Behemoth Im-peach-ment Sour Ale";"0";"61.9";"0.33";"187.58";"SurÃ¸l";"Metall";"5.5";"3.4104683"
"Vinmonopolet";"10808402";"Yeastie Boys Joy Juice";"Yeastie Boys Joy Juice";"0";"72.4";"0.44";"164.55";"Light lager";"Metall";"5";"3.2909093"
"Vinmonopolet";"10808502";"8 Wired Juice Train Hazy IPA";"8 Wired Juice Train Hazy IPA";"0";"82";"0.44";"186.36";"India pale ale";"Metall";"6.7";"2.7815468"
"Vinmonopolet";"10808702";"Svalbard Bryggeri Rav Lager";"Svalbard Bryggeri Rav Lager";"0";"49.9";"0.33";"145.15";"MÃ¸rk lager";"Emballasje med pant";"5";"3.0242424"
"Vinmonopolet";"10808802";"Svalbard Bryggeri Spitsbergen IPA";"Svalbard Bryggeri Spitsbergen IPA";"0";"54.9";"0.33";"160.3";"India pale ale";"Emballasje med pant";"7";"2.3766234"
"Vinmonopolet";"10808902";"Svalbard Bryggeri Spitsbergen Stout";"Svalbard Bryggeri Spitsbergen Stout";"0";"54.9";"0.33";"160.3";"Porter and stout";"Emballasje med pant";"7";"2.3766234"
"Vinmonopolet";"10809002";"Svalbard Bryggeri Spitsbergen Blonde";"Svalbard Bryggeri Spitsbergen Blonde";"0";"55.2";"0.33";"161.21";"Light ale";"Emballasje med pant";"6";"2.7878788"
"Vinmonopolet";"10809102";"Svalbard Bryggeri Spitsbergen Dark Season";"Svalbard Bryggeri Spitsbergen Dark Season";"0";"55.2";"0.33";"161.21";"Brown ale";"Emballasje med pant";"6.5";"2.5734265"
"Vinmonopolet";"10809201";"Weinbach Pinot Blanc 2018";"Weinbach Pinot Blanc";"2018";"289.9";"0.75";"386.53";"White wine";"Glass";"13";"2.9733334"
"Vinmonopolet";"10809301";"Langmann Schilcher PetNat 2019";"Langmann Schilcher PetNat";"2019";"259.9";"0.75";"346.53";"Perlende vin, rosÃ©";"Glass";"11";"3.150303"
"Vinmonopolet";"10809406";"Langmann Sauvignon Blanc";"Langmann Sauvignon Blanc";"2018";"489.9";"3";"163.3";"White wine";"Bag-in-box";"12";"1.3608333"
"Vinmonopolet";"10809501";"Langmann Ried Greisdorf Sauvignon Blanc";"Langmann Ried Greisdorf Sauvignon Blanc";"2017";"199.9";"0.75";"266.53";"White wine";"Glass";"12.5";"2.1322665"
"Vinmonopolet";"10809601";"Moschofilero Monograph";"Moschofilero Monograph";"2018";"175";"0.75";"233.33";"White wine";"Glass";"12";"1.9444444"
"Vinmonopolet";"10809701";"Monograph Assyrtiko";"Monograph Assyrtiko";"2018";"179.9";"0.75";"239.87";"White wine";"Glass";"13";"1.8451282"
"Vinmonopolet";"10809801";"Monograph Agiorgitiko";"Monograph Agiorgitiko";"2019";"175";"0.75";"233.33";"RÃ¸dvin";"Glass";"13.5";"1.7283951"
"Vinmonopolet";"10809904";"Io Vino Pinot Grigio";"Io Vino Pinot Grigio";"2017";"55";"0.25";"220";"White wine";"Ãvrig";"12";"1.8333334"
"Vinmonopolet";"10810004";"Io Vino Primitivo";"Io Vino Primitivo";"2017";"55";"0.25";"220";"RÃ¸dvin";"Ãvrig";"13";"1.6923077"
"Vinmonopolet";"10810101";"Ch. le Puy BarthÃ©lemy 2011";"Ch. le Puy BarthÃ©lemy";"2011";"1000";"0.75";"1333.33";"RÃ¸dvin";"Glass";"13.5";"9.876543"
"Vinmonopolet";"10810201";"Lafarge Vial CÃ´te de Brouilly 2016";"Lafarge Vial CÃ´te de Brouilly";"2016";"329.9";"0.75";"439.87";"RÃ¸dvin";"Glass";"12.5";"3.5189333"
"Vinmonopolet";"10810301";"Villa Job Guastafeste 2017";"Villa Job Guastafeste";"2017";"367";"0.75";"489.33";"White wine";"Glass";"13";"3.7641025"
"Vinmonopolet";"10810401";"Dom. Marguerite Dupasquier Bourgogne Chardonnay 2018";"Dom. Marguerite Dupasquier Bourgogne Chardonnay";"2018";"109.9";"0.75";"146.53";"White wine";"Glass";"13";"1.1271795"
"Vinmonopolet";"10810501";"Ch. Mauvesin Moulis 2002";"Ch. Mauvesin Moulis";"2002";"189.9";"0.75";"253.2";"RÃ¸dvin";"Glass";"13";"1.9476923"
"Vinmonopolet";"10810601";"Marengo Barolo 2015";"Marengo Barolo";"2015";"399.9";"0.75";"533.2";"RÃ¸dvin";"Glass";"14.5";"3.6772413"
"Vinmonopolet";"10810701";"Marengo Barolo Brunate 2015";"Marengo Barolo Brunate";"2015";"599.9";"0.75";"799.87";"RÃ¸dvin";"Glass";"15";"5.3324447"
"Vinmonopolet";"10811101";"Walter Hansel Cahill Lane Pinot Noir 2016";"Walter Hansel Cahill Lane Pinot Noir";"2016";"498.9";"0.75";"665.2";"RÃ¸dvin";"Glass";"14.6";"4.5561643"
"Vinmonopolet";"10811201";"Walter Hansel South Slope Pinot Noir 2016";"Walter Hansel South Slope Pinot Noir";"2016";"498.9";"0.75";"665.2";"RÃ¸dvin";"Glass";"14.5";"4.587586"
"Vinmonopolet";"10811401";"Marengo Barolo Bricco delle Viole 2015";"Marengo Barolo Bricco delle Viole";"2015";"500";"0.75";"666.67";"RÃ¸dvin";"Glass";"14.5";"4.597701"
"Vinmonopolet";"10811505";"Chimay Trappist Blue Grande RÃ©serve 2019";"Chimay Trappist Blue Grande RÃ©serve";"2019";"339.9";"1.5";"226.6";"Trappist";"Glass";"9";"2.5177777"
"Vinmonopolet";"10811601";"Matassa Brutal Rouge";"Matassa Brutal Rouge";"2019";"339.9";"0.75";"453.2";"RÃ¸dvin";"Glass";"10.5";"4.3161902"
"Vinmonopolet";"10811702";"EGO Sahara Hopnights Brut IPA";"EGO Sahara Hopnights Brut IPA";"0";"59.9";"0.44";"136.14";"India pale ale";"Metall";"6";"2.2689395"
"Vinmonopolet";"10811801";"Hereford Chardonnay";"Hereford Chardonnay";"2018";"135";"0.75";"180";"White wine";"Glass";"13";"1.3846154"
"Vinmonopolet";"10811901";"Hardanger Sider JonstÃ¸l 2018";"Hardanger Sider JonstÃ¸l";"2018";"158.3";"0.75";"211.07";"Cider";"Glass";"8.3";"2.5429718"
"Vinmonopolet";"10812001";"Hereford Malbec Reserve";"Hereford Malbec Reserve";"2018";"158";"0.75";"210.67";"RÃ¸dvin";"Glass";"13.5";"1.5604938"
"Vinmonopolet";"10812101";"Hereford Cabernet Sauvignon";"Hereford Cabernet Sauvignon";"0";"139.9";"0.75";"186.53";"RÃ¸dvin";"Glass";"13";"1.4348717"
"Vinmonopolet";"10812701";"Quintaluna de Ossian";"Quintaluna de Ossian";"2018";"229.9";"0.75";"306.53";"White wine";"Glass";"13.5";"2.2706172"
"Vinmonopolet";"10813001";"Crooked Stave Silly Cybies";"Crooked Stave Silly Cybies";"0";"269.9";"0.75";"359.87";"SurÃ¸l";"Glass";"8";"4.4983335"
"Vinmonopolet";"10813201";"Crooked Stave Origins";"Crooked Stave Origins";"0";"209.9";"0.75";"279.87";"SurÃ¸l";"Glass";"6.5";"4.3056407"
"Vinmonopolet";"10813302";"De Kievit Zundert Trappist 10";"De Kievit Zundert Trappist 10";"0";"79.9";"0.33";"242.12";"Trappist";"Glass";"10";"2.421212"
"Vinmonopolet";"10813402";"Allram Gelber Muskateller Beerenauslese";"Allram Gelber Muskateller Beerenauslese";"2017";"245";"0.38";"653.33";"White wine";"Glass";"10.5";"6.140351"
"Vinmonopolet";"10813501";"Springfield Estate Pinot Noir";"Springfield Estate Pinot Noir";"2015";"345";"0.75";"460";"RÃ¸dvin";"Glass";"14";"3.2857144"
"Vinmonopolet";"10813602";"Wild Beer Rosa Rouge";"Wild Beer Rosa Rouge";"0";"54.9";"0.33";"166.36";"Special";"Glass";"5";"3.3272727"
"Vinmonopolet";"10813802";"Laibikk Raspberry & Licorice Sour";"Laibikk Raspberry & Licorice Sour";"0";"51.8";"0.33";"150.91";"SurÃ¸l";"Emballasje med pant";"5.5";"2.8539944"
"Vinmonopolet";"10814001";"Bod. Nora AlbariÃ±o";"Bod. Nora AlbariÃ±o";"2017";"199.9";"0.75";"266.53";"White wine";"Glass";"13";"2.0502563"
"Vinmonopolet";"10814101";"Weinbach Clos de Capucins Pinot Gris 2017";"Weinbach Clos de Capucins Pinot Gris";"2017";"349.9";"0.75";"466.53";"White wine";"Glass";"13.5";"3.4558024"
"Vinmonopolet";"10814301";"Gabriel Meffre CÃ´tes-du-RhÃ´ne Saint-FranÃ§ois 2018";"Gabriel Meffre CÃ´tes-du-RhÃ´ne Saint-FranÃ§ois";"2018";"179.9";"0.75";"239.87";"White wine";"Glass";"13";"1.8451282"
"Vinmonopolet";"10814401";"Dom. du Chardonnay Petit Chablis";"Dom. du Chardonnay Petit Chablis";"2018";"179.9";"0.75";"239.87";"White wine";"Glass";"13";"1.8451282"
"Vinmonopolet";"10814501";"Dom. du Chardonnay Chablis";"Dom. du Chardonnay Chablis";"2018";"194.9";"0.75";"259.87";"White wine";"Glass";"12.5";"2.0789332"
"Vinmonopolet";"10814705";"PongrÃ¡cz Brut";"PongrÃ¡cz Brut";"0";"339.9";"1.5";"226.6";"Sparkling wine";"Glass";"12.5";"1.8127999"
"Vinmonopolet";"10814801";"La Mesma Gavi 2018";"La Mesma Gavi";"2018";"169";"0.75";"225.33";"White wine";"Glass";"12.5";"1.8026667"
"Vinmonopolet";"10814902";"Graff Scandi Land New England Candy IPA";"Graff Scandi Land New England Candy IPA";"0";"69.9";"0.33";"211.82";"India pale ale";"Glass";"6";"3.530303"
"Vinmonopolet";"10815002";"De Tvende Scully Double IPA";"De Tvende Scully Double IPA";"0";"68.9";"0.33";"202.73";"India pale ale";"Emballasje med pant";"8.5";"2.456328"
"Vinmonopolet";"10815202";"XO IngefÃ¦rÃ¸l Original";"XO IngefÃ¦rÃ¸l Original";"0";"58.9";"0.33";"178.49";"Fruit wine";"Glass";"5.5";"3.245179"
"Vinmonopolet";"10815302";"Graff Petite Oak Barrel Aged Barley Wine";"Graff Petite Oak Barrel Aged Barley Wine";"0";"79.9";"0.33";"242.12";"Barley wine	";"Glass";"8.5";"2.8484848"
"Vinmonopolet";"10815701";"Gran Passione Bianco Veneto 2018";"Gran Passione Bianco Veneto";"2018";"139.9";"0.75";"186.53";"White wine";"Glass";"12.5";"1.4922667"
"Vinmonopolet";"10816202";"Cervisiam Black Magic East Coast IPA";"Cervisiam Black Magic East Coast IPA";"0";"69.9";"0.33";"205.76";"India pale ale";"Emballasje med pant";"7.5";"2.8242424"
"Vinmonopolet";"10816302";"Cervisiam Glitched American Pale Ale";"Cervisiam Glitched American Pale Ale";"0";"59.9";"0.33";"175.46";"Pale ale";"Emballasje med pant";"5.5";"3.3002753"
"Vinmonopolet";"10816402";"Slakteren Brygghus SnÃ¸mann #12 Imperial Stout";"Slakteren Brygghus SnÃ¸mann #12 Imperial Stout";"0";"69.9";"0.33";"211.82";"Porter and stout";"Metall";"10";"2.1181817"
"Vinmonopolet";"10816602";"XO IngefÃ¦rÃ¸l BringefÃ¦r";"XO IngefÃ¦rÃ¸l BringefÃ¦r";"0";"59.9";"0.33";"181.52";"Fruit wine";"Glass";"5.6";"3.241342"
"Vinmonopolet";"10816701";"Nicolas Badel Intuition 2015";"Nicolas Badel Intuition";"2015";"397.3";"0.75";"529.73";"RÃ¸dvin";"Glass";"13";"4.0748715"
"Vinmonopolet";"10816801";"Sylvain Badel Eternel Condrieu 2015";"Sylvain Badel Eternel Condrieu";"2015";"472.8";"0.75";"630.4";"White wine";"Glass";"14.5";"4.347586"
"Vinmonopolet";"10816901";"Dom. Jolivet 1907 Saint-Joseph 2015";"Dom. Jolivet  Saint-Joseph";"2015";"494.6";"0.75";"659.47";"RÃ¸dvin";"Glass";"14.5";"4.548046"
"Vinmonopolet";"10817001";"Dom. Jolivet Clef de Sol Saint-Joseph 2016";"Dom. Jolivet Clef de Sol Saint-Joseph";"2016";"391.6";"0.75";"522.13";"White wine";"Glass";"13.5";"3.8676543"
"Vinmonopolet";"10817101";"Verzier IndiscrÃ¨te CÃ´te RÃ´tie";"Verzier IndiscrÃ¨te CÃ´te RÃ´tie";"2016";"597.7";"0.75";"796.93";"RÃ¸dvin";"Glass";"12.5";"6.375467"
"Vinmonopolet";"10817201";"Dom. du CrÃªt de Bine La CuvÃ©e de FranÃ§ois 2015";"Dom. du CrÃªt de Bine La CuvÃ©e de FranÃ§ois";"2015";"273.5";"0.75";"364.67";"RÃ¸dvin";"Glass";"13.7";"2.6618006"
"Vinmonopolet";"10817301";"Dom. du CrÃªt de Bine Terroir du Martin 2016";"Dom. du CrÃªt de Bine Terroir du Martin";"2016";"222.5";"0.75";"296.67";"RÃ¸dvin";"Glass";"12";"2.4722223"
"Vinmonopolet";"10817401";"Dogliotti 1870 Moscato d'Asti";"Dogliotti  Moscato d'Asti";"2018";"144.8";"0.75";"193.07";"Sparkling white wine";"Glass";"5.5";"3.510303"
"Vinmonopolet";"10817501";"Dogliotti 1870 Brut Spumante";"Dogliotti  Brut Spumante";"2017";"179.5";"0.75";"239.33";"Sparkling wine";"Glass";"12.5";"1.9146667"
"Vinmonopolet";"10817601";"Dogliotti 1870 Barbaresco";"Dogliotti  Barbaresco";"2017";"349.9";"0.75";"466.53";"RÃ¸dvin";"Glass";"14.5";"3.2174711"
"Vinmonopolet";"10817701";"Gut Hermannsberg Kupfergrube Riesling GG 2016";"Gut Hermannsberg Kupfergrube Riesling GG";"2016";"599";"0.75";"798.67";"White wine";"Glass";"12.5";"6.3893332"
"Vinmonopolet";"10817801";"Gut Hermannsberg Hermannsberg Riesling GG 2016";"Gut Hermannsberg Hermannsberg Riesling GG";"2016";"549";"0.75";"732";"White wine";"Glass";"12.5";"5.856"
"Vinmonopolet";"10817901";"Gut Hermannsberg Bastei Riesling GG 2016";"Gut Hermannsberg Bastei Riesling GG";"2016";"579";"0.75";"772";"White wine";"Glass";"12.5";"6.176"
"Vinmonopolet";"10818001";"Gut Hermannsberg Rotenberg Riesling GG 2017";"Gut Hermannsberg Rotenberg Riesling GG";"2017";"379";"0.75";"505.33";"White wine";"Glass";"12.5";"4.0426664"
"Vinmonopolet";"10818106";"Loimer Lois & Lenz Gemischter Satz 2018";"Loimer Lois & Lenz Gemischter Satz";"2018";"399";"3";"133";"White wine";"Bag-in-box";"11.5";"1.1565218"
"Vinmonopolet";"10818301";"Ch. Martinon Blanc";"Ch. Martinon Blanc";"2018";"129.9";"0.75";"173.2";"White wine";"Glass";"12.5";"1.3856"
"Vinmonopolet";"10818401";"Villa Pillo Syrah";"Villa Pillo Syrah";"2016";"269.8";"0.75";"359.73";"RÃ¸dvin";"Glass";"13.5";"2.6646912"
"Vinmonopolet";"10818501";"Masseria Cuturi TumÃ ";"Masseria Cuturi TumÃ";"2017";"217.1";"0.75";"289.47";"RÃ¸dvin";"Glass";"14.5";"1.9963219"
"Vinmonopolet";"10818601";"Masseria Cuturi Zacinto 2017";"Masseria Cuturi Zacinto";"2017";"217.3";"0.75";"289.73";"RÃ¸dvin";"Glass";"14";"2.0695238"
"Vinmonopolet";"10818701";"Masseria Cuturi Segreto di Bianca 2017";"Masseria Cuturi Segreto di Bianca";"2017";"218";"0.75";"290.67";"White wine";"Glass";"12.5";"2.3253334"
"Vinmonopolet";"10818801";"La Magnolia Ubi Es 2014";"La Magnolia Ubi Es";"2014";"274.7";"0.75";"366.27";"RÃ¸dvin";"Glass";"13.5";"2.7130866"
"Vinmonopolet";"10818901";"La Magnolia Schioppettino";"La Magnolia Schioppettino";"2018";"223.5";"0.75";"298";"RÃ¸dvin";"Glass";"13.5";"2.2074075"
"Vinmonopolet";"10819202";"Voss Bryggeri VossaÃ¸l";"Voss Bryggeri VossaÃ¸l";"0";"65";"0.33";"190.91";"Special";"Emballasje med pant";"7.5";"2.6262624"
"Vinmonopolet";"10819302";"Adnams New England IPA";"Adnams New England IPA";"0";"48.9";"0.33";"142.12";"India pale ale";"Emballasje med pant";"6";"2.469697"
"Vinmonopolet";"10819401";"Feudi di San Gregorio Visione Rosato";"Feudi di San Gregorio Visione Rosato";"2018";"179.9";"0.75";"239.87";"RosÃ©vin";"Glass";"12.5";"1.9189333"
"Vinmonopolet";"10819501";"Balholm Vestland Sprudlande og fruktig sider.";"Balholm Vestland Sprudlande og fruktig sider.";"0";"159";"0.75";"212";"Cider";"Glass";"8";"2.65"
"Vinmonopolet";"10819601";"Carillon Puligny-Montrachet";"Carillon Puligny-Montrachet";"2017";"559";"0.75";"745.33";"White wine";"Glass";"13.5";"5.5209875"
"Vinmonopolet";"10819701";"Brochet RÃ©serve Sauvignon";"Brochet RÃ©serve Sauvignon";"2018";"165";"0.75";"220";"White wine";"Glass";"12.5";"1.76"
"Vinmonopolet";"10819801";"Ch. La Pointe Ballade";"Ch. La Pointe Ballade";"2014";"289.8";"0.75";"386.4";"RÃ¸dvin";"Glass";"13";"2.9723077"
"Vinmonopolet";"10819901";"Sella & Mosca Rosato Alghero";"Sella & Mosca Rosato Alghero";"2018";"139.9";"0.75";"186.53";"RosÃ©vin";"Glass";"11.5";"1.622029"
"Vinmonopolet";"10820001";"Sella & Mosca Vermentino di Gallura";"Sella & Mosca Vermentino di Gallura";"2018";"199.9";"0.75";"266.53";"White wine";"Glass";"13";"2.0502563"
"Vinmonopolet";"10820101";"FranÃ§ois SecondÃ© Coteaux Champenois Sillery Blanc Grand Cru 2015";"FranÃ§ois SecondÃ© Coteaux Champenois Sillery Blanc Grand Cru";"2015";"368";"0.75";"490.67";"White wine";"Glass";"11";"4.460606"
"Vinmonopolet";"10820202";"Humlesider 2018";"Humlesider";"2018";"59.8";"0.33";"175.15";"Cider";"Emballasje med pant";"6.2";"2.922776"
"Vinmonopolet";"10820304";"Shatler's Mojito";"Shatler's Mojito";"0";"64";"0.2";"320";"Other spirit";"Ãvrig";"12.1";"2.644628"
"Vinmonopolet";"10820401";"Dashwood Pinot Noir 2018";"Dashwood Pinot Noir";"2018";"182.9";"0.75";"243.87";"RÃ¸dvin";"Glass";"13.5";"1.8064197"
"Vinmonopolet";"10820706";"Muscadet & La Mer";"Muscadet & La Mer";"0";"239.9";"1.5";"159.93";"White wine";"Pouch";"11.5";"1.3907247"
"Vinmonopolet";"10820901";"David Duband Nuits-Saint-Georges 2015";"David Duband Nuits-Saint-Georges";"2015";"639.9";"0.75";"853.2";"RÃ¸dvin";"Glass";"13";"6.563077"
"Vinmonopolet";"10821001";"David Duband Vosne-RomanÃ©e 2014";"David Duband Vosne-RomanÃ©e";"2014";"719.9";"0.75";"959.87";"RÃ¸dvin";"Glass";"12.8";"7.4989586"
"Vinmonopolet";"10821101";"David Duband Gevrey-Chambertin 2014";"David Duband Gevrey-Chambertin";"2014";"689.9";"0.75";"919.87";"RÃ¸dvin";"Glass";"13";"7.0758977"
"Vinmonopolet";"10821201";"David Duband Chambolle-Musigny 2014";"David Duband Chambolle-Musigny";"2014";"739.9";"0.75";"986.53";"RÃ¸dvin";"Glass";"13";"7.5887184"
"Vinmonopolet";"10821301";"David Duband Gevrey-Chambertin Les Combottes 2014";"David Duband Gevrey-Chambertin Les Combottes";"2014";"2479.9";"0.75";"3306.53";"RÃ¸dvin";"Glass";"13";"25.434872"
"Vinmonopolet";"10821601";"David Duband Gevrey-Chambertin Les Combottes 2008";"David Duband Gevrey-Chambertin Les Combottes";"2008";"1350";"0.75";"1800";"RÃ¸dvin";"Glass";"13";"13.846154"
"Vinmonopolet";"10821701";"David Duband Gevrey-Chambertin Les Combottes 2007";"David Duband Gevrey-Chambertin Les Combottes";"2007";"1370";"0.75";"1826.67";"RÃ¸dvin";"Glass";"13";"14.051282"
"Vinmonopolet";"10821801";"David Duband Gevrey-Chambertin Les Combottes 2006";"David Duband Gevrey-Chambertin Les Combottes";"2006";"1350";"0.75";"1800";"RÃ¸dvin";"Glass";"13";"13.846154"
"Vinmonopolet";"10823101";"Stadt Krems Ried Grillenparz Riesling Erste Lage 2017";"Stadt Krems Ried Grillenparz Riesling Erste Lage";"2017";"334.9";"0.75";"446.53";"White wine";"Glass";"13";"3.4348717"
"Vinmonopolet";"10823901";"Julien Pilon Marsanne";"Julien Pilon Marsanne";"2017";"269";"0.75";"358.67";"White wine";"Glass";"13";"2.7589743"
"Vinmonopolet";"10824001";"Julien Pilon Dimanche Ã  Lima Saint Joseph Blanc";"Julien Pilon Dimanche Ã  Lima Saint Joseph Blanc";"2017";"359";"0.75";"478.67";"White wine";"Glass";"13.5";"3.545679"
"Vinmonopolet";"10824101";"Julien Pilon Viognier";"Julien Pilon Viognier";"2017";"309";"0.75";"412";"White wine";"Glass";"13.5";"3.0518517"
"Vinmonopolet";"10824201";"Julien Pilon Syrah";"Julien Pilon Syrah";"2017";"269.2";"0.75";"358.93";"RÃ¸dvin";"Glass";"13";"2.7610257"
"Vinmonopolet";"10824301";"Dom. de Calet RosÃ© 2017";"Dom. de Calet RosÃ©";"2017";"180";"0.75";"240";"RosÃ©vin";"Glass";"12.5";"1.92"
"Vinmonopolet";"10824701";"Pure & Naked Pet-nat 2019";"Pure & Naked Pet-nat";"2019";"259.9";"0.75";"346.53";"Sparkling white wine";"Glass";"12";"2.8877778"
"Vinmonopolet";"10824801";"August Kesseler R Kabinett";"August Kesseler R Kabinett";"2018";"159.9";"0.75";"213.2";"White wine";"Glass";"10";"2.132"
"Vinmonopolet";"10824901";"Vistalba Corte A 2014";"Vistalba Corte A";"2014";"450";"0.75";"600";"RÃ¸dvin";"Glass";"14.5";"4.137931"
"Vinmonopolet";"10825001";"Conde D'Ervideira Espumante da Ãgua";"Conde D'Ervideira Espumante da Ãgua";"2016";"398.5";"0.75";"531.33";"Sparkling wine";"Glass";"12";"4.427778"
"Vinmonopolet";"10826101";"Dom. Batard Langelier Didascalie Muscadet SÃ¨vre et Maine Sur lie 2016";"Dom. Batard Langelier Didascalie Muscadet SÃ¨vre et Maine Sur lie";"2016";"233.4";"0.75";"311.2";"White wine";"Glass";"12";"2.5933332"
"Vinmonopolet";"10826201";"Dom. Batard Langelier MÃ©taphore Muscadet SÃ¨vre et Maine Sur lie 2017";"Dom. Batard Langelier MÃ©taphore Muscadet SÃ¨vre et Maine Sur lie";"2017";"238.9";"0.75";"318.53";"White wine";"Glass";"12";"2.6544445"
"Vinmonopolet";"10826301";"Dom. Batard Langelier Polaris Muscadet SÃ¨vre et Maine Sur lie 2017";"Dom. Batard Langelier Polaris Muscadet SÃ¨vre et Maine Sur lie";"2017";"219.3";"0.75";"292.4";"White wine";"Glass";"12";"2.4366667"
"Vinmonopolet";"10826506";"Cantelane Grenache";"Cantelane Grenache";"0";"399.9";"3";"133.3";"RosÃ©vin";"Bag-in-box";"12";"1.1108333"
"Vinmonopolet";"10826606";"Wine Crush Mojito";"Wine Crush Mojito";"0";"209.9";"1.5";"139.93";"Flavoured wine	";"Pouch";"9";"1.5548148"
"Vinmonopolet";"10826706";"Wine Crush Pina Colada";"Wine Crush Pina Colada";"0";"209.9";"1.5";"139.93";"Flavoured wine	";"Pouch";"9";"1.5548148"
"Vinmonopolet";"10826806";"Wine Crush Sunrise RosÃ©";"Wine Crush Sunrise RosÃ©";"0";"209.9";"1.5";"139.93";"Flavoured wine	";"Pouch";"9";"1.5548148"
"Vinmonopolet";"10826901";"A.J. Adam Riesling Trocken";"A.J. Adam Riesling Trocken";"2018";"244";"0.75";"325.33";"White wine";"Glass";"11";"2.9575758"
"Vinmonopolet";"10827001";"A.J. Adam HÃ¤s'chen Riesling Trocken";"A.J. Adam HÃ¤s'chen Riesling Trocken";"2016";"399";"0.75";"532";"White wine";"Glass";"12";"4.4333334"
"Vinmonopolet";"10827101";"A.J. Adam Hofberg Riesling Trocken 2016";"A.J. Adam Hofberg Riesling Trocken";"2016";"434";"0.75";"578.67";"White wine";"Glass";"12";"4.822222"
"Vinmonopolet";"10827201";"Beaulieu Vineyard Rutherford Napa Valley Cabernet Sauvignon 2016";"Beaulieu Vineyard Rutherford Napa Valley Cabernet Sauvignon";"2016";"459.9";"0.75";"613.2";"RÃ¸dvin";"Glass";"14.5";"4.2289653"
"Vinmonopolet";"10827501";"Ledaig 18 YO";"Ledaig 18 YO";"0";"999.9";"0.7";"1428.43";"Whisky";"Glass";"46.3";"3.085159"
"Vinmonopolet";"10827601";"Deanston 18 YO";"Deanston 18 YO";"0";"899.9";"0.7";"1285.57";"Whisky";"Glass";"46.3";"2.7766123"
"Vinmonopolet";"10827702";"Kimerud Navy Strength Gin";"Kimerud Navy Strength Gin";"0";"529.9";"0.5";"1059.8";"Gin";"Glass";"57";"1.8592983"
"Vinmonopolet";"10828101";"Douglas Laing's Remarkable Regional Malts With a Twist 10 YO";"Douglas Laing's Remarkable Regional Malts With a Twist 10 YO";"0";"899.9";"0.7";"1285.57";"Whisky";"Glass";"48";"2.678274"
"Vinmonopolet";"10829406";"Belles de Sud Blend No 4 Marselan";"Belles de Sud Blend No 4 Marselan";"2018";"479.9";"3";"159.97";"RÃ¸dvin";"Bag-in-box";"13";"1.2305129"
"Vinmonopolet";"10829502";"Oslow Spritz";"Oslow Spritz";"0";"44.9";"0.33";"130";"Flavoured wine	";"Emballasje med pant";"8.5";"1.600713"
"Vinmonopolet";"10829602";"Oslow Wine Spritzer Lemongrass Elderflower";"Oslow Wine Spritzer Lemongrass Elderflower";"0";"45.9";"0.33";"133.03";"Flavoured wine	";"Emballasje med pant";"8.5";"1.6363636"
"Vinmonopolet";"10829701";"Fedellos do Couto Lomba dos Ares 2017";"Fedellos do Couto Lomba dos Ares";"2017";"300";"0.75";"400";"RÃ¸dvin";"Glass";"12.5";"3.2"
"Vinmonopolet";"10829801";"Fedellos do Couto Cortezada 2017";"Fedellos do Couto Cortezada";"2017";"269.9";"0.75";"359.87";"RÃ¸dvin";"Glass";"13";"2.7682052"
"Vinmonopolet";"10829901";"Fedellos do Couto Conasbrancas 2017";"Fedellos do Couto Conasbrancas";"2017";"299.9";"0.75";"399.87";"White wine";"Glass";"12.5";"3.1989334"
"Vinmonopolet";"10830002";"Haandbryggeriet Odins Tipple";"Haandbryggeriet Odins Tipple";"0";"71.6";"0.33";"216.97";"Porter and stout";"Glass";"10.2";"2.1271539"
"Vinmonopolet";"10830101";"Smak av Telemark";"Smak av Telemark";"2018";"139.9";"0.75";"186.53";"White wine";"Glass";"11";"1.6957575"
"Vinmonopolet";"10830306";"Ruby White";"Ruby White";"2018";"399.9";"3";"133.3";"White wine";"Bag-in-box";"12";"1.1108333"
"Vinmonopolet";"10830401";"Ruby Frizz";"Ruby Frizz";"0";"115.9";"0.75";"154.53";"Sparkling white wine";"Glass";"11";"1.4048485"
"Vinmonopolet";"10830501";"Ellena Giuseppe Barbera d'Alba";"Ellena Giuseppe Barbera d'Alba";"2016";"209.9";"0.75";"279.87";"RÃ¸dvin";"Glass";"14";"1.9990475"
"Vinmonopolet";"10830601";"Ellena Giuseppe Langhe Nebbiolo";"Ellena Giuseppe Langhe Nebbiolo";"2017";"248.9";"0.75";"331.87";"RÃ¸dvin";"Glass";"14";"2.3704762"
"Vinmonopolet";"10830701";"Ellena Giuseppe Barolo";"Ellena Giuseppe Barolo";"2015";"349.9";"0.75";"466.53";"RÃ¸dvin";"Glass";"14.5";"3.2174711"
"Vinmonopolet";"10830801";"Duchessa Lia Fragolino RosÃ©";"Duchessa Lia Fragolino RosÃ©";"0";"99.9";"0.75";"133.2";"Flavoured wine	";"Glass";"7";"1.9028572"
"Vinmonopolet";"10830901";"Duchessa Lia Asti Secco";"Duchessa Lia Asti Secco";"0";"144.9";"0.75";"193.2";"Sparkling wine";"Glass";"10.5";"1.8399999"
"Vinmonopolet";"10831002";"Gul Ga-Jol";"Gul Ga-Jol";"0";"209.9";"0.5";"419.8";"LikÃ¸r";"Plast";"16.4";"2.559756"
"Vinmonopolet";"10831101";"Wageck Kalkmergel Chardonnay 2016";"Wageck Kalkmergel Chardonnay";"2016";"189.9";"0.75";"253.2";"White wine";"Glass";"13.5";"1.8755555"
"Vinmonopolet";"10831201";"Wageck Kalkstein Chardonnay 2018";"Wageck Kalkstein Chardonnay";"2018";"169.9";"0.75";"226.53";"White wine";"Glass";"13";"1.7425641"
"Vinmonopolet";"10831301";"Fanny Sabre Beaune Clos des Renardes 2018";"Fanny Sabre Beaune Clos des Renardes";"2018";"489.9";"0.75";"653.2";"White wine";"Glass";"12.5";"5.2256"
"Vinmonopolet";"10831402";"Pistonhead Kustom Lager";"Pistonhead Kustom Lager";"0";"39.9";"0.33";"120.91";"Light lager";"Glass";"4.9";"2.4675324"
"Vinmonopolet";"10831501";"Julien de Savignac";"Julien de Savignac";"2016";"179.9";"0.75";"239.87";"RÃ¸dvin";"Glass";"13.5";"1.77679"
"Vinmonopolet";"10831601";"Julien de Savignac Lisa";"Julien de Savignac Lisa";"2018";"199.9";"0.75";"266.53";"White wine";"Glass";"13";"2.0502563"
"Vinmonopolet";"10831701";"L'Inattendu de Savignac";"L'Inattendu de Savignac";"2018";"199.9";"0.75";"266.53";"RosÃ©vin";"Glass";"13";"2.0502563"
"Vinmonopolet";"10831801";"Ãtienne Calsac Clos Maladries Extra Brut 2014";"Ãtienne Calsac Clos Maladries Extra Brut";"2014";"849.9";"0.75";"1133.2";"Champagne extra brut";"Glass";"12";"9.443334"
"Vinmonopolet";"10831901";"Ãtienne Calsac Rose de Craise";"Ãtienne Calsac Rose de Craise";"2016";"474.9";"0.75";"633.2";"Champagne, rosÃ©";"Glass";"12";"5.2766666"
"Vinmonopolet";"10832102";"Voss Bryggeri Farfars Hage";"Voss Bryggeri Farfars Hage";"0";"61.9";"0.33";"181.52";"SurÃ¸l";"Emballasje med pant";"5";"3.7515152"
"Vinmonopolet";"10832201";"Gamle TÃ¥rnhuset SabliÃ¨res 2015";"Gamle TÃ¥rnhuset SabliÃ¨res";"2015";"184.9";"0.75";"246.53";"RÃ¸dvin";"Glass";"14";"1.7609524"
"Vinmonopolet";"10832301";"Welmoed RosÃ© 2018";"Welmoed RosÃ©";"2018";"112.9";"0.75";"150.53";"RosÃ©vin";"Glass";"12";"1.2544445"
"Vinmonopolet";"10832602";"Buddelship Bambuse";"Buddelship Bambuse";"0";"66";"0.33";"200";"India pale ale";"Glass";"8.4";"2.3809524"
"Vinmonopolet";"10833001";"The Famous Grouse Ruby Cask";"The Famous Grouse Ruby Cask";"0";"429.9";"0.7";"614.14";"Whisky";"Glass";"40";"1.5353571"
"Vinmonopolet";"10833101";"Ten. ScerscÃ© Essenza Valtellina Superiore";"Ten. ScerscÃ© Essenza Valtellina Superiore";"2016";"329.9";"0.75";"439.87";"RÃ¸dvin";"Glass";"12.5";"3.5189333"
"Vinmonopolet";"10833206";"Fratelli Viticultori Langhe Rosso 2018";"Fratelli Viticultori Langhe Rosso";"2018";"459.9";"3";"153.3";"RÃ¸dvin";"Bag-in-box";"12.5";"1.2264"
"Vinmonopolet";"10833301";"Ten. ScerscÃ© Nettare Rosso di Valtellina 2016";"Ten. ScerscÃ© Nettare Rosso di Valtellina";"2016";"209.8";"0.75";"279.73";"RÃ¸dvin";"Glass";"12";"2.3311112"
"Vinmonopolet";"10833601";"Cascas Lisboa Vinho Branco";"Cascas Lisboa Vinho Branco";"2018";"110";"0.75";"146.67";"White wine";"Glass";"12.5";"1.1733333"
"Vinmonopolet";"10833706";"Pierre Chavin RosÃ©";"Pierre Chavin RosÃ©";"2019";"419.9";"3";"139.97";"RosÃ©vin";"Bag-in-box";"12.5";"1.1197333"
"Vinmonopolet";"10833806";"Pierre Chavin CÃ´tes de Gascogne";"Pierre Chavin CÃ´tes de Gascogne";"2018";"369.9";"3";"123.3";"White wine";"Bag-in-box";"12";"1.0275"
"Vinmonopolet";"10834001";"Dom. Castell-Reynoard Coeur de vigne";"Dom. Castell-Reynoard Coeur de vigne";"2015";"299.7";"0.75";"399.6";"RÃ¸dvin";"Glass";"13.5";"2.96"
"Vinmonopolet";"10834101";"Ch. de Chamilly Bourgogne AligotÃ©";"Ch. de Chamilly Bourgogne AligotÃ©";"2017";"239.3";"0.75";"319.07";"White wine";"Glass";"12.5";"2.5525334"
"Vinmonopolet";"10834201";"Dom. Castell-Reynoard L'esprit du Vivant";"Dom. Castell-Reynoard L'esprit du Vivant";"2015";"199.7";"0.75";"266.27";"RÃ¸dvin";"Glass";"13";"2.0482051"
"Vinmonopolet";"10834401";"Mastroberardino Redimore Irpinia Aglianico 2016";"Mastroberardino Redimore Irpinia Aglianico";"2016";"198.9";"0.75";"265.2";"RÃ¸dvin";"Glass";"13.5";"1.9644444"
"Vinmonopolet";"10834501";"Ch. Livran 2014";"Ch. Livran";"2014";"295.8";"0.75";"394.4";"RÃ¸dvin";"Glass";"13";"3.0338461"
"Vinmonopolet";"10834701";"Ch. Clairac 2016";"Ch. Clairac";"2016";"189.9";"0.75";"253.2";"RÃ¸dvin";"Glass";"14";"1.8085713"
"Vinmonopolet";"10835201";"Galarin Barivel Langhe Arneis 2017";"Galarin Barivel Langhe Arneis";"2017";"235";"0.75";"313.33";"White wine";"Glass";"14";"2.2380953"
"Vinmonopolet";"10835301";"Zenato Lugana Doc Santa Cristina";"Zenato Lugana Doc Santa Cristina";"2019";"249.9";"0.75";"333.2";"White wine";"Glass";"13";"2.563077"
"Vinmonopolet";"10835401";"Bastoney CrÃ©mant de Bordeaux";"Bastoney CrÃ©mant de Bordeaux";"0";"179.9";"0.75";"239.87";"Sparkling wine";"Glass";"12";"1.9988889"
"Vinmonopolet";"10835501";"Chapelle Blanche de Bastoney";"Chapelle Blanche de Bastoney";"2018";"159.9";"0.75";"213.2";"White wine";"Glass";"12";"1.7766666"
"Vinmonopolet";"10835601";"Husholdnings Rom";"Husholdnings Rom";"0";"379.9";"0.7";"542.71";"Rum";"Glass";"40";"1.3567858"
"Vinmonopolet";"10835801";"Scarbolo Il Ramato";"Scarbolo Il Ramato";"2017";"194.9";"0.75";"259.87";"White wine";"Glass";"13";"1.9989743"
"Vinmonopolet";"10835901";"Scarbolo Lara Sunset Scent";"Scarbolo Lara Sunset Scent";"2016";"219.7";"0.75";"292.93";"White wine";"Glass";"13.5";"2.1698766"
"Vinmonopolet";"10836001";"Scarbolo Mattia Beyond Pinot";"Scarbolo Mattia Beyond Pinot";"2015";"209.7";"0.75";"279.6";"White wine";"Glass";"13";"2.1507692"
"Vinmonopolet";"10836101";"OÂ´MaraÂ´s Country Cream Salted Caramel";"OÂ´MaraÂ´s Country Cream Salted Caramel";"0";"175";"0.75";"233.33";"Flavoured wine	";"Glass";"14.5";"1.6091954"
"Vinmonopolet";"10836201";"Painted Rock Estate Grown Merlot";"Painted Rock Estate Grown Merlot";"2015";"331";"0.75";"441.33";"RÃ¸dvin";"Glass";"15.3";"2.8845315"
"Vinmonopolet";"10836301";"Poggio Bonelli Chianti Colli Senesi";"Poggio Bonelli Chianti Colli Senesi";"2016";"171.7";"0.75";"228.93";"RÃ¸dvin";"Glass";"13";"1.7610257"
"Vinmonopolet";"10836401";"La Manufacture Benjamin Laroche Petit Chablis 2017";"La Manufacture Benjamin Laroche Petit Chablis";"2017";"249.9";"0.75";"333.2";"White wine";"Glass";"12.5";"2.6655998"
"Vinmonopolet";"10836505";"Il Poggione Brunello di Montalcino 2006";"Il Poggione Brunello di Montalcino";"2006";"799.7";"1.5";"533.13";"RÃ¸dvin";"Glass";"14.5";"3.6767817"
"Vinmonopolet";"10836601";"Il Poggione Brunello di Montalcino 2006";"Il Poggione Brunello di Montalcino";"2006";"399.8";"0.75";"533.07";"RÃ¸dvin";"Glass";"14.5";"3.6763217"
"Vinmonopolet";"10836701";"Louis Bouillot CrÃ©m. de Bourg. Extra Brut 2005";"Louis Bouillot CrÃ©m. de Bourg. Extra Brut";"2005";"249.9";"0.75";"333.2";"Sparkling wine";"Glass";"12";"2.7766666"
"Vinmonopolet";"10836801";"Weing. der Stadt Mainz Merlot Fass No. 2";"Weing. der Stadt Mainz Merlot Fass No. 2";"2012";"149.5";"0.75";"199.33";"RÃ¸dvin";"Glass";"14.5";"1.3747126"
"Vinmonopolet";"10836904";"Freixenet Italian Sparkling RosÃ© Mini";"Freixenet Italian Sparkling RosÃ© Mini";"0";"63.9";"0.2";"319.5";"Musserende vin, rosÃ©";"Glass";"11";"2.9045455"
"Vinmonopolet";"10837004";"Freixenet Prosecco Extra Dry Mini";"Freixenet Prosecco Extra Dry Mini";"0";"63.9";"0.2";"319.5";"Sparkling wine";"Glass";"11";"2.9045455"
"Vinmonopolet";"10837102";"Bod. Ximenez Spinola Cosecha 2018";"Bod. Ximenez Spinola Cosecha";"2018";"278.6";"0.5";"557.2";"White wine";"Glass";"13";"4.286154"
"Vinmonopolet";"10837201";"Mengoba Las Tinajas 2016";"Mengoba Las Tinajas";"2016";"473.7";"0.75";"631.6";"White wine";"Glass";"12.5";"5.0528"
"Vinmonopolet";"10837306";"Kitch Wine White";"Kitch Wine White";"2017";"379.9";"3";"126.63";"White wine";"Bag-in-box";"12.5";"1.0130666"
"Vinmonopolet";"10837502";"Strand BrÃ¦nderi Carvi Aquavit";"Strand BrÃ¦nderi Carvi Aquavit";"0";"399.9";"0.5";"799.8";"Aquavit";"Glass";"42.7";"1.8730679"
"Vinmonopolet";"10837801";"C S Substance Cabernet Sauvignon Powerline Vineyard";"C S Substance Cabernet Sauvignon Powerline Vineyard";"2015";"640";"0.75";"853.33";"RÃ¸dvin";"Glass";"13.5";"6.3209877"
"Vinmonopolet";"10837902";"Paolo Scavino Barolo 2015";"Paolo Scavino Barolo";"2015";"299.9";"0.38";"799.73";"RÃ¸dvin";"Glass";"14";"5.637218"
"Vinmonopolet";"10838001";"Matthias Gaul Sauvignon Blanc Asselheim";"Matthias Gaul Sauvignon Blanc Asselheim";"2017";"254";"0.75";"338.67";"White wine";"Glass";"12.5";"2.7093334"
"Vinmonopolet";"10838101";"Matthias Gaul Riesling Asselheim";"Matthias Gaul Riesling Asselheim";"2016";"239";"0.75";"318.67";"White wine";"Glass";"12.5";"2.5493333"
"Vinmonopolet";"10838201";"Graham Beck Brut RosÃ¨";"Graham Beck Brut RosÃ¨";"0";"239";"0.75";"318.67";"Musserende vin, rosÃ©";"Glass";"12";"2.6555555"
"Vinmonopolet";"10838301";"Dom. Montmartel CÃ´tes du RhÃ´ne";"Dom. Montmartel CÃ´tes du RhÃ´ne";"0";"159.9";"0.75";"213.2";"RÃ¸dvin";"Glass";"14";"1.5228571"
"Vinmonopolet";"10838401";"Dom. Mazurd CÃ´tes du RhÃ´ne 2003";"Dom. Mazurd CÃ´tes du RhÃ´ne";"2003";"249.9";"0.75";"333.2";"RÃ¸dvin";"Glass";"13.5";"2.468148"
"Vinmonopolet";"10838701";"Walldorf Saulheimer Probstey Riesling";"Walldorf Saulheimer Probstey Riesling";"2015";"445";"0.75";"593.33";"White wine";"Glass";"13";"4.5641026"
"Vinmonopolet";"10838901";"Baglietti No 10 Prosecco";"Baglietti No 10 Prosecco";"0";"175";"0.75";"233.33";"Sparkling wine";"Glass";"11";"2.121212"
"Vinmonopolet";"10839401";"Deep Roots Riesling Trocken 2018";"Deep Roots Riesling Trocken";"2018";"134.7";"0.75";"179.6";"White wine";"Glass";"12";"1.4966667"
"Vinmonopolet";"10839601";"Cooper's Choice Teaninich 2009 9 YO Sherry Finish Cask No. 1";"Cooper's Choice Teaninich  9 YO Sherry Finish Cask No. 1";"0";"999";"0.7";"1427.14";"Whisky";"Glass";"52.5";"2.7183673"
"Vinmonopolet";"10840001";"Cooper's Choice Family Silver 2001 17 YO Oloroso Cask No.VM31";"Cooper's Choice Family Silver  17 YO Oloroso Cask No.VM31";"0";"1179";"0.7";"1684.29";"Whisky";"Glass";"44";"3.827922"
"Vinmonopolet";"10840101";"Cooper's Choice Aultmore 2010 8 YO";"Cooper's Choice Aultmore  8 YO";"0";"995";"0.7";"1421.43";"Whisky";"Glass";"54";"2.632275"
"Vinmonopolet";"10840202";"Halling Cognac XO";"Halling Cognac XO";"0";"480";"0.5";"960";"Grape spirit";"Glass";"40";"2.4"
"Vinmonopolet";"10840401";"BÃ©rÃ©che & Fils Cote Grand Cru 2005";"BÃ©rÃ©che & Fils Cote Grand Cru";"2005";"831.7";"0.75";"1108.93";"Champagne extra brut";"Glass";"12.5";"8.871467"
"Vinmonopolet";"10840501";"Sparkling Strawberry wine";"Sparkling Strawberry wine";"0";"60.3";"0.75";"80.4";"Fruit wine";"Glass";"8.3";"0.96867466"
"Vinmonopolet";"10840701";"Bod. Nora Noradaneve 2016";"Bod. Nora Noradaneve";"2016";"299.9";"0.75";"399.87";"White wine";"Glass";"13";"3.0758975"
"Vinmonopolet";"10841201";"Bod. Naia Verdejo 2018";"Bod. Naia Verdejo";"2018";"199.9";"0.75";"266.53";"White wine";"Glass";"13.5";"1.9743209"
"Vinmonopolet";"10841301";"Bod. Naia Naiades Verdejo 2014";"Bod. Naia Naiades Verdejo";"2014";"299.9";"0.75";"399.87";"White wine";"Glass";"14";"2.8561904"
"Vinmonopolet";"10841402";"Tucher Ãcht NÃ¼rnberger Kellerbier";"Tucher Ãcht NÃ¼rnberger Kellerbier";"0";"49.9";"0.5";"99.8";"Light lager";"Glass";"5.3";"1.8830189"
"Vinmonopolet";"10841602";"Vocation Yakima Pilsner";"Vocation Yakima Pilsner";"0";"43.9";"0.33";"126.97";"Light lager";"Emballasje med pant";"5.5";"2.418733"
"Vinmonopolet";"10841702";"Thornbridge Tart";"Thornbridge Tart";"0";"44.8";"0.33";"135.76";"SurÃ¸l";"Glass";"6";"2.2626262"
"Vinmonopolet";"10841801";"David Duband Nuits-Saint-Georges Premier Cru Aux Thorey 2014";"David Duband Nuits-Saint-Georges Premier Cru Aux Thorey";"2014";"799.9";"0.75";"1066.53";"RÃ¸dvin";"Glass";"13";"8.2041025"
"Vinmonopolet";"10841901";"David Duband CÃ´te-de-Nuits Villages Rouge 2016";"David Duband CÃ´te-de-Nuits Villages Rouge";"2016";"419.9";"0.75";"559.87";"RÃ¸dvin";"Glass";"13";"4.3066664"
"Vinmonopolet";"10842001";"David Duband Gevrey Chambertin 2016";"David Duband Gevrey Chambertin";"2016";"689.9";"0.75";"919.87";"RÃ¸dvin";"Glass";"13";"7.0758977"
"Vinmonopolet";"10842101";"David Duband Nuits-Saint-Georges Premier Cru Les Proces 2014";"David Duband Nuits-Saint-Georges Premier Cru Les Proces";"2014";"819.9";"0.75";"1093.2";"RÃ¸dvin";"Glass";"13";"8.409231"
"Vinmonopolet";"10842201";"David Duband Nuits-Saint-Georges Premier Cru Les Chaboeufs 2014";"David Duband Nuits-Saint-Georges Premier Cru Les Chaboeufs";"2014";"819.9";"0.75";"1093.2";"RÃ¸dvin";"Glass";"13";"8.409231"
"Vinmonopolet";"10842301";"Mimosa Orange";"Mimosa Orange";"0";"79.6";"0.75";"106.13";"Fruit wine";"Glass";"7";"1.5161904"
"Vinmonopolet";"10842401";"Mimosa Blood Orange";"Mimosa Blood Orange";"0";"79.6";"0.75";"106.13";"Fruit wine";"Glass";"7";"1.5161904"
"Vinmonopolet";"10842501";"Ramon Bilbao Limitada";"Ramon Bilbao Limitada";"2016";"169.9";"0.75";"226.53";"RÃ¸dvin";"Glass";"14";"1.6180952"
"Vinmonopolet";"10843101";"Lochardet Chassagne Montrachet 1er Cru Morgeot Rouge 2017";"Lochardet Chassagne Montrachet 1er Cru Morgeot Rouge";"2017";"609.9";"0.75";"813.2";"RÃ¸dvin";"Glass";"13";"6.255385"
"Vinmonopolet";"10843201";"Lochardet Chassagne Montrachet 1er Cru Morgeot Blanc 2017";"Lochardet Chassagne Montrachet 1er Cru Morgeot Blanc";"2017";"689.9";"0.75";"919.87";"White wine";"Glass";"13";"7.0758977"
"Vinmonopolet";"10843301";"Lochardet Chassagne Montrachet 1er Cru Tete de Clos 2017";"Lochardet Chassagne Montrachet 1er Cru Tete de Clos";"2017";"759.9";"0.75";"1013.2";"White wine";"Glass";"13";"7.7938466"
"Vinmonopolet";"10844206";"Radio Boka rosÃ©";"Radio Boka rosÃ©";"0";"389.9";"3";"129.97";"RosÃ©vin";"Bag-in-box";"12";"1.0830555"
"Vinmonopolet";"10844801";"Fleury Blanc de Noirs Brut";"Fleury Blanc de Noirs Brut";"0";"399.9";"0.75";"533.2";"Champagne, brut";"Glass";"12";"4.443333"
"Vinmonopolet";"10845201";"Le Vigne Di Eli Moganazzi Volta Sciara Etna Rosso 2016";"Le Vigne Di Eli Moganazzi Volta Sciara Etna Rosso";"2016";"388.9";"0.75";"518.53";"RÃ¸dvin";"Glass";"14.5";"3.576092"
"Vinmonopolet";"10845301";"Federico Paternina Banda Rosa RosÃ© Brut";"Federico Paternina Banda Rosa RosÃ© Brut";"2016";"124.9";"0.75";"166.53";"Musserende vin, rosÃ©";"Glass";"11.5";"1.448116"
"Vinmonopolet";"10845401";"Paradis Secret";"Paradis Secret";"2018";"159.9";"0.75";"213.2";"RosÃ©vin";"Glass";"13";"1.64"
"Vinmonopolet";"10846201";"Longridge MCC Brut Rose NV";"Longridge MCC Brut Rose NV";"0";"243.7";"0.75";"324.93";"Musserende vin, rosÃ©";"Glass";"12.5";"2.5994666"
"Vinmonopolet";"10846301";"Contino Garnacha";"Contino Garnacha";"2017";"369.9";"0.75";"493.2";"RÃ¸dvin";"Glass";"14";"3.5228572"
"Vinmonopolet";"10846502";"EGO Gjenferd Norsk TradisjonsÃ¸l";"EGO Gjenferd Norsk TradisjonsÃ¸l";"0";"45.9";"0.33";"133.03";"Special";"Emballasje med pant";"6";"2.3181818"
"Vinmonopolet";"10846801";"Vadio Espumante RosÃ©";"Vadio Espumante RosÃ©";"0";"232.3";"0.75";"309.73";"Musserende vin, rosÃ©";"Glass";"12";"2.5811112"
"Vinmonopolet";"10846901";"Caâ Nova Aurora Colline Novaresi Nebbiolo 2018";"Caâ Nova Aurora Colline Novaresi Nebbiolo";"2018";"169.9";"0.75";"226.53";"RosÃ©vin";"Glass";"12";"1.8877777"
"Vinmonopolet";"10847005";"Verrocchio Prosecco Extra Dry";"Verrocchio Prosecco Extra Dry";"0";"299";"1.5";"199.33";"Sparkling wine";"Glass";"11";"1.8121212"
"Vinmonopolet";"10847101";"Azul y Garanza Naturaleza Salvaje Garnacha 2018";"Azul y Garanza Naturaleza Salvaje Garnacha";"2018";"259.9";"0.75";"346.53";"RÃ¸dvin";"Glass";"12.5";"2.7722666"
"Vinmonopolet";"10847201";"Bayanegra Blue 2018";"Bayanegra Blue";"2018";"99.7";"0.75";"132.93";"Flavoured wine	";"Glass";"9.5";"1.3992982"
"Vinmonopolet";"10847502";"Northern Monk Origin Gluten Free IPA";"Northern Monk Origin Gluten Free IPA";"0";"54.9";"0.33";"160.3";"India pale ale";"Emballasje med pant";"5.7";"2.9186604"
"Vinmonopolet";"10847601";"The Vinum Montepulciano d'Abruzzo";"The Vinum Montepulciano d'Abruzzo";"2017";"242.3";"0.75";"323.07";"RÃ¸dvin";"Glass";"13";"2.4851282"
"Vinmonopolet";"10847701";"Il Drago e la Fornace Chianti";"Il Drago e la Fornace Chianti";"2017";"225";"0.75";"300";"RÃ¸dvin";"Glass";"13.5";"2.2222223"
"Vinmonopolet";"10848202";"Chartreuse Yellow";"Chartreuse Yellow";"0";"329.9";"0.35";"942.57";"LikÃ¸r";"Glass";"43";"2.1920266"
"Vinmonopolet";"10848301";"Thomas Morey Chassagne-Montrachet Les Macherelles 2018";"Thomas Morey Chassagne-Montrachet Les Macherelles";"2018";"727";"0.75";"969.33";"White wine";"Glass";"13";"7.4564104"
"Vinmonopolet";"10848401";"Thomas Morey Chassange-Montrachet Vieiles Vignes Rouge 2017";"Thomas Morey Chassange-Montrachet Vieiles Vignes Rouge";"2017";"419";"0.75";"558.67";"RÃ¸dvin";"Glass";"13";"4.2974358"
"Vinmonopolet";"10848501";"Thomas Morey Maranges 1er Cru La Fussiere 2017";"Thomas Morey Maranges 1er Cru La Fussiere";"2017";"419";"0.75";"558.67";"RÃ¸dvin";"Glass";"13";"4.2974358"
"Vinmonopolet";"10848701";"Thomas Morey Chassagne-Montrachet 1er Cru Les EmbrazÃ©es 2018";"Thomas Morey Chassagne-Montrachet 1er Cru Les EmbrazÃ©es";"2018";"785";"0.75";"1046.67";"White wine";"Glass";"12.8";"8.177083"
"Vinmonopolet";"10848801";"Thomas Morey Chassagne-Montrachet 1er Cru Les Chenevottes 2018";"Thomas Morey Chassagne-Montrachet 1er Cru Les Chenevottes";"2018";"757.7";"0.75";"1010.27";"White wine";"Glass";"13";"7.771282"
"Vinmonopolet";"10848901";"Thomas Morey Chassange-Montrachet Village Blanc 2018";"Thomas Morey Chassange-Montrachet Village Blanc";"2018";"610.5";"0.75";"814";"White wine";"Glass";"13";"6.2615385"
"Vinmonopolet";"10849001";"Rocche dei Manzoni Barbera d'Alba La Cresta";"Rocche dei Manzoni Barbera d'Alba La Cresta";"2016";"440";"0.75";"586.67";"RÃ¸dvin";"Glass";"14";"4.1904764"
"Vinmonopolet";"10849101";"Rocche dei Manzoni Barolo";"Rocche dei Manzoni Barolo";"2014";"725";"0.75";"966.67";"RÃ¸dvin";"Glass";"14";"6.904762"
"Vinmonopolet";"10849201";"Col di Lamo Rosso di Montalcino";"Col di Lamo Rosso di Montalcino";"2016";"360";"0.75";"480";"RÃ¸dvin";"Glass";"13.5";"3.5555556"
"Vinmonopolet";"10849301";"Col di Lamo Brunello di Montalcino";"Col di Lamo Brunello di Montalcino";"2013";"690";"0.75";"920";"RÃ¸dvin";"Glass";"14";"6.571429"
"Vinmonopolet";"10849501";"CaâdâOr Blanc de Blancs";"CaâdâOr Blanc de Blancs";"2017";"220.4";"0.75";"293.87";"Sparkling wine";"Glass";"12";"2.4488888"
"Vinmonopolet";"10849601";"CaâdâOr Franciacorta Noble RosÃ© 2011";"CaâdâOr Franciacorta Noble RosÃ©";"2011";"320.2";"0.75";"426.93";"Musserende vin, rosÃ©";"Glass";"12.5";"3.4154668"
"Vinmonopolet";"10849701";"L`Esprit de Chevalier Rouge 2016";"L`Esprit de Chevalier Rouge";"2016";"497";"0.75";"662.67";"RÃ¸dvin";"Glass";"13";"5.097436"
"Vinmonopolet";"10850001";"RÃ¥stoff Salty Caramel";"RÃ¥stoff Salty Caramel";"0";"234.9";"0.7";"335.57";"LikÃ¸r";"Glass";"16.4";"2.0461674"
"Vinmonopolet";"10850108";"The Gin Box (10x5cl)";"The Gin Box (10x5cl)";"0";"539.9";"0.5";"1079.8";"Gin";"Ãvrig";"42";"2.5709524"
"Vinmonopolet";"10850401";"Mannen fra Havet Soave";"Mannen fra Havet Soave";"2018";"149.9";"0.75";"199.87";"White wine";"Glass";"12";"1.6655555"
"Vinmonopolet";"10850501";"Per Sundnes Bobler Over Prosecco";"Per Sundnes Bobler Over Prosecco";"0";"185";"0.75";"246.67";"Sparkling wine";"Glass";"11.5";"2.1449275"
"Vinmonopolet";"10850602";"Lindheim Moscatel de Farmhouse";"Lindheim Moscatel de Farmhouse";"0";"99.9";"0.5";"199.8";"Saison farmhouse ale";"Glass";"7.5";"2.664"
"Vinmonopolet";"10850702";"Bottega Raspberry Liquore";"Bottega Raspberry Liquore";"0";"189.9";"0.5";"379.8";"LikÃ¸r";"Glass";"15";"2.5319998"
"Vinmonopolet";"10850901";"Ardbeg Drum";"Ardbeg Drum";"0";"1314.9";"0.7";"1878.43";"Whisky";"Glass";"46";"4.0835404"
"Vinmonopolet";"10851001";"Luzy-Macarez Macon-Villages Montesard";"Luzy-Macarez Macon-Villages Montesard";"0";"239.5";"0.75";"319.33";"White wine";"Glass";"13";"2.4564102"
"Vinmonopolet";"10851101";"Leroux Volnay 1er Cru Clos de la Cave des Ducs 2016";"Leroux Volnay 1er Cru Clos de la Cave des Ducs";"2016";"788";"0.75";"1050.67";"RÃ¸dvin";"Glass";"13";"8.082051"
"Vinmonopolet";"10851201";"Leroux Gevrey-Chambertin Premier Cru Les Goulots 2016";"Leroux Gevrey-Chambertin Premier Cru Les Goulots";"2016";"890";"0.75";"1186.67";"RÃ¸dvin";"Glass";"13";"9.128205"
"Vinmonopolet";"10851301";"Leroux Nuits-Saint-Georges 1er Cru Les Boudots 2016";"Leroux Nuits-Saint-Georges 1er Cru Les Boudots";"2016";"958";"0.75";"1277.33";"RÃ¸dvin";"Glass";"13.5";"9.461728"
"Vinmonopolet";"10851401";"Fichet Meursault 2016";"Fichet Meursault";"2016";"525";"0.75";"700";"White wine";"Glass";"13";"5.3846154"
"Vinmonopolet";"10851501";"Fichet Meursault Le Tesson 2016";"Fichet Meursault Le Tesson";"2016";"715";"0.75";"953.33";"White wine";"Glass";"13.5";"7.0617285"
"Vinmonopolet";"10851601";"Fichet MonthÃ©lie 1er Cru Les Clous Rouge 2016";"Fichet MonthÃ©lie 1er Cru Les Clous Rouge";"2016";"408.9";"0.75";"545.2";"RÃ¸dvin";"Glass";"13";"4.193846"
"Vinmonopolet";"10851801";"La Solitude CÃ´tes du Rhone Rouge 2017";"La Solitude CÃ´tes du Rhone Rouge";"2017";"235";"0.75";"313.33";"RÃ¸dvin";"Glass";"14";"2.2380953"
"Vinmonopolet";"10851905";"Dom. de la Solitude Chateauneuf-du-Pape Tradition Rouge 2016";"Dom. de la Solitude Chateauneuf-du-Pape Tradition Rouge";"2016";"815";"1.5";"543.33";"RÃ¸dvin";"Glass";"14.5";"3.7471263"
"Vinmonopolet";"10852001";"La Solitude CÃ´tes du Rhone RosÃ© 2018";"La Solitude CÃ´tes du Rhone RosÃ©";"2018";"235";"0.75";"313.33";"RosÃ©vin";"Glass";"13";"2.4102564"
"Vinmonopolet";"10852101";"La Solitude CÃ´tes du Rhone Blanc 2018";"La Solitude CÃ´tes du Rhone Blanc";"2018";"235";"0.75";"313.33";"White wine";"Glass";"13.5";"2.3209877"
"Vinmonopolet";"10852205";"La Solitude CÃ´tes du Rhone Blanc 2018";"La Solitude CÃ´tes du Rhone Blanc";"2018";"395";"1.5";"263.33";"White wine";"Glass";"13.5";"1.9506173"
"Vinmonopolet";"10852305";"La Solitude CÃ´tes du Rhone Rouge 2017";"La Solitude CÃ´tes du Rhone Rouge";"2017";"395";"1.5";"263.33";"RÃ¸dvin";"Glass";"14";"1.8809524"
"Vinmonopolet";"10852401";"Dom. de la Solitude Chateauneuf-du-Pape Barberini Rouge 2016";"Dom. de la Solitude Chateauneuf-du-Pape Barberini Rouge";"2016";"629";"0.75";"838.67";"RÃ¸dvin";"Glass";"15";"5.591111"
"Vinmonopolet";"10852501";"Dom. de la Solitude Chateauneuf-du-Pape Barberini Blanc 2017";"Dom. de la Solitude Chateauneuf-du-Pape Barberini Blanc";"2017";"585";"0.75";"780";"White wine";"Glass";"14";"5.571429"
"Vinmonopolet";"10852605";"Dom. de la Solitude Chateauneuf-du-Pape Barberini Blanc 2017";"Dom. de la Solitude Chateauneuf-du-Pape Barberini Blanc";"2017";"1179";"1.5";"786";"White wine";"Glass";"14";"5.614286"
"Vinmonopolet";"10852705";"Dom. de la Solitude Chateauneuf-du-Pape Barberini Rouge 2016";"Dom. de la Solitude Chateauneuf-du-Pape Barberini Rouge";"2016";"1297.9";"1.5";"865.27";"RÃ¸dvin";"Glass";"15";"5.7684445"
"Vinmonopolet";"10852901";"Lagarde Malbec 2018";"Lagarde Malbec";"2018";"199.9";"0.75";"266.53";"RÃ¸dvin";"Glass";"14.1";"1.8903072"
"Vinmonopolet";"10853001";"Lagarde Altas Cumbres Cabernet Sauvignon 2017";"Lagarde Altas Cumbres Cabernet Sauvignon";"2017";"179.9";"0.75";"239.87";"RÃ¸dvin";"Glass";"13.6";"1.7637254"
"Vinmonopolet";"10853101";"Lagarde Guarda Malbec 2016";"Lagarde Guarda Malbec";"2016";"249.9";"0.75";"333.2";"RÃ¸dvin";"Glass";"13.8";"2.4144926"
"Vinmonopolet";"10853601";"Luigi Pira Barolo Margheria 2016";"Luigi Pira Barolo Margheria";"2016";"489.9";"0.75";"653.2";"RÃ¸dvin";"Glass";"14.5";"4.5048275"
"Vinmonopolet";"10853701";"Luigi Pira Barolo Vignarionda 2015";"Luigi Pira Barolo Vignarionda";"2015";"759.9";"0.75";"1013.2";"RÃ¸dvin";"Glass";"15";"6.754667"
"Vinmonopolet";"10853801";"Luigi Pira Barolo Marenca 2015";"Luigi Pira Barolo Marenca";"2015";"579.9";"0.75";"773.2";"RÃ¸dvin";"Glass";"15";"5.154667"
"Vinmonopolet";"10853906";"Huber GrÃ¼ner Veltliner";"Huber GrÃ¼ner Veltliner";"2018";"479";"3";"159.67";"White wine";"Bag-in-box";"12.5";"1.2773334"
"Vinmonopolet";"10854001";"Haywire The Bub 2016";"Haywire The Bub";"2016";"285";"0.75";"380";"Sparkling wine";"Glass";"11.5";"3.3043478"
"Vinmonopolet";"10854101";"Haywire Waters & Banks Pinot Noir 2016";"Haywire Waters & Banks Pinot Noir";"2016";"300";"0.75";"400";"RÃ¸dvin";"Glass";"13.5";"2.9629629"
"Vinmonopolet";"10854201";"The Liberator Swartland Evolution 2014";"The Liberator Swartland Evolution";"2014";"239.9";"0.75";"319.87";"RÃ¸dvin";"Glass";"13.5";"2.3693826"
"Vinmonopolet";"10854602";"Firestone Walker Mocha Merlin";"Firestone Walker Mocha Merlin";"0";"56.9";"0.35";"160.28";"Porter and stout";"Metall";"5.5";"2.9558444"
"Vinmonopolet";"10854702";"Firestone Walker Rosalie";"Firestone Walker Rosalie";"0";"39.9";"0.35";"112.39";"Special";"Metall";"5";"2.2800002"
"Vinmonopolet";"10854802";"Firestone Walker Mind Haze IPA";"Firestone Walker Mind Haze IPA";"0";"56.9";"0.35";"160.28";"India pale ale";"Metall";"6.2";"2.62212"
"Vinmonopolet";"10854901";"Crooked Stave Nightmare on Brett";"Crooked Stave Nightmare on Brett";"0";"249.9";"0.75";"333.2";"SurÃ¸l";"Glass";"9.7";"3.4350514"
"Vinmonopolet";"10855001";"Crooked Stave L'Brett d'Apricot";"Crooked Stave L'Brett d'Apricot";"0";"219.9";"0.75";"293.2";"SurÃ¸l";"Glass";"5.7";"5.14386"
"Vinmonopolet";"10855301";"Ch. Sainte-Luce Bellevue Les Aubelines";"Ch. Sainte-Luce Bellevue Les Aubelines";"2017";"259.9";"0.75";"346.53";"White wine";"Glass";"14.5";"2.389885"
"Vinmonopolet";"10855401";"LÃ©tÃ©-Vautrain Champagne Zero brut";"LÃ©tÃ©-Vautrain Champagne Zero brut";"0";"359";"0.75";"478.67";"Champagne, brut";"Glass";"13.5";"3.545679"
"Vinmonopolet";"10855501";"Gouffier Bouzeron Les Corcelles";"Gouffier Bouzeron Les Corcelles";"0";"279";"0.75";"372";"White wine";"Glass";"13";"2.8615384"
"Vinmonopolet";"10855701";"Gouffier Bourgogne Cote Chalonnaise Fort de Vaux";"Gouffier Bourgogne Cote Chalonnaise Fort de Vaux";"0";"279";"0.75";"372";"RÃ¸dvin";"Glass";"13";"2.8615384"
"Vinmonopolet";"10855801";"Gran Passione Spumante";"Gran Passione Spumante";"0";"139.9";"0.75";"186.53";"Sparkling wine";"Glass";"11";"1.6957575"
"Vinmonopolet";"10855901";"Luzy-Macarez Pouilly-FuissÃ© SÃ©duction";"Luzy-Macarez Pouilly-FuissÃ© SÃ©duction";"0";"299.8";"0.75";"399.73";"White wine";"Glass";"13.5";"2.9609876"
"Vinmonopolet";"10856005";"Ultimate Provence";"Ultimate Provence";"2018";"525";"1.5";"350";"RosÃ©vin";"Glass";"13";"2.6923077"
"Vinmonopolet";"10856101";"Quinta do Regueiro Alvarinho Reserva";"Quinta do Regueiro Alvarinho Reserva";"2018";"224.9";"0.75";"299.87";"White wine";"Glass";"13.5";"2.2212346"
"Vinmonopolet";"10856201";"PrÃ¼m Pinot Noir RosÃ©";"PrÃ¼m Pinot Noir RosÃ©";"2018";"189.9";"0.75";"253.2";"RosÃ©vin";"Glass";"12";"2.11"
"Vinmonopolet";"10856301";"Cooper's Choice Inchgower 2001 16 YO Cask No. 3704";"Cooper's Choice Inchgower  16 YO Cask No.";"0";"1399";"0.7";"1998.57";"Whisky";"Glass";"46";"4.3447204"
"Vinmonopolet";"10857101";"Paolo Leo Taccorosso Negroamaro 2014";"Paolo Leo Taccorosso Negroamaro";"2014";"254.9";"0.75";"339.87";"RÃ¸dvin";"Glass";"14.5";"2.343908"
"Vinmonopolet";"10857201";"11th Hour Chardonnay";"11th Hour Chardonnay";"0";"147.9";"0.75";"197.2";"White wine";"Glass";"12";"1.6433333"
"Vinmonopolet";"10857301";"Plantation Xaymaca";"Plantation Xaymaca";"0";"549.9";"0.7";"785.57";"Rum";"Glass";"43";"1.8269104"
"Vinmonopolet";"10857701";"Robert-Denogent VirÃ©-ClessÃ© En ChÃ¢telaine 2017";"Robert-Denogent VirÃ©-ClessÃ© En ChÃ¢telaine";"2017";"379.9";"0.75";"506.53";"White wine";"Glass";"13.1";"3.8666666"
"Vinmonopolet";"10857901";"TSW Reserve Semillon I Sauvignon Blanc 2017";"TSW Reserve Semillon I Sauvignon Blanc";"2017";"289";"0.75";"385.33";"White wine";"Glass";"13";"2.9641025"
"Vinmonopolet";"10858001";"TSW Reserve Syrah 2017";"TSW Reserve Syrah";"2017";"309";"0.75";"412";"RÃ¸dvin";"Glass";"13";"3.1692307"
"Vinmonopolet";"10858101";"TSW Sauvignon Blanc 2018";"TSW Sauvignon Blanc";"2018";"199.9";"0.75";"266.53";"White wine";"Glass";"13";"2.0502563"
"Vinmonopolet";"10858201";"The Search 2018";"The Search";"2018";"169";"0.75";"225.33";"White wine";"Glass";"13";"1.7333333"
"Vinmonopolet";"10858301";"Dawn Patrol Syrah & Grenache";"Dawn Patrol Syrah & Grenache";"2018";"169.9";"0.75";"226.53";"RÃ¸dvin";"Glass";"13.5";"1.6780246"
"Vinmonopolet";"10858701";"Luis Seabra Mono C 2016";"Luis Seabra Mono C";"2016";"319";"0.75";"425.33";"RÃ¸dvin";"Glass";"14";"3.0380952"
"Vinmonopolet";"10858801";"Quinta Das Maias Malvasia-Fina 2018";"Quinta Das Maias Malvasia-Fina";"2018";"199.9";"0.75";"266.53";"White wine";"Glass";"13.5";"1.9743209"
"Vinmonopolet";"10858901";"Quinta das Maias Branco 2018";"Quinta das Maias Branco";"2018";"175";"0.75";"233.33";"White wine";"Glass";"13";"1.7948718"
"Vinmonopolet";"10859001";"Vicchiomaggio San Jacopo Rosato";"Vicchiomaggio San Jacopo Rosato";"2018";"169.9";"0.75";"226.53";"RosÃ©vin";"Glass";"13";"1.7425641"
"Vinmonopolet";"10859301";"Lelarge-Pugeot Coteaux Champenois Vrigny Blanc Chardonnay 2012";"Lelarge-Pugeot Coteaux Champenois Vrigny Blanc Chardonnay";"2012";"449.4";"0.75";"599.2";"White wine";"Glass";"12";"4.9933333"
"Vinmonopolet";"10859401";"Vesselle Coteaux Champenois Bouzy Rouge Grand Cru 2015";"Vesselle Coteaux Champenois Bouzy Rouge Grand Cru";"2015";"399.9";"0.75";"533.2";"RÃ¸dvin";"Glass";"11.5";"4.636522"
"Vinmonopolet";"10859501";"Giorgi OltrepÃ² Pavese Pinot Nero 2018";"Giorgi OltrepÃ² Pavese Pinot Nero";"2018";"169.9";"0.75";"226.53";"White wine";"Glass";"11.5";"1.969855"
"Vinmonopolet";"10859601";"Settecani 7 bio Lambrusco Grasparossa di Castelvetro Secco";"Settecani 7 bio Lambrusco Grasparossa di Castelvetro Secco";"2018";"164.9";"0.75";"219.87";"Perlende vin, rÃ¸d";"Glass";"10.5";"2.0939682"
"Vinmonopolet";"10859701";"Abrami Franciacorta Biologico rosÃ©";"Abrami Franciacorta Biologico rosÃ©";"2014";"224.9";"0.75";"299.87";"Musserende vin, rosÃ©";"Glass";"12.5";"2.3989332"
"Vinmonopolet";"10862901";"Bellingham Homestead Pinotage 2018";"Bellingham Homestead Pinotage";"2018";"175";"0.75";"233.33";"RÃ¸dvin";"Glass";"14";"1.6666666"
"Vinmonopolet";"10863701";"Bod. Chacra Mainque Chardonnay 2017";"Bod. Chacra Mainque Chardonnay";"2017";"450";"0.75";"600";"White wine";"Glass";"12.5";"4.8"
"Vinmonopolet";"10865201";"RÃ¸ros Bryggeri Quarter to Porter Krekklingporter";"RÃ¸ros Bryggeri Quarter to Porter Krekklingporter";"0";"109";"0.75";"145.33";"Porter and stout";"Glass";"6.5";"2.2358975"
"Vinmonopolet";"10865301";"Fleur d'Olivier";"Fleur d'Olivier";"2017";"159.6";"0.75";"212.8";"RÃ¸dvin";"Glass";"13";"1.6369232"
"Vinmonopolet";"10865401";"Sangre de Toro Brut";"Sangre de Toro Brut";"0";"149.9";"0.75";"199.87";"Sparkling wine";"Glass";"11.5";"1.737971"
"Vinmonopolet";"10865806";"Ligier CÃ´tes du Jura Savagnin NaturÃ©";"Ligier CÃ´tes du Jura Savagnin NaturÃ©";"2017";"399.9";"2";"199.95";"White wine";"Bag-in-box";"12";"1.66625"
"Vinmonopolet";"10866001";"Clos du Moulin Aux Moines Auxey-Duresses 2017";"Clos du Moulin Aux Moines Auxey-Duresses";"2017";"409.9";"0.75";"546.53";"White wine";"Glass";"13";"4.2041025"
"Vinmonopolet";"10866101";"Bulles du Moulin XVII";"Bulles du Moulin XVII";"0";"299.9";"0.75";"399.87";"Sparkling wine";"Glass";"12.5";"3.1989334"
"Vinmonopolet";"10866201";"Louis Jadot Puligny-Montrachet 1er Cru Clos de La Garenne 2016";"Louis Jadot Puligny-Montrachet 1er Cru Clos de La Garenne";"2016";"794.9";"0.75";"1059.87";"White wine";"Glass";"13.5";"7.8508644"
"Vinmonopolet";"10866501";"Fratelli Seghesio Barbera d'Alba 2016";"Fratelli Seghesio Barbera d'Alba";"2016";"238.9";"0.75";"318.53";"RÃ¸dvin";"Glass";"14.5";"2.1967816"
"Vinmonopolet";"10866601";"Fratelli Seghesio Langhe Nebbiolo 2016";"Fratelli Seghesio Langhe Nebbiolo";"2016";"258.5";"0.75";"344.67";"RÃ¸dvin";"Glass";"14.5";"2.3770115"
"Vinmonopolet";"10866807";"Ultimate Provence";"Ultimate Provence";"2018";"1290";"3";"430";"RosÃ©vin";"Glass";"13";"3.3076923"
"Vinmonopolet";"10866908";"Rock Shot (6x2cl)";"Rock Shot (6x2cl)";"0";"168";"0.12";"1400";"Bitter	";"Ãvrig";"30";"4.666667"
"Vinmonopolet";"10867001";"Ron Cristobal Pinta";"Ron Cristobal Pinta";"0";"539.4";"0.7";"770.57";"Rum";"Glass";"40";"1.9264287"
"Vinmonopolet";"10867101";"Benriach 21 YO";"Benriach 21 YO";"0";"1929.9";"0.7";"2757";"Whisky";"Glass";"46";"5.9934783"
"Vinmonopolet";"10867201";"Erbacher Siegelsberg Crescentia Rsl. Tr. Goldkapsel";"Erbacher Siegelsberg Crescentia Rsl. Tr. Goldkapsel";"2014";"399.9";"0.75";"533.2";"White wine";"Glass";"12.5";"4.2655997"
"Vinmonopolet";"10867301";"Rauenthaler Baiken Crescentia Riesling Trocken Goldkapsel 2016";"Rauenthaler Baiken Crescentia Riesling Trocken Goldkapsel";"2016";"399.9";"0.75";"533.2";"White wine";"Glass";"12.5";"4.2655997"
"Vinmonopolet";"10867401";"Steinberger Crescentia Qba Riesling Trocken Goldkapsel 2016";"Steinberger Crescentia Qba Riesling Trocken Goldkapsel";"2016";"399.9";"0.75";"533.2";"White wine";"Glass";"12.5";"4.2655997"
"Vinmonopolet";"10867601";"Terenzi Purosangue 2015";"Terenzi Purosangue";"2015";"332.8";"0.75";"443.73";"RÃ¸dvin";"Glass";"14";"3.1695237"
"Vinmonopolet";"10867701";"Terre Stregate Trama Falanghina 2018";"Terre Stregate Trama Falanghina";"2018";"209.3";"0.75";"279.07";"White wine";"Glass";"13";"2.1466668"
"Vinmonopolet";"10867801";"Terre Stregate Manent Aglianico 2017";"Terre Stregate Manent Aglianico";"2017";"215.9";"0.75";"287.87";"RÃ¸dvin";"Glass";"14";"2.0561905"
"Vinmonopolet";"10867901";"Akevitt Spesial";"Akevitt Spesial";"0";"444.9";"1";"444.9";"Aquavit";"Plast";"40";"1.11225"
"Vinmonopolet";"10868001";"Gran Passione Rosato 2018";"Gran Passione Rosato";"2018";"139.9";"0.75";"186.53";"RosÃ©vin";"Glass";"12.5";"1.4922667"
"Vinmonopolet";"10868101";"Cornelissen Susucaru Rosso 2018";"Cornelissen Susucaru Rosso";"2018";"289.9";"0.75";"386.53";"RÃ¸dvin";"Glass";"14.5";"2.6657472"
"Vinmonopolet";"10868105";"Cornelissen Susucaru Rosso 2018";"Cornelissen Susucaru Rosso";"2018";"589.9";"1.5";"393.27";"RÃ¸dvin";"Glass";"14.5";"2.712184"
"Vinmonopolet";"10868201";"Cornelissen Munjebel Rosso 2018";"Cornelissen Munjebel Rosso";"2018";"389.8";"0.75";"519.73";"RÃ¸dvin";"Glass";"15";"3.4648888"
"Vinmonopolet";"10868205";"Cornelissen Munjebel Rosso 2018";"Cornelissen Munjebel Rosso";"2018";"865";"1.5";"576.67";"RÃ¸dvin";"Glass";"15";"3.8444445"
"Vinmonopolet";"10868305";"Cornelissen Munjebel VA Rosso 2016";"Cornelissen Munjebel VA Rosso";"2016";"1300";"1.5";"866.67";"RÃ¸dvin";"Glass";"14.5";"5.9770117"
"Vinmonopolet";"10868307";"Cornelissen Munjebel VA Rosso 2016";"Cornelissen Munjebel VA Rosso";"2016";"2790";"3";"930";"RÃ¸dvin";"Glass";"14.5";"6.413793"
"Vinmonopolet";"10868401";"Cornelissen Munjebel CR Rosso 2016";"Cornelissen Munjebel CR Rosso";"2016";"569.9";"0.75";"759.87";"RÃ¸dvin";"Glass";"15";"5.065778"
"Vinmonopolet";"10868405";"Cornelissen Munjebel CR Rosso 2016";"Cornelissen Munjebel CR Rosso";"2016";"1265";"1.5";"843.33";"RÃ¸dvin";"Glass";"15";"5.6222224"
"Vinmonopolet";"10868501";"Cornelissen Munjebel CS Rosso 2016";"Cornelissen Munjebel CS Rosso";"2016";"569.9";"0.75";"759.87";"RÃ¸dvin";"Glass";"15";"5.065778"
"Vinmonopolet";"10868505";"Cornelissen Munjebel CS Rosso 2016";"Cornelissen Munjebel CS Rosso";"2016";"1265";"1.5";"843.33";"RÃ¸dvin";"Glass";"15";"5.6222224"
"Vinmonopolet";"10868507";"Cornelissen Munjebel CS Rosso 2016";"Cornelissen Munjebel CS Rosso";"2016";"2790";"3";"930";"RÃ¸dvin";"Glass";"15";"6.2"
"Vinmonopolet";"10868601";"Cornelissen Munjebel FM Rosso 2016";"Cornelissen Munjebel FM Rosso";"2016";"559.9";"0.75";"746.53";"RÃ¸dvin";"Glass";"15";"4.976889"
"Vinmonopolet";"10868605";"Cornelissen Munjebel FM Rosso 2016";"Cornelissen Munjebel FM Rosso";"2016";"1265";"1.5";"843.33";"RÃ¸dvin";"Glass";"15";"5.6222224"
"Vinmonopolet";"10868705";"Cornelissen Munjebel PA Rosso 2016";"Cornelissen Munjebel PA Rosso";"2016";"1300";"1.5";"866.67";"RÃ¸dvin";"Glass";"15";"5.7777777"
"Vinmonopolet";"10868801";"Cornelissen Munjebel MC Rosso 2016";"Cornelissen Munjebel MC Rosso";"2016";"559.9";"0.75";"746.53";"RÃ¸dvin";"Glass";"15";"4.976889"
"Vinmonopolet";"10868805";"Cornelissen Munjebel MC Rosso 2016";"Cornelissen Munjebel MC Rosso";"2016";"1300";"1.5";"866.67";"RÃ¸dvin";"Glass";"15";"5.7777777"
"Vinmonopolet";"10868901";"Cornelissen Magma 2016";"Cornelissen Magma";"2016";"1590";"0.75";"2120";"RÃ¸dvin";"Glass";"15";"14.133333"
"Vinmonopolet";"10868905";"Cornelissen Magma 2016";"Cornelissen Magma";"2016";"3600";"1.5";"2400";"RÃ¸dvin";"Glass";"15";"16"
"Vinmonopolet";"10868907";"Cornelissen Magma 2016";"Cornelissen Magma";"2016";"9300";"3";"3100";"RÃ¸dvin";"Glass";"15";"20.666666"
"Vinmonopolet";"10869001";"Foradori Teroldego Sgarzon Cilindrica";"Foradori Teroldego Sgarzon Cilindrica";"2016";"439.9";"0.75";"586.53";"RÃ¸dvin";"Glass";"12.5";"4.6922665"
"Vinmonopolet";"10869101";"Foradori Teroldego Morei Cilindrica";"Foradori Teroldego Morei Cilindrica";"2016";"439.9";"0.75";"586.53";"RÃ¸dvin";"Glass";"12.5";"4.6922665"
"Vinmonopolet";"10869206";"Castell d'Age Fragments";"Castell d'Age Fragments";"2018";"499.9";"3";"166.63";"White wine";"Bag-in-box";"12.5";"1.3330667"
"Vinmonopolet";"10869301";"Ron Cristoba Nina";"Ron Cristoba Nina";"0";"554.4";"0.7";"792";"Rum";"Glass";"40";"1.9800001"
"Vinmonopolet";"10869401";"Skinny Red";"Skinny Red";"0";"109.7";"0.75";"146.27";"RÃ¸dvin";"Glass";"8.5";"1.7207843"
"Vinmonopolet";"10869501";"Skinny White";"Skinny White";"0";"109.7";"0.75";"146.27";"White wine";"Glass";"8.5";"1.7207843"
"Vinmonopolet";"10869601";"Green Spot Whiskey";"Green Spot Whiskey";"0";"555";"0.7";"792.86";"Whisky";"Glass";"40";"1.9821429"
"Vinmonopolet";"10869701";"Oreste Buzio Grignolino del Monferrato Casalese 2019";"Oreste Buzio Grignolino del Monferrato Casalese";"2019";"179.9";"0.75";"239.87";"RÃ¸dvin";"Glass";"13";"1.8451282"
"Vinmonopolet";"10869802";"Sagene GÃ¥rdsÃ¸l med kveik";"Sagene GÃ¥rdsÃ¸l med kveik";"0";"66.6";"0.33";"201.82";"Saison farmhouse ale";"Glass";"7.5";"2.690909"
"Vinmonopolet";"10870202";"Maddam Clovis & FranÃ§ois Triple";"Maddam Clovis & FranÃ§ois Triple";"0";"99.9";"0.5";"199.8";"Trappist";"Glass";"7.5";"2.664"
"Vinmonopolet";"10870302";"Maddam Porte Romane Blonde";"Maddam Porte Romane Blonde";"0";"64.5";"0.33";"195.46";"Light ale";"Glass";"5.5";"3.5537188"
"Vinmonopolet";"10870401";"Morize RosÃ© des Riceys";"Morize RosÃ© des Riceys";"2014";"299.4";"0.75";"399.2";"RosÃ©vin";"Glass";"12";"3.3266666"
"Vinmonopolet";"10870501";"Flagstone Poetry Chardonnay";"Flagstone Poetry Chardonnay";"2018";"129.9";"0.75";"173.2";"White wine";"Glass";"13";"1.3323076"
"Vinmonopolet";"10870602";"Carbonite";"Carbonite";"0";"175.9";"0.33";"533.03";"Special";"Glass";"17";"3.135472"
"Vinmonopolet";"10870702";"SchÃ¤tzel Pink.nett 2018";"SchÃ¤tzel Pink.nett";"2018";"96.2";"0.33";"291.52";"Special";"Glass";"4.9";"5.9492884"
"Vinmonopolet";"10870806";"Lupi Reali Trebbiano dÂ´Abruzzo";"Lupi Reali Trebbiano dÂ´Abruzzo";"2018";"429.9";"3";"143.3";"White wine";"Bag-in-box";"12";"1.1941667"
"Vinmonopolet";"10870901";"La Terre de mon PÃ¨re 2015";"La Terre de mon PÃ¨re";"2015";"388.9";"0.75";"518.53";"RÃ¸dvin";"Glass";"14";"3.7038095"
"Vinmonopolet";"10871001";"Julien Merle Champ Blancs 2016";"Julien Merle Champ Blancs";"2016";"239";"0.75";"318.67";"RÃ¸dvin";"Glass";"12.5";"2.5493333"
"Vinmonopolet";"10871101";"Julien Merle Bord d'aile Merle";"Julien Merle Bord d'aile Merle";"2018";"249";"0.75";"332";"RÃ¸dvin";"Glass";"12.5";"2.656"
"Vinmonopolet";"10871201";"Grange aux Belles Chausse Rouge 2018";"Grange aux Belles Chausse Rouge";"2018";"219";"0.75";"292";"RÃ¸dvin";"Glass";"13";"2.2461538"
"Vinmonopolet";"10871301";"La Grange aux Belles Fragile 2017";"La Grange aux Belles Fragile";"2017";"279";"0.75";"372";"White wine";"Glass";"13";"2.8615384"
"Vinmonopolet";"10871401";"Grange aux Belles Brise d'Aunis 2018";"Grange aux Belles Brise d'Aunis";"2018";"265";"1";"265";"RÃ¸dvin";"Glass";"12";"2.2083333"
"Vinmonopolet";"10871508";"Dark Mark (10x2cl)";"Dark Mark (10x2cl)";"0";"129.9";"0.2";"649.5";"Other spirit";"Ãvrig";"15";"4.33"
"Vinmonopolet";"10871602";"Dark Mark";"Dark Mark";"0";"154.9";"0.5";"309.8";"Other spirit";"Plast";"16";"1.93625"
"Vinmonopolet";"10871702";"Red Mark Strawberry Sour Shot";"Red Mark Strawberry Sour Shot";"0";"154.9";"0.5";"309.8";"Other spirit";"Plast";"16.4";"1.8890244"
"Vinmonopolet";"10871802";"Green Mark Green Apple Sour Shot";"Green Mark Green Apple Sour Shot";"0";"159.9";"0.5";"319.8";"Other spirit";"Plast";"16.4";"1.9499999"
"Vinmonopolet";"10871901";"Plaimont RosÃ© d'Enfer";"Plaimont RosÃ© d'Enfer";"2018";"149.9";"0.75";"199.87";"RosÃ©vin";"Glass";"12";"1.6655555"
"Vinmonopolet";"10872001";"Framingham Nobody's Hero Sauvignon Blanc 2018";"Framingham Nobody's Hero Sauvignon Blanc";"2018";"159.9";"0.75";"213.2";"White wine";"Glass";"13";"1.64"
"Vinmonopolet";"10872101";"Soumah Chardonnay 2017";"Soumah Chardonnay";"2017";"264.9";"0.75";"353.2";"White wine";"Glass";"12.8";"2.7593749"
"Vinmonopolet";"10872201";"Pugibet Cabernet Blanc";"Pugibet Cabernet Blanc";"2018";"155";"0.75";"206.67";"White wine";"Glass";"11.5";"1.7971015"
"Vinmonopolet";"10872301";"Fjor'n Cognac XO Jubileum";"Fjor'n Cognac XO Jubileum";"0";"799";"0.7";"1141.43";"Grape spirit";"Glass";"43";"2.654485"
"Vinmonopolet";"10872407";"Carlsberg Pilsner";"Carlsberg Pilsner";"0";"399.4";"3";"133.13";"Light lager";"Glass";"5";"2.6626666"
"Vinmonopolet";"10872602";"Kongsberg Akevitten";"Kongsberg Akevitten";"2019";"364.9";"0.5";"729.8";"Aquavit";"Glass";"40";"1.8245"
"Vinmonopolet";"10872702";"Lambrate x Ãlkymisten TiramisÃ¹ Imperial Stout";"Lambrate x Ãlkymisten TiramisÃ¹ Imperial Stout";"0";"94.8";"0.33";"287.27";"Porter and stout";"Glass";"11.5";"2.4980237"
"Vinmonopolet";"10873401";"Birra del Borgo L'Equilibrista";"Birra del Borgo L'Equilibrista";"0";"199.9";"0.75";"266.53";"SurÃ¸l";"Glass";"10.9";"2.44526"
"Vinmonopolet";"10873501";"Burning Sky Imperial Stout";"Burning Sky Imperial Stout";"0";"219.9";"0.75";"293.2";"Porter and stout";"Glass";"8.5";"3.4494116"
"Vinmonopolet";"10873801";"Dom. du Pavillon Meursault 2016";"Dom. du Pavillon Meursault";"2016";"539.9";"0.75";"719.87";"White wine";"Glass";"13";"5.537436"
"Vinmonopolet";"10873901";"Ch. Rioublanc CrÃ©mant de Bordeaux Brut Nature";"Ch. Rioublanc CrÃ©mant de Bordeaux Brut Nature";"0";"209.9";"0.75";"279.87";"Sparkling wine";"Glass";"12.5";"2.2389333"
"Vinmonopolet";"10874001";"Philippe Gilbert Mentou-Salon Blanc";"Philippe Gilbert Mentou-Salon Blanc";"2017";"239.9";"0.75";"319.87";"White wine";"Glass";"13";"2.4605129"
"Vinmonopolet";"10874101";"Philippe Gilbert Menetou-Salon Rouge 2017";"Philippe Gilbert Menetou-Salon Rouge";"2017";"254.9";"0.75";"339.87";"RÃ¸dvin";"Glass";"12.5";"2.7189333"
"Vinmonopolet";"10874201";"Philippe Gilbert Menetou-Salon Hors SÃ©rie 2017";"Philippe Gilbert Menetou-Salon Hors SÃ©rie";"2017";"289.9";"0.75";"386.53";"RÃ¸dvin";"Glass";"12.5";"3.0922666"
"Vinmonopolet";"10874401";"Pedro del Castillo White Blend";"Pedro del Castillo White Blend";"2018";"139.9";"0.75";"186.53";"White wine";"Glass";"13";"1.4348717"
"Vinmonopolet";"10874501";"Josmeyer Peau Rouge Sylvaner 2018";"Josmeyer Peau Rouge Sylvaner";"2018";"219.9";"0.75";"293.2";"White wine";"Glass";"12.5";"2.3456"
"Vinmonopolet";"10874601";"M. Lapierre Raisins Gaulois 2019";"M. Lapierre Raisins Gaulois";"2019";"187.9";"0.75";"250.53";"RÃ¸dvin";"Glass";"12.5";"2.0042665"
"Vinmonopolet";"10874801";"Curtet Autrement Rouge 2017";"Curtet Autrement Rouge";"2017";"284.9";"0.75";"379.87";"RÃ¸dvin";"Glass";"12";"3.1655555"
"Vinmonopolet";"10874901";"Curtet Mondeuse Rouge 2017";"Curtet Mondeuse Rouge";"2017";"359.9";"0.75";"479.87";"RÃ¸dvin";"Glass";"10";"4.7986665"
"Vinmonopolet";"10875201";"Dom. de Sulauze Super Schluck 2019";"Dom. de Sulauze Super Schluck";"2019";"189.9";"0.75";"253.2";"White wine";"Glass";"12";"2.11"
"Vinmonopolet";"10875301";"Dom de Sulauze CharbonniÃ¨res 2018";"Dom de Sulauze CharbonniÃ¨res";"2018";"226.9";"0.75";"302.53";"RÃ¸dvin";"Glass";"12.5";"2.4202666"
"Vinmonopolet";"10875401";"Sainte Croix Carignan 2016";"Sainte Croix Carignan";"2016";"289.9";"0.75";"386.53";"RÃ¸dvin";"Glass";"14";"2.7609522"
"Vinmonopolet";"10875501";"Sainte Croix Rosace des Vents RosÃ© 2018";"Sainte Croix Rosace des Vents RosÃ©";"2018";"209.9";"0.75";"279.87";"RosÃ©vin";"Glass";"13";"2.1528203"
"Vinmonopolet";"10875601";"K. Descombes Beaujolais CuvÃ©e KÃ©kÃ© 2018";"K. Descombes Beaujolais CuvÃ©e KÃ©kÃ©";"2018";"219.9";"0.75";"293.2";"RÃ¸dvin";"Glass";"12.5";"2.3456"
"Vinmonopolet";"10875701";"K. Descombes Beaujolais Villages 2016";"K. Descombes Beaujolais Villages";"2016";"236.9";"0.75";"315.87";"RÃ¸dvin";"Glass";"12.5";"2.5269332"
"Vinmonopolet";"10875801";"K. Descombes Morgon 2017";"K. Descombes Morgon";"2017";"246.9";"0.75";"329.2";"RÃ¸dvin";"Glass";"12.5";"2.6336"
"Vinmonopolet";"10875901";"K. Descombes Morgon Vieilles Vignes 2016";"K. Descombes Morgon Vieilles Vignes";"2016";"292.9";"0.75";"390.53";"RÃ¸dvin";"Glass";"13";"3.0041025"
"Vinmonopolet";"10876001";"J. Haart Mosel Riesling 2019";"J. Haart Mosel Riesling";"2019";"215.9";"0.75";"287.87";"White wine";"Glass";"11.5";"2.5031884"
"Vinmonopolet";"10876101";"Dom. David-BeaupÃ¨re Beaujolais-Villages 2018";"Dom. David-BeaupÃ¨re Beaujolais-Villages";"2018";"219.9";"0.75";"293.2";"RÃ¸dvin";"Glass";"12.5";"2.3456"
"Vinmonopolet";"10876201";"Guy Breton Chiroubles 2018";"Guy Breton Chiroubles";"2018";"289.9";"0.75";"386.53";"RÃ¸dvin";"Glass";"12.5";"3.0922666"
"Vinmonopolet";"10876301";"Shelly Bay Chardonnay 2018";"Shelly Bay Chardonnay";"2018";"229.9";"0.75";"306.53";"White wine";"Glass";"13.5";"2.2706172"
"Vinmonopolet";"10876602";"NÃ¸isom - HÃ¥ndverkspils";"NÃ¸isom - HÃ¥ndverkspils";"0";"55.3";"0.5";"110.6";"Light lager";"Glass";"6.8";"1.6264706"
"Vinmonopolet";"10876701";"Studio by Miraval 2019";"Studio by Miraval";"2019";"189.9";"0.75";"253.2";"RosÃ©vin";"Glass";"13";"1.9476923"
"Vinmonopolet";"10876801";"Boeckel Vin non FiltrÃ© Pinot Blanc 2018";"Boeckel Vin non FiltrÃ© Pinot Blanc";"2018";"222";"0.75";"296";"White wine";"Glass";"12";"2.4666667"
"Vinmonopolet";"10876901";"LÃ©on Heitzmann Alsace Riesling 2018";"LÃ©on Heitzmann Alsace Riesling";"2018";"169.9";"0.75";"226.53";"White wine";"Glass";"12";"1.8877777"
"Vinmonopolet";"10877001";"Dom. La Croix des Marchands MÃ©thode Ancestrale Brut";"Dom. La Croix des Marchands MÃ©thode Ancestrale Brut";"2019";"169.9";"0.75";"226.53";"Sparkling wine";"Glass";"10.5";"2.1574602"
"Vinmonopolet";"10877202";"California Cider Company Ace Pineapple Cider";"California Cider Company Ace Pineapple Cider";"0";"49.9";"0.35";"140.56";"Cider";"Glass";"5";"2.8514287"
"Vinmonopolet";"10877301";"Framingham Nobody's Hero Pinot Noir 2018";"Framingham Nobody's Hero Pinot Noir";"2018";"200";"0.75";"266.67";"RÃ¸dvin";"Glass";"13";"2.0512822"
"Vinmonopolet";"10877501";"Azevedo Alvarinho Reserva 2019";"Azevedo Alvarinho Reserva";"2019";"149.9";"0.75";"199.87";"White wine";"Glass";"12";"1.6655555"
"Vinmonopolet";"10877602";"Bottega Limoncino Bio";"Bottega Limoncino Bio";"0";"259.9";"0.5";"519.8";"LikÃ¸r";"Glass";"30";"1.7326666"
"Vinmonopolet";"10877701";"Bryggerhuset Brut IPA #01";"Bryggerhuset Brut IPA #01";"0";"144.8";"0.75";"193.07";"India pale ale";"Glass";"8.5";"2.2713726"
"Vinmonopolet";"10877906";"Lindeman's RosÃ© 2018";"Lindeman's RosÃ©";"2018";"359.9";"3";"119.97";"RosÃ©vin";"Bag-in-box";"11";"1.0906061"
"Vinmonopolet";"10878101";"Tropica Moscow Mule";"Tropica Moscow Mule";"0";"98";"0.75";"130.67";"Fruit wine";"Glass";"7";"1.8666667"
"Vinmonopolet";"10878401";"Berne Romance 2018";"Berne Romance";"2018";"175";"0.75";"233.33";"RosÃ©vin";"Glass";"12.5";"1.8666667"
"Vinmonopolet";"10878501";"Antoniolo Bricco Lorella 2018";"Antoniolo Bricco Lorella";"2018";"189";"0.75";"252";"RosÃ©vin";"Glass";"13";"1.9384615"
"Vinmonopolet";"10878602";"Bivrost Midsumarblot";"Bivrost Midsumarblot";"0";"399";"0.5";"798";"Aquavit";"Glass";"40";"1.995"
"Vinmonopolet";"10878701";"Dom. Hatzimichalis Assyrtiko Sauvignon Blanc 2018";"Dom. Hatzimichalis Assyrtiko Sauvignon Blanc";"2018";"199.9";"0.75";"266.53";"White wine";"Glass";"13.5";"1.9743209"
"Vinmonopolet";"10878801";"Faiveley Meursault 2016";"Faiveley Meursault";"2016";"489.9";"0.75";"653.2";"White wine";"Glass";"13";"5.0246153"
"Vinmonopolet";"10878902";"Koskenkorva Salmiakki 32%";"Koskenkorva Salmiakki 32%";"0";"229.9";"0.5";"459.8";"LikÃ¸r";"Glass";"32";"1.436875"
"Vinmonopolet";"10879001";"Portia Verdejo 2018";"Portia Verdejo";"2018";"164.9";"0.75";"219.87";"White wine";"Glass";"13.5";"1.628642"
"Vinmonopolet";"10879101";"Marrone Langhe Roero Arneis Tre Fie 2018";"Marrone Langhe Roero Arneis Tre Fie";"2018";"217.9";"0.75";"290.53";"White wine";"Glass";"14";"2.075238"
"Vinmonopolet";"10879201";"Pasqua Nero d'Avola Shiraz 2019";"Pasqua Nero d'Avola Shiraz";"2019";"124.9";"0.75";"166.53";"RÃ¸dvin";"Glass";"13";"1.2810256"
"Vinmonopolet";"10879401";"Tzora Vineyards Judean Hills";"Tzora Vineyards Judean Hills";"2018";"339";"0.75";"452";"RÃ¸dvin";"Glass";"14.5";"3.1172414"
"Vinmonopolet";"10879501";"Tzora Vineyards Judean Hills 2017";"Tzora Vineyards Judean Hills";"2017";"339";"0.75";"452";"White wine";"Glass";"13.5";"3.348148"
"Vinmonopolet";"10879601";"Tzora Vineyards Shoresh 2018";"Tzora Vineyards Shoresh";"2018";"389";"0.75";"518.67";"RÃ¸dvin";"Glass";"14.5";"3.5770116"
"Vinmonopolet";"10879701";"Montelobos Mezcal Joven";"Montelobos Mezcal Joven";"0";"649.9";"0.7";"928.43";"Fruit spirit";"Glass";"43.2";"2.1491404"
"Vinmonopolet";"10879801";"Glendronach Revival 15 YO";"Glendronach Revival 15 YO";"0";"979.9";"0.7";"1399.86";"Whisky";"Glass";"46";"3.0431678"
"Vinmonopolet";"10879901";"Heyl zu Herrnsheim Hipping Riesling GL 2013";"Heyl zu Herrnsheim Hipping Riesling GL";"2013";"298.9";"0.75";"398.53";"White wine";"Glass";"11.5";"3.4655073"
"Vinmonopolet";"10880001";"Heyl zu Herrnsheim Nierstein Pettenthal Riesling GL 2014";"Heyl zu Herrnsheim Nierstein Pettenthal Riesling GL";"2014";"348.9";"0.75";"465.2";"White wine";"Glass";"12";"3.8766665"
"Vinmonopolet";"10887501";"Chavet Sancerre CuvÃ©e Saint-CÃ¨re Rouge 2017";"Chavet Sancerre CuvÃ©e Saint-CÃ¨re Rouge";"2017";"269.9";"0.75";"359.87";"RÃ¸dvin";"Glass";"13";"2.7682052"
"Vinmonopolet";"10887602";"Jikiun Psaki Classic IPA";"Jikiun Psaki Classic IPA";"0";"66.9";"0.33";"196.67";"India pale ale";"Emballasje med pant";"7.5";"2.7030303"
"Vinmonopolet";"10887701";"Ottosoldi Gavi 2018";"Ottosoldi Gavi";"2018";"159.9";"0.75";"213.2";"White wine";"Glass";"12.5";"1.7055999"
"Vinmonopolet";"10887802";"Haandbryggeriet Good Ole lager";"Haandbryggeriet Good Ole lager";"0";"40.1";"0.33";"115.46";"Light lager";"Emballasje med pant";"5.5";"2.2093663"
"Vinmonopolet";"10888001";"Lucien Collard Bouzy Grand Cru Brut 2012";"Lucien Collard Bouzy Grand Cru Brut";"2012";"498";"0.75";"664";"Champagne, brut";"Glass";"12";"5.5333333"
"Vinmonopolet";"10888201";"Bollicina Prosecco ICE Demi Sec";"Bollicina Prosecco ICE Demi Sec";"0";"121.9";"0.75";"162.53";"Sparkling wine";"Glass";"10";"1.6253333"
"Vinmonopolet";"10888301";"Tramontino Lambrusco di Sorbara Rosato Frizzante 2019";"Tramontino Lambrusco di Sorbara Rosato Frizzante";"2019";"135.9";"0.75";"181.2";"Perlende vin, rosÃ©";"Glass";"10.5";"1.7257142"
"Vinmonopolet";"10888401";"Fabien Trosset Avalanche Mondeuse Arbin 2018";"Fabien Trosset Avalanche Mondeuse Arbin";"2018";"189.9";"0.75";"253.2";"RÃ¸dvin";"Glass";"12";"2.11"
"Vinmonopolet";"10888501";"Delamotte Blanc de Blancs 2008";"Delamotte Blanc de Blancs";"2008";"599.8";"0.75";"799.73";"Champagne, brut";"Glass";"12";"6.6644444"
"Vinmonopolet";"10888606";"La Falaise Blanche Chardonnay 2019";"La Falaise Blanche Chardonnay";"2019";"429.9";"3";"143.3";"White wine";"Bag-in-box";"13";"1.1023077"
"Vinmonopolet";"10888701";"Evening Land Seven Springs Summum Chardonnay";"Evening Land Seven Springs Summum Chardonnay";"2017";"819.9";"0.75";"1093.2";"White wine";"Glass";"13";"8.409231"
"Vinmonopolet";"10888801";"Exhib Cotes De Thau Cap d'Agde 2018";"Exhib Cotes De Thau Cap d'Agde";"2018";"144.9";"0.75";"193.2";"RosÃ©vin";"Glass";"13";"1.4861538"
"Vinmonopolet";"10888901";"Evening Land Seven Springs La Source Chardonnay";"Evening Land Seven Springs La Source Chardonnay";"2017";"699.9";"0.75";"933.2";"White wine";"Glass";"13";"7.1784616"
"Vinmonopolet";"10889001";"Evening Land Seven Springs La Source Pinot Noir";"Evening Land Seven Springs La Source Pinot Noir";"2016";"699.9";"0.75";"933.2";"RÃ¸dvin";"Glass";"13.5";"6.912593"
"Vinmonopolet";"10889101";"Evening Land Seven Springs Chardonnay";"Evening Land Seven Springs Chardonnay";"2017";"419.9";"0.75";"559.87";"White wine";"Glass";"13";"4.3066664"
"Vinmonopolet";"10889206";"MÃ¼stique Riesling";"MÃ¼stique Riesling";"2018";"189.9";"1.5";"126.6";"White wine";"Pouch";"8.5";"1.4894117"
"Vinmonopolet";"10889301";"Roku Gin";"Roku Gin";"0";"449.9";"0.7";"642.71";"Gin";"Glass";"43";"1.4946843"
"Vinmonopolet";"10889401";"Rappenhof Riesling alte Reben trocken 2018";"Rappenhof Riesling alte Reben trocken";"2018";"169.9";"0.75";"226.53";"White wine";"Glass";"12.5";"1.8122666"
"Vinmonopolet";"10889501";"Maufoux Santenay 1er Cru Les GraviÃ¨res Rouge";"Maufoux Santenay 1er Cru Les GraviÃ¨res Rouge";"2016";"489.9";"0.75";"653.2";"RÃ¸dvin";"Glass";"13";"5.0246153"
"Vinmonopolet";"10889601";"Prosper Maufoux Bourgogne Hautes Cotes de Nuits Chardonnay";"Prosper Maufoux Bourgogne Hautes Cotes de Nuits Chardonnay";"2016";"249.9";"0.75";"333.2";"White wine";"Glass";"12.5";"2.6655998"
"Vinmonopolet";"10889801";"Amundsen Expedition Klar Vinter";"Amundsen Expedition Klar Vinter";"0";"304.2";"0.7";"430.29";"Aquavit";"Emballasje med pant";"37.5";"1.1588572"
"Vinmonopolet";"10889901";"Ghostwriter Santa Cruz County Pinot Noir 2016";"Ghostwriter Santa Cruz County Pinot Noir";"2016";"339.9";"0.75";"453.2";"RÃ¸dvin";"Glass";"12.9";"3.5131783"
"Vinmonopolet";"10890101";"Pizzorni Sognorosso Brachetto dÂ´Acqui";"Pizzorni Sognorosso Brachetto dÂ´Acqui";"2019";"149.9";"0.75";"199.87";"Perlende vin, rÃ¸d";"Glass";"6";"3.331111"
"Vinmonopolet";"10890201";"Camp Cabernet Sauvignon 2018";"Camp Cabernet Sauvignon";"2018";"249.9";"0.75";"333.2";"RÃ¸dvin";"Glass";"13.2";"2.5242424"
"Vinmonopolet";"10890404";"Riesling to go";"Riesling to go";"2018";"47";"0.25";"180";"White wine";"Emballasje med pant";"11.5";"1.6347826"
"Vinmonopolet";"10890501";"Langmann Schilcher Klassik 2019";"Langmann Schilcher Klassik";"2019";"146.9";"0.75";"195.87";"RosÃ©vin";"Glass";"11.5";"1.7031883"
"Vinmonopolet";"10890601";"Domaine Jean Charles Girard Madoux Mondeuse 2017";"Domaine Jean Charles Girard Madoux Mondeuse";"2017";"179.9";"0.75";"239.87";"RÃ¸dvin";"Glass";"11.5";"2.085797"
"Vinmonopolet";"10891201";"Kutch Sonoma County Pinot Noir 2018";"Kutch Sonoma County Pinot Noir";"2018";"349";"0.75";"465.33";"RÃ¸dvin";"Glass";"13.5";"3.4469135"
"Vinmonopolet";"10891301";"Johan Vineyard Visdom Chardonnay 2016";"Johan Vineyard Visdom Chardonnay";"2016";"384";"0.75";"512";"White wine";"Glass";"13.2";"3.878788"
"Vinmonopolet";"10891501";"Johan Vineyard Farmlands Pinot Noir 2018";"Johan Vineyard Farmlands Pinot Noir";"2018";"299.9";"0.75";"399.87";"RÃ¸dvin";"Glass";"13.5";"2.9619753"
"Vinmonopolet";"10891601";"L'archiviste Rivesaltes 1973";"L'archiviste Rivesaltes";"1973";"799";"0.75";"1065.33";"Fortified wine";"Glass";"17";"6.266667"
"Vinmonopolet";"10891701";"L'archiviste Maury 1987";"L'archiviste Maury";"1987";"649";"0.75";"865.33";"Fortified wine";"Glass";"16";"5.4083333"
"Vinmonopolet";"10891801";"Cirelli Wines of the Anarchy Vino Bianco Frizzante 2017";"Cirelli Wines of the Anarchy Vino Bianco Frizzante";"2017";"219";"0.75";"292";"Sparkling white wine";"Glass";"12";"2.4333334"
"Vinmonopolet";"10891901";"Cirelli Trebbiano d'Abruzzo Anfora 2017";"Cirelli Trebbiano d'Abruzzo Anfora";"2017";"299";"0.75";"398.67";"White wine";"Glass";"13";"3.0666666"
"Vinmonopolet";"10892101";"Calvente Guindalera Mountain Wine 2017";"Calvente Guindalera Mountain Wine";"2017";"227.6";"0.75";"303.47";"White wine";"Glass";"13";"2.334359"
"Vinmonopolet";"10892201";"Calvente Guindalera Mountain Wine Ecological 2017";"Calvente Guindalera Mountain Wine Ecological";"2017";"243.9";"0.75";"325.2";"White wine";"Glass";"13";"2.5015385"
"Vinmonopolet";"10892301";"Pearse Lyons 7 YO Irish Blend";"Pearse Lyons 7 YO Irish Blend";"0";"719.9";"0.7";"1028.43";"Whisky";"Glass";"43";"2.3916945"
"Vinmonopolet";"10892401";"Pearse Lyons 5 YO Blend";"Pearse Lyons 5 YO Blend";"0";"639.9";"0.7";"914.14";"Whisky";"Glass";"43";"2.1259136"
"Vinmonopolet";"10892501";"Pearse Lyons 12 YO Irish Single Malt";"Pearse Lyons 12 YO Irish Single Malt";"0";"819.9";"0.7";"1171.29";"Whisky";"Glass";"43";"2.7239203"
"Vinmonopolet";"10892601";"Ha'Penny Irish Whiskey Original Blend";"Ha'Penny Irish Whiskey Original Blend";"0";"429.9";"0.7";"614.14";"Whisky";"Glass";"40";"1.5353571"
"Vinmonopolet";"10892801";"Dom. La Florane Ã Fleur de Pampre CÃ´tes du RhÃ´ne Villages Visan RosÃ© 2019";"Dom. La Florane Ã Fleur de Pampre CÃ´tes du RhÃ´ne Villages Visan RosÃ©";"2019";"174.9";"0.75";"233.2";"RosÃ©vin";"Glass";"12.5";"1.8656"
"Vinmonopolet";"10893201";"Fisher Wine Chardonnay 2018";"Fisher Wine Chardonnay";"2018";"139.9";"0.75";"186.53";"White wine";"Glass";"13";"1.4348717"
"Vinmonopolet";"10893301";"CuvÃ©e Dissenay Pinot Noir 2018";"CuvÃ©e Dissenay Pinot Noir";"2018";"139.9";"0.75";"186.53";"RÃ¸dvin";"Glass";"13";"1.4348717"
"Vinmonopolet";"10893401";"Chocolate Moose Carignan 2018";"Chocolate Moose Carignan";"2018";"134.9";"0.75";"179.87";"RÃ¸dvin";"Glass";"12.5";"1.4389333"
"Vinmonopolet";"10893501";"Albert Grivault Meursault 1er Cru Clos des Perrieres 2016";"Albert Grivault Meursault 1er Cru Clos des Perrieres";"2016";"1449.9";"0.75";"1933.2";"White wine";"Glass";"13";"14.8707695"
"Vinmonopolet";"10893601";"Albert Grivault Meursault 1er Cru Perrieres 2016";"Albert Grivault Meursault 1er Cru Perrieres";"2016";"1059.9";"0.75";"1413.2";"White wine";"Glass";"13";"10.8707695"
"Vinmonopolet";"10893701";"Albert Grivault Bourgogne Clos du Murger 2017";"Albert Grivault Bourgogne Clos du Murger";"2017";"449.9";"0.75";"599.87";"White wine";"Glass";"12.5";"4.7989335"
"Vinmonopolet";"10893801";"Albert Grivault Meursault Clos du Murger 2017";"Albert Grivault Meursault Clos du Murger";"2017";"649.9";"0.75";"866.53";"White wine";"Glass";"13";"6.6656413"
"Vinmonopolet";"10893901";"Albert Grivault Pommard 1er Cru Clos Blanc 2017";"Albert Grivault Pommard 1er Cru Clos Blanc";"2017";"664.9";"0.75";"886.53";"RÃ¸dvin";"Glass";"13.5";"6.5669136"
"Vinmonopolet";"10894001";"Albert Grivault Pommard 1er Cru Clos Blanc 2016";"Albert Grivault Pommard 1er Cru Clos Blanc";"2016";"639.9";"0.75";"853.2";"RÃ¸dvin";"Glass";"13";"6.563077"
"Vinmonopolet";"10894101";"Albert Grivault Meursault 1er Cru Perrieres 2015";"Albert Grivault Meursault 1er Cru Perrieres";"2015";"1059.9";"0.75";"1413.2";"White wine";"Glass";"14";"10.094286"
"Vinmonopolet";"10894205";"Nuit d'arbres RosÃ©";"Nuit d'arbres RosÃ©";"2018";"299.9";"1.5";"199.93";"RosÃ©vin";"Glass";"12.5";"1.5994667"
"Vinmonopolet";"10894301";"Albert Grivault Meursault 1er Cru Clos des Perrieres 2017";"Albert Grivault Meursault 1er Cru Clos des Perrieres";"2017";"1459.9";"0.75";"1946.53";"White wine";"Glass";"13.5";"14.418766"
"Vinmonopolet";"10894401";"Albert Grivault Meursault 1er Cru Perrieres 2017";"Albert Grivault Meursault 1er Cru Perrieres";"2017";"1059.9";"0.75";"1413.2";"White wine";"Glass";"13.5";"10.468148"
"Vinmonopolet";"10894501";"Valcendon Garnacha 2018";"Valcendon Garnacha";"2018";"189.9";"0.75";"253.2";"RÃ¸dvin";"Glass";"14";"1.8085713"
"Vinmonopolet";"10896701";"Dom. Des Grottes Un Petit Coin de Paradis PetNat";"Dom. Des Grottes Un Petit Coin de Paradis PetNat";"2018";"217.4";"0.75";"289.87";"Perlende vin, rÃ¸d";"Glass";"6";"4.831111"
"Vinmonopolet";"10896801";"Dom. de Grottes L'Epaisseur du Moment PrÃ©sent";"Dom. de Grottes L'Epaisseur du Moment PrÃ©sent";"2018";"262.3";"0.75";"349.73";"RÃ¸dvin";"Glass";"12";"2.9144442"
"Vinmonopolet";"10896901";"Pugibet Cabernet Noir";"Pugibet Cabernet Noir";"2018";"159";"0.75";"212";"RÃ¸dvin";"Glass";"12.5";"1.696"
"Vinmonopolet";"10897001";"Recanati Carignan Reserve";"Recanati Carignan Reserve";"2016";"319";"0.75";"425.33";"RÃ¸dvin";"Glass";"14";"3.0380952"
"Vinmonopolet";"10897101";"Recanati Special Reserve";"Recanati Special Reserve";"2017";"333";"0.75";"444";"White wine";"Glass";"12.5";"3.552"
"Vinmonopolet";"10897201";"Byron Kosuge Wines Carneros Gamay Noir 2017";"Byron Kosuge Wines Carneros Gamay Noir";"2017";"324";"0.75";"432";"RÃ¸dvin";"Glass";"13";"3.323077"
"Vinmonopolet";"10897306";"Hans Baer Dry Riesling 2018";"Hans Baer Dry Riesling";"2018";"219.9";"1.5";"146.6";"White wine";"Pouch";"12";"1.2216666"
"Vinmonopolet";"10897401";"Ortal Sauvignon Blanc 2018";"Ortal Sauvignon Blanc";"2018";"299";"0.75";"398.67";"White wine";"Glass";"13.5";"2.9530864"
"Vinmonopolet";"10897501";"Ortal Cabernet Franc";"Ortal Cabernet Franc";"2017";"349";"0.75";"465.33";"RÃ¸dvin";"Glass";"14";"3.3238096"
"Vinmonopolet";"10897601";"Piedrasassi Bien Nacido Syrah 2016";"Piedrasassi Bien Nacido Syrah";"2016";"469.9";"0.75";"626.53";"RÃ¸dvin";"Glass";"13";"4.819487"
"Vinmonopolet";"10897701";"Piedrasassi PS Santa Barbara County Syrah 2018";"Piedrasassi PS Santa Barbara County Syrah";"2018";"279.9";"0.75";"373.2";"RÃ¸dvin";"Glass";"13.5";"2.7644444"
"Vinmonopolet";"10897801";"Fusser Deidesheimer SpÃ¤tburgunder 2017";"Fusser Deidesheimer SpÃ¤tburgunder";"2017";"269.9";"0.75";"359.87";"RÃ¸dvin";"Glass";"13";"2.7682052"
"Vinmonopolet";"10897901";"Salomon Ried Wachtberg Erste Lage Kremstal GrÃ¼ner Veltliner 2017";"Salomon Ried Wachtberg Erste Lage Kremstal GrÃ¼ner Veltliner";"2017";"269.9";"0.75";"359.87";"White wine";"Glass";"13";"2.7682052"
"Vinmonopolet";"10898001";"Salomon Ried KÃ¶gl Erste Lage Kremstal Riesling 2018";"Salomon Ried KÃ¶gl Erste Lage Kremstal Riesling";"2018";"268.6";"0.75";"358.13";"White wine";"Glass";"13";"2.7548718"
"Vinmonopolet";"10898101";"Salomon Franciscus Kremstal GrÃ¼ner Veltliner 2019";"Salomon Franciscus Kremstal GrÃ¼ner Veltliner";"2019";"199.9";"0.75";"266.53";"White wine";"Glass";"12";"2.221111"
"Vinmonopolet";"10898201";"Stolpman Vineyards Para Maria Rose 2018";"Stolpman Vineyards Para Maria Rose";"2018";"239.9";"0.75";"319.87";"RosÃ©vin";"Glass";"12.6";"2.5386243"
"Vinmonopolet";"10898301";"Salomon Terrassen Kremstal Riesling 2018";"Salomon Terrassen Kremstal Riesling";"2018";"199.9";"0.75";"266.53";"White wine";"Glass";"12.5";"2.1322665"
"Vinmonopolet";"10898401";"Pax Wine Sonoma Coast Gamay 2017";"Pax Wine Sonoma Coast Gamay";"2017";"315";"0.75";"420";"RÃ¸dvin";"Glass";"13.1";"3.2061067"
"Vinmonopolet";"10898502";"Gilde Sommer Aquavit";"Gilde Sommer Aquavit";"0";"304.9";"0.5";"609.8";"Aquavit";"Glass";"40";"1.5245"
"Vinmonopolet";"10898601";"Pico Maccario Piemonte RosÃ© Rosato Brut";"Pico Maccario Piemonte RosÃ© Rosato Brut";"2017";"229.9";"0.75";"306.53";"Musserende vin, rosÃ©";"Glass";"12.5";"2.4522667"
"Vinmonopolet";"10898701";"Schilcher Klassik Weststeiermark 2018";"Schilcher Klassik Weststeiermark";"2018";"119";"0.75";"158.67";"RosÃ©vin";"Glass";"12.5";"1.2693334"
"Vinmonopolet";"10898801";"Elsker Dry Pink Gin";"Elsker Dry Pink Gin";"0";"389";"0.7";"555.71";"Gin";"Glass";"40";"1.3892857"
"Vinmonopolet";"10899001";"Dominio del Ãguila PÃ­caro Clarete";"Dominio del Ãguila PÃ­caro Clarete";"2016";"359.9";"0.75";"479.87";"RosÃ©vin";"Glass";"13.5";"3.5545678"
"Vinmonopolet";"10899201";"Gibele Zibibbo Secco";"Gibele Zibibbo Secco";"2018";"223.9";"0.75";"298.53";"White wine";"Glass";"12";"2.4877777"
"Vinmonopolet";"10899302";"Le Petit Pinot RosÃ© 2018";"Le Petit Pinot RosÃ©";"2018";"159";"0.5";"318";"RosÃ©vin";"Glass";"12.5";"2.544"
"Vinmonopolet";"10899601";"Bod. Aroa Mutiko 2017";"Bod. Aroa Mutiko";"2017";"187";"0.75";"249.33";"RÃ¸dvin";"Glass";"13.5";"1.8469136"
"Vinmonopolet";"10901302";"Kasteel Blond";"Kasteel Blond";"0";"63";"0.33";"190.91";"Light ale";"Glass";"7";"2.7272725"
"Vinmonopolet";"10901402";"Kasteel Tripel";"Kasteel Tripel";"0";"73";"0.33";"221.21";"Trappist";"Glass";"11";"2.0110192"
"Vinmonopolet";"10901502";"Kasteel Rouge Kriek Quad";"Kasteel Rouge Kriek Quad";"0";"74";"0.33";"224.24";"Special";"Glass";"8";"2.8030303"
"Vinmonopolet";"10901602";"Kasteel Hoppy";"Kasteel Hoppy";"0";"57";"0.33";"172.73";"Light ale";"Glass";"6.5";"2.6573424"
"Vinmonopolet";"10901706";"Ch. Bonnet";"Ch. Bonnet";"2018";"469.9";"3";"156.63";"White wine";"Bag-in-box";"12.5";"1.2530667"
"Vinmonopolet";"10901801";"Les FumÃ©es Blanches Gris de Sauvignon Sparkling";"Les FumÃ©es Blanches Gris de Sauvignon Sparkling";"2018";"136.9";"0.75";"182.53";"Perlende vin, rosÃ©";"Glass";"12";"1.521111"
"Vinmonopolet";"10901901";"AndrÃ© Clouet V6 ExpÃ©rience";"AndrÃ© Clouet V6 ExpÃ©rience";"0";"399.9";"0.75";"533.2";"Champagne extra brut";"Glass";"12";"4.443333"
"Vinmonopolet";"10902001";"AndrÃ© Clouet MillÃ©sime Symphonie Cap Leopard 2009";"AndrÃ© Clouet MillÃ©sime Symphonie Cap Leopard";"2009";"489.9";"0.75";"653.2";"Champagne, brut";"Glass";"12";"5.443333"
"Vinmonopolet";"10902101";"AndrÃ© Clouet RosÃ©";"AndrÃ© Clouet RosÃ©";"0";"399.9";"0.75";"533.2";"Champagne, rosÃ©";"Glass";"12";"4.443333"
"Vinmonopolet";"10902201";"Dom. Germain PÃ¨re & Fils Saint Romain";"Dom. Germain PÃ¨re & Fils Saint Romain";"2018";"279.9";"0.75";"373.2";"White wine";"Glass";"13";"2.8707693"
"Vinmonopolet";"10902301";"Antica Terra Ceras";"Antica Terra Ceras";"2016";"960";"0.75";"1280";"RÃ¸dvin";"Glass";"14.1";"9.078014"
"Vinmonopolet";"10902401";"AndrÃ© Clouet Un Jour de 1911..";"AndrÃ© Clouet Un Jour de ..";"0";"599.9";"0.75";"799.87";"Champagne, brut";"Glass";"12";"6.665556"
"Vinmonopolet";"10902606";"RosÃ© Coteaux Varois en Provence";"RosÃ© Coteaux Varois en Provence";"2019";"559.9";"3";"186.63";"RosÃ©vin";"Bag-in-box";"13";"1.435641"
"Vinmonopolet";"10902801";"Recanati Med Blend 2018";"Recanati Med Blend";"2018";"258";"0.75";"344";"RÃ¸dvin";"Glass";"12.5";"2.752"
"Vinmonopolet";"10902901";"Recanati Jonathan White 2018";"Recanati Jonathan White";"2018";"184";"0.75";"245.33";"White wine";"Glass";"11.5";"2.1333334"
"Vinmonopolet";"10903001";"Recanati Marawi 2018";"Recanati Marawi";"2018";"319";"0.75";"425.33";"White wine";"Glass";"12";"3.5444446"
"Vinmonopolet";"10903101";"Louis Jadot Chevalier-Montrachet Les Demoiselles Grand Cru 2016";"Louis Jadot Chevalier-Montrachet Les Demoiselles Grand Cru";"2016";"2995";"0.75";"3993.33";"White wine";"Glass";"13.5";"29.580246"
"Vinmonopolet";"10903201";"Louis Jadot Meursault 1er Cru Les Charmes 2016";"Louis Jadot Meursault 1er Cru Les Charmes";"2016";"748.9";"0.75";"998.53";"White wine";"Glass";"13.5";"7.3965435"
"Vinmonopolet";"10903301";"Louis Jadot Meursault 1er Cru Les Perrieres 2016";"Louis Jadot Meursault 1er Cru Les Perrieres";"2016";"848.9";"0.75";"1131.87";"White wine";"Glass";"13.5";"8.384198"
"Vinmonopolet";"10903401";"Louis Jadot Marsannay Clos du Roy 2016";"Louis Jadot Marsannay Clos du Roy";"2016";"395";"0.75";"526.67";"RÃ¸dvin";"Glass";"13.5";"3.9012346"
"Vinmonopolet";"10903501";"Ten. Carretta Barbaresco Cascina Bordino Riserva";"Ten. Carretta Barbaresco Cascina Bordino Riserva";"2012";"358.9";"0.75";"478.53";"RÃ¸dvin";"Glass";"14";"3.418095"
"Vinmonopolet";"10903602";"Buddelship Doktor Schnabel Imperial Stout";"Buddelship Doktor Schnabel Imperial Stout";"0";"69.9";"0.33";"211.82";"Porter and stout";"Glass";"8";"2.6477273"
"Vinmonopolet";"10903702";"Buddelship Gotland 1394 Baltic Porter";"Buddelship Gotland  Baltic Porter";"0";"59.9";"0.33";"181.52";"Porter and stout";"Glass";"6.5";"2.7925408"
"Vinmonopolet";"10903802";"Aja DDH Pale Ale";"Aja DDH Pale Ale";"0";"49.9";"0.33";"151.21";"Light ale";"Glass";"5.5";"2.7493112"
"Vinmonopolet";"10903906";"Dom. Guillaman Blanc";"Dom. Guillaman Blanc";"2018";"399";"3";"133";"White wine";"Bag-in-box";"11.5";"1.1565218"
"Vinmonopolet";"10904801";"Gaudio Grignolino 2018";"Gaudio Grignolino";"2018";"266";"0.75";"354.67";"RÃ¸dvin";"Glass";"13";"2.7282052"
"Vinmonopolet";"10904901";"Pittnauer Perfect Day 2019";"Pittnauer Perfect Day";"2019";"296";"0.75";"394.67";"White wine";"Glass";"12";"3.288889"
"Vinmonopolet";"10905101";"Ronco Blanchis Collio Pinot Grigio";"Ronco Blanchis Collio Pinot Grigio";"2018";"169.9";"0.75";"226.53";"White wine";"Glass";"13.5";"1.6780246"
"Vinmonopolet";"10905301";"AttÃ¥t eplesterk 2019";"AttÃ¥t eplesterk";"2019";"179.8";"0.75";"239.73";"Cider";"Glass";"9";"2.6637037"
"Vinmonopolet";"10905402";"AttÃ¥t Pink Gin 2019";"AttÃ¥t Pink Gin";"2019";"419.5";"0.5";"839";"Gin";"Glass";"43";"1.9511628"
"Vinmonopolet";"10905502";"AttÃ¥t Distilled Gin 2019";"AttÃ¥t Distilled Gin";"2019";"419.5";"0.5";"839";"Gin";"Glass";"43";"1.9511628"
"Vinmonopolet";"10905602";"AttÃ¥t Taffelakevitt 2019";"AttÃ¥t Taffelakevitt";"2019";"389.6";"0.5";"779.2";"Aquavit";"Glass";"38";"2.0505264"
"Vinmonopolet";"10905702";"AttÃ¥t BittersÃ¸t 2019";"AttÃ¥t BittersÃ¸t";"2019";"299.8";"0.5";"599.6";"Other spirit";"Glass";"11";"5.4509087"
"Vinmonopolet";"10905801";"Hofmann SpÃ¤tburgunder";"Hofmann SpÃ¤tburgunder";"2018";"219.9";"0.75";"293.2";"RÃ¸dvin";"Glass";"13.5";"2.1718519"
"Vinmonopolet";"10905901";"Dom. Weinbach Clos de Capucins Pinot Noir 2018";"Dom. Weinbach Clos de Capucins Pinot Noir";"2018";"449.9";"0.75";"599.87";"RÃ¸dvin";"Glass";"13";"4.614359"
"Vinmonopolet";"10906001";"Dom. Weinbach S Pinot Noir";"Dom. Weinbach S Pinot Noir";"2018";"624.9";"0.75";"833.2";"RÃ¸dvin";"Glass";"13.5";"6.171852"
"Vinmonopolet";"10906101";"Tissot Pinot Noir Sous la Tour 2017";"Tissot Pinot Noir Sous la Tour";"2017";"469.9";"0.75";"626.53";"RÃ¸dvin";"Glass";"12.5";"5.0122666"
"Vinmonopolet";"10906201";"Olivier Coste Rare Carignan Blanc";"Olivier Coste Rare Carignan Blanc";"2018";"169.9";"0.75";"226.53";"White wine";"Glass";"13.5";"1.6780246"
"Vinmonopolet";"10906301";"Dom. des Aspras Si-RosÃ©";"Dom. des Aspras Si-RosÃ©";"0";"259.9";"0.75";"346.53";"Musserende vin, rosÃ©";"Glass";"13";"2.665641"
"Vinmonopolet";"10906401";"Ch. des Adouzes FaugÃ¨res Le tigre";"Ch. des Adouzes FaugÃ¨res Le tigre";"2017";"175";"0.75";"233.33";"RÃ¸dvin";"Glass";"14";"1.6666666"
"Vinmonopolet";"10906501";"Envinate Lousas Vinas de Aldea";"Envinate Lousas Vinas de Aldea";"2018";"279.9";"0.75";"373.2";"RÃ¸dvin";"Glass";"13";"2.8707693"
"Vinmonopolet";"10906801";"Envinate Migan Tinto";"Envinate Migan Tinto";"2018";"339.9";"0.75";"453.2";"RÃ¸dvin";"Glass";"12";"3.7766666"
"Vinmonopolet";"10906901";"Envinate Taganan Tinto";"Envinate Taganan Tinto";"2018";"279.9";"0.75";"373.2";"RÃ¸dvin";"Glass";"12";"3.11"
"Vinmonopolet";"10907001";"Envinate Taganan Margalagua";"Envinate Taganan Margalagua";"2018";"359.9";"0.75";"479.87";"RÃ¸dvin";"Glass";"12";"3.9988887"
"Vinmonopolet";"10907101";"Envinate Palo Blanco";"Envinate Palo Blanco";"2018";"349.9";"0.75";"466.53";"White wine";"Glass";"11.5";"4.0568113"
"Vinmonopolet";"10907301";"Hiruzta Txakolina RosÃ© 2018";"Hiruzta Txakolina RosÃ©";"2018";"189.9";"0.75";"253.2";"RosÃ©vin";"Glass";"12";"2.11"
"Vinmonopolet";"10907401";"Camp Terre Siciliane 2018";"Camp Terre Siciliane";"2018";"119.9";"0.75";"155.87";"RÃ¸dvin";"Emballasje med pant";"12.5";"1.2789334"
"Vinmonopolet";"10907601";"Ch. Cantenac Brown 2016";"Ch. Cantenac Brown";"2016";"1105";"0.75";"1473.33";"RÃ¸dvin";"Glass";"13.5";"10.91358"
"Vinmonopolet";"10907801";"Ch. Talbot 2016";"Ch. Talbot";"2016";"1169";"0.75";"1558.67";"RÃ¸dvin";"Glass";"13.5";"11.545679"
"Vinmonopolet";"10908001";"Ch. Branaire-Ducru 2016";"Ch. Branaire-Ducru";"2016";"1095";"0.75";"1460";"RÃ¸dvin";"Glass";"13.5";"10.814815"
"Vinmonopolet";"10908101";"Maufoux Santenay 1er Cru Les GraviÃ¨res Blanc";"Maufoux Santenay 1er Cru Les GraviÃ¨res Blanc";"2016";"489.9";"0.75";"653.2";"White wine";"Glass";"13";"5.0246153"
"Vinmonopolet";"10908202";"Kissmeyer Icon Stockholm Syndrome DIPA";"Kissmeyer Icon Stockholm Syndrome DIPA";"0";"67.8";"0.33";"205.46";"India pale ale";"Glass";"9.5";"2.1626794"
"Vinmonopolet";"10908302";"Kissmeyer Into the Black IPA";"Kissmeyer Into the Black IPA";"0";"64.8";"0.33";"196.36";"India pale ale";"Glass";"7";"2.8051949"
"Vinmonopolet";"10908401";"Lamblin Pays d'Oc RosÃ© 2018";"Lamblin Pays d'Oc RosÃ©";"2018";"174.9";"0.75";"233.2";"RosÃ©vin";"Glass";"13";"1.7938461"
"Vinmonopolet";"10908501";"Ronco dei Folo Collio Pinot Grigio";"Ronco dei Folo Collio Pinot Grigio";"2017";"199.9";"0.75";"266.53";"White wine";"Glass";"12.5";"2.1322665"
"Vinmonopolet";"10908601";"Dom. de Chevalier Grand Cru Blanc 2016";"Dom. de Chevalier Grand Cru Blanc";"2016";"1150";"0.75";"1533.33";"White wine";"Glass";"13.5";"11.358025"
"Vinmonopolet";"10908701";"Olivier Coste Oldstar Carignan Noir";"Olivier Coste Oldstar Carignan Noir";"2018";"175";"0.75";"233.33";"RÃ¸dvin";"Glass";"14.5";"1.6091954"
"Vinmonopolet";"10909101";"Krasna Hora La Blanca 2019";"Krasna Hora La Blanca";"2019";"190";"0.75";"253.33";"White wine";"Glass";"11.5";"2.2028985"
"Vinmonopolet";"10909301";"David-Beaupere JuliÃ©nas 2018";"David-Beaupere JuliÃ©nas";"2018";"259.9";"0.75";"346.53";"RÃ¸dvin";"Glass";"13";"2.665641"
"Vinmonopolet";"10909401";"Willems-Willems Saar Riesling trocken Schiefer Oberemmel 2017";"Willems-Willems Saar Riesling trocken Schiefer Oberemmel";"2017";"239.9";"0.75";"319.87";"White wine";"Glass";"11.5";"2.7814493"
"Vinmonopolet";"10909501";"Willems-Willems Herrenberg Riesling trocken 2016";"Willems-Willems Herrenberg Riesling trocken";"2016";"299.9";"0.75";"399.87";"White wine";"Glass";"11.5";"3.4771013"
"Vinmonopolet";"10909606";"K.H.Schneider In the Mood for Riesling trocken";"K.H.Schneider In the Mood for Riesling trocken";"0";"529.9";"3";"176.63";"White wine";"Bag-in-box";"12";"1.4719446"
"Vinmonopolet";"10909701";"Heidi SchrÃ¶ck Weissburgunder 2018";"Heidi SchrÃ¶ck Weissburgunder";"2018";"229.9";"0.75";"306.53";"White wine";"Glass";"13.5";"2.2706172"
"Vinmonopolet";"10909801";"Lemaire PÃ¨re & Fils Extra Brut - Mont d'Hor";"Lemaire PÃ¨re & Fils Extra Brut - Mont d'Hor";"0";"459.9";"0.75";"613.2";"Champagne extra brut";"Glass";"12";"5.11"
"Vinmonopolet";"10909902";"Kissmeyer Easy Kiss";"Kissmeyer Easy Kiss";"0";"59.8";"0.33";"181.21";"Pale ale";"Glass";"5.5";"3.2947657"
"Vinmonopolet";"10910002";"Kissmeyer Burning Kiss";"Kissmeyer Burning Kiss";"0";"59.8";"0.33";"181.21";"Red/amber";"Glass";"5.5";"3.2947657"
"Vinmonopolet";"10910101";"Von Buhl Bone Dry Riesling";"Von Buhl Bone Dry Riesling";"2018";"189.9";"0.75";"253.2";"White wine";"Glass";"12.5";"2.0256"
"Vinmonopolet";"10910201";"Von Buhl Bone Dry RosÃ© 2018";"Von Buhl Bone Dry RosÃ©";"2018";"144.9";"0.75";"193.2";"RosÃ©vin";"Glass";"12.5";"1.5455999"
"Vinmonopolet";"10910301";"Von Buhl Forster Ungeheuer GG 2014";"Von Buhl Forster Ungeheuer GG";"2014";"429.9";"0.75";"573.2";"White wine";"Glass";"13";"4.4092307"
"Vinmonopolet";"10910406";"Deep Roots Riesling";"Deep Roots Riesling";"2018";"424.6";"3";"141.53";"White wine";"Bag-in-box";"12";"1.1794444"
"Vinmonopolet";"10910506";"La Croisade Classic RosÃ©";"La Croisade Classic RosÃ©";"2018";"419.9";"3";"139.97";"RosÃ©vin";"Bag-in-box";"12";"1.1663889"
"Vinmonopolet";"10910701";"De Venoge Cordon Bleu Brut";"De Venoge Cordon Bleu Brut";"0";"329";"0.75";"438.67";"Champagne, brut";"Glass";"12";"3.6555555"
"Vinmonopolet";"10910801";"Alex Foillard Brouilly";"Alex Foillard Brouilly";"2018";"299.9";"0.75";"399.87";"RÃ¸dvin";"Glass";"14";"2.8561904"
"Vinmonopolet";"10911101";"Santa Carolina Pinot Noir Reserva";"Santa Carolina Pinot Noir Reserva";"2018";"172.9";"0.75";"230.53";"RÃ¸dvin";"Glass";"13.5";"1.7076542"
"Vinmonopolet";"10911201";"Le Bijou de Sophie Valrose RosÃ©";"Le Bijou de Sophie Valrose RosÃ©";"2018";"161.9";"0.75";"215.87";"RosÃ©vin";"Glass";"12.5";"1.7269332"
"Vinmonopolet";"10911301";"Ducourt Blanc LimÃ©";"Ducourt Blanc LimÃ©";"0";"99.7";"0.75";"132.93";"Flavoured wine	";"Glass";"8";"1.6616666"
"Vinmonopolet";"10911401";"Ducourt RosÃ© LimÃ©";"Ducourt RosÃ© LimÃ©";"0";"99.7";"0.75";"132.93";"Flavoured wine	";"Glass";"8";"1.6616666"
"Vinmonopolet";"10911501";"Biondi Etna Outis Bianco 2017";"Biondi Etna Outis Bianco";"2017";"298.2";"0.75";"397.6";"White wine";"Glass";"12.5";"3.1808002"
"Vinmonopolet";"10911601";"Pont de Gassac Blanc 2017";"Pont de Gassac Blanc";"2017";"149.6";"0.75";"199.47";"White wine";"Glass";"12.5";"1.5957334"
"Vinmonopolet";"10912101";"G. Mascarello Barolo Monprivato 2014";"G. Mascarello Barolo Monprivato";"2014";"1429.9";"0.75";"1906.53";"RÃ¸dvin";"Glass";"13.5";"14.122469"
"Vinmonopolet";"10912302";"Fandens SommerflÃ¸rt";"Fandens SommerflÃ¸rt";"0";"355";"0.5";"710";"Aquavit";"Glass";"41";"1.7317073"
"Vinmonopolet";"10912401";"Istine 55 Merlot";"Istine 55 Merlot";"2016";"364.4";"0.75";"485.87";"RÃ¸dvin";"Glass";"13.5";"3.5990124"
"Vinmonopolet";"10912501";"Istine Rosato";"Istine Rosato";"2018";"229.9";"0.75";"306.53";"RosÃ©vin";"Glass";"12.5";"2.4522667"
"Vinmonopolet";"10912601";"Castello di Verduno Basadone Pelaverga 2017";"Castello di Verduno Basadone Pelaverga";"2017";"239.8";"0.75";"319.73";"RÃ¸dvin";"Glass";"14";"2.2838097"
"Vinmonopolet";"10913301";"Ch. Pichon Baron 2016";"Ch. Pichon Baron";"2016";"2695";"0.75";"3593.33";"RÃ¸dvin";"Glass";"13.5";"26.617285"
"Vinmonopolet";"10914201";"Dom. de Chevalier 2016";"Dom. de Chevalier";"2016";"1274.9";"0.75";"1699.87";"RÃ¸dvin";"Glass";"13.5";"12.591605"
"Vinmonopolet";"10914701";"Rosa dei Frati Riviera del Garda Classico Chiaretto 2018";"Rosa dei Frati Riviera del Garda Classico Chiaretto";"2018";"209";"0.75";"278.67";"RosÃ©vin";"Glass";"13";"2.1435897"
"Vinmonopolet";"10917001";"Pizzolato Prosecco Organic 2018";"Pizzolato Prosecco Organic";"2018";"159.9";"0.75";"213.2";"Sparkling wine";"Glass";"11";"1.9381818"
"Vinmonopolet";"10919101";"Ch. d'Esclans Rock Angel CÃ´tes de Provence RosÃ© 2018";"Ch. d'Esclans Rock Angel CÃ´tes de Provence RosÃ©";"2018";"359.9";"0.75";"479.87";"RosÃ©vin";"Glass";"13.5";"3.5545678"
"Vinmonopolet";"10919201";"Stolpman Vineyards So Fresh GDG Gamay 2018";"Stolpman Vineyards So Fresh GDG Gamay";"2018";"349.9";"0.75";"466.53";"RÃ¸dvin";"Glass";"12.5";"3.7322667"
"Vinmonopolet";"10919301";"Centovie Rosato";"Centovie Rosato";"2018";"124.7";"0.75";"166.27";"RosÃ©vin";"Glass";"12";"1.3855555"
"Vinmonopolet";"10919401";"Burlotto Langhe Sauvignon Viridis";"Burlotto Langhe Sauvignon Viridis";"2019";"295";"0.75";"393.33";"White wine";"Glass";"13.5";"2.9135802"
"Vinmonopolet";"10919501";"Brumont Les Jardins Philosophiques 2015";"Brumont Les Jardins Philosophiques";"2015";"245";"0.75";"326.67";"White wine";"Glass";"14";"2.3333333"
"Vinmonopolet";"10919601";"Matthias Gaul Pinot Brut";"Matthias Gaul Pinot Brut";"2016";"249";"0.75";"332";"Sparkling wine";"Glass";"11";"3.0181818"
"Vinmonopolet";"10919701";"Masottina Prosecco Treviso Brut";"Masottina Prosecco Treviso Brut";"0";"159";"0.75";"212";"Sparkling wine";"Glass";"11";"1.9272727"
"Vinmonopolet";"10919801";"Dautel Besigheimer Wurmberg Riesling 2017";"Dautel Besigheimer Wurmberg Riesling";"2017";"269.9";"0.75";"359.87";"White wine";"Glass";"12.5";"2.8789332"
"Vinmonopolet";"10919901";"Old Perth Blended Malt Sherry Blend no. 3";"Old Perth Blended Malt Sherry Blend no. 3";"0";"529.9";"0.7";"757";"Whisky";"Glass";"43";"1.7604653"
"Vinmonopolet";"10920001";"Fleurs de Prairie Brut RosÃ©";"Fleurs de Prairie Brut RosÃ©";"0";"139.9";"0.75";"186.53";"Musserende vin, rosÃ©";"Glass";"12";"1.5544444"
"Vinmonopolet";"10920101";"Old Perth Blended Malt Peaty Blend no. 4";"Old Perth Blended Malt Peaty Blend no. 4";"0";"529.9";"0.7";"757";"Whisky";"Glass";"43";"1.7604653"
"Vinmonopolet";"10920201";"Kiyomi Japanese Rum";"Kiyomi Japanese Rum";"0";"599.9";"0.7";"857";"Rum";"Glass";"40";"2.1425002"
"Vinmonopolet";"10920301";"Engel Alsace Natur XVIII";"Engel Alsace Natur XVIII";"2018";"248";"0.75";"330.67";"White wine";"Glass";"14";"2.3619049"
"Vinmonopolet";"10920401";"Fernand Engel Renaissance Pinot Gris 2016";"Fernand Engel Renaissance Pinot Gris";"2016";"248.9";"0.75";"331.87";"White wine";"Glass";"14";"2.3704762"
"Vinmonopolet";"10920501";"Risky Grapes La Traca Blanco 2017";"Risky Grapes La Traca Blanco";"2017";"159.3";"0.75";"212.4";"White wine";"Glass";"12.5";"1.6992"
"Vinmonopolet";"10920601";"Henri Milan Papillon Rouge 2018";"Henri Milan Papillon Rouge";"2018";"289";"0.75";"385.33";"RÃ¸dvin";"Glass";"12.5";"3.0826666"
"Vinmonopolet";"10920801";"Brick & Mortar Manchester Ridge Chardonnay 2016";"Brick & Mortar Manchester Ridge Chardonnay";"2016";"398";"0.75";"530.67";"White wine";"Glass";"13";"4.0820513"
"Vinmonopolet";"10920901";"Brick & Mortar Fault Line Vineyard Chardonnay 2016";"Brick & Mortar Fault Line Vineyard Chardonnay";"2016";"398";"0.75";"530.67";"White wine";"Glass";"13";"4.0820513"
"Vinmonopolet";"10921001";"Cirelli Wines of Anarchy rose 2018";"Cirelli Wines of Anarchy rose";"2018";"219";"0.75";"292";"Perlende vin, rosÃ©";"Glass";"12.5";"2.336"
"Vinmonopolet";"10921202";"Brick & Mortar Blanc 2018";"Brick & Mortar Blanc";"2018";"99.5";"0.38";"260";"White wine";"Emballasje med pant";"12.5";"2.0947368"
"Vinmonopolet";"10921302";"Brick & Mortar Rouge 2018";"Brick & Mortar Rouge";"2018";"99.5";"0.38";"260";"RÃ¸dvin";"Emballasje med pant";"12.5";"2.0947368"
"Vinmonopolet";"10921402";"Brick & Mortar Sprudlevin 2018";"Brick & Mortar Sprudlevin";"2018";"99.5";"0.38";"260";"Musserende vin, rosÃ©";"Emballasje med pant";"11.5";"2.276888"
"Vinmonopolet";"10921502";"Behemoth Underarm Trans-Tasman IPA";"Behemoth Underarm Trans-Tasman IPA";"0";"72.5";"0.44";"164.77";"India pale ale";"Metall";"6.4";"2.5745738"
"Vinmonopolet";"10921602";"Yeastie Boys White Palace";"Yeastie Boys White Palace";"0";"79";"0.44";"179.55";"Light lager";"Metall";"6.6";"2.7203858"
"Vinmonopolet";"10921702";"Behemoth Pretty Pretty Pretty Pineappley Pale Ale";"Behemoth Pretty Pretty Pretty Pineappley Pale Ale";"0";"55";"0.33";"166.67";"Pale ale";"Metall";"5.3";"3.1446538"
"Vinmonopolet";"10921801";"Le Ragnaie Miscelone Toscana Rosso 2018";"Le Ragnaie Miscelone Toscana Rosso";"2018";"289.9";"0.75";"386.53";"RÃ¸dvin";"Glass";"12.5";"3.0922666"
"Vinmonopolet";"10921904";"Shatler's Long Island Iced Tea";"Shatler's Long Island Iced Tea";"0";"64";"0.2";"320";"Other spirit";"Ãvrig";"11.8";"2.7118642"
"Vinmonopolet";"10922004";"Shatler's Tequila Sunrise";"Shatler's Tequila Sunrise";"0";"64";"0.2";"320";"Other spirit";"Ãvrig";"11.7";"2.7350428"
"Vinmonopolet";"10922201";"Finnmark Vino Rosso";"Finnmark Vino Rosso";"0";"155";"0.75";"206.67";"RÃ¸dvin";"Glass";"12.5";"1.6533333"
"Vinmonopolet";"10922306";"K.H.Schneider In the Mood for RosÃ© trocken";"K.H.Schneider In the Mood for RosÃ© trocken";"0";"529.9";"3";"176.63";"RosÃ©vin";"Bag-in-box";"12";"1.4719446"
"Vinmonopolet";"10922402";"Birra Italia";"Birra Italia";"0";"36.9";"0.33";"111.82";"Light lager";"Glass";"4.8";"2.3295453"
"Vinmonopolet";"10922502";"Ardenne Belle d'ÃtÃ©";"Ardenne Belle d'ÃtÃ©";"0";"49.9";"0.33";"151.21";"HveteÃ¸l";"Glass";"6";"2.520202"
"Vinmonopolet";"10922701";"Clos Montblanc Castell Macabeu Chardonnay";"Clos Montblanc Castell Macabeu Chardonnay";"2017";"222";"0.75";"296";"White wine";"Glass";"13";"2.2769232"
"Vinmonopolet";"10922901";"Dom. Bruno Dubois Saumur Champigny 2016";"Dom. Bruno Dubois Saumur Champigny";"2016";"393.8";"0.75";"525.07";"RÃ¸dvin";"Glass";"12.5";"4.2005334"
"Vinmonopolet";"10923001";"Dom. Bruno Dubois Blanc du Bois 2017";"Dom. Bruno Dubois Blanc du Bois";"2017";"349.9";"0.75";"466.53";"White wine";"Glass";"12";"3.8877778"
"Vinmonopolet";"10923101";"I Fabbri Chianti Classico Riserva 2013";"I Fabbri Chianti Classico Riserva";"2013";"348.8";"0.75";"465.07";"RÃ¸dvin";"Glass";"13";"3.5774357"
"Vinmonopolet";"10923201";"I Fabbri Lamole Chianti Classico 2016";"I Fabbri Lamole Chianti Classico";"2016";"348.8";"0.75";"465.07";"RÃ¸dvin";"Glass";"13";"3.5774357"
"Vinmonopolet";"10923301";"I Fabbri Terra di Lamole";"I Fabbri Terra di Lamole";"2015";"299.9";"0.75";"399.87";"RÃ¸dvin";"Glass";"13.5";"2.9619753"
"Vinmonopolet";"10923401";"Weing. der Stadt Mainz CuveÃ© Isis Blanc de Noir 2018";"Weing. der Stadt Mainz CuveÃ© Isis Blanc de Noir";"2018";"119.9";"0.75";"159.87";"White wine";"Glass";"12";"1.3322222"
"Vinmonopolet";"10923501";"Suenen Oiry Blanc de Blancs Grand Cru Extra Brut";"Suenen Oiry Blanc de Blancs Grand Cru Extra Brut";"2015";"469.9";"0.75";"626.53";"Champagne extra brut";"Glass";"12";"5.221111"
"Vinmonopolet";"10923505";"Suenen Oiry Blanc de Blancs Grand Cru Extra Brut";"Suenen Oiry Blanc de Blancs Grand Cru Extra Brut";"2015";"998.8";"1.5";"665.87";"Champagne extra brut";"Glass";"12";"5.5488887"
"Vinmonopolet";"10923601";"Suenen Les Robarts Blanc de Blanc Grand Cru 2012";"Suenen Les Robarts Blanc de Blanc Grand Cru";"2012";"899.8";"0.75";"1199.73";"Champagne extra brut";"Glass";"12";"9.997778"
"Vinmonopolet";"10923701";"Suenen C+C Blanc de Blanc Grand Cru Extra Brut";"Suenen C+C Blanc de Blanc Grand Cru Extra Brut";"2015";"538.9";"0.75";"718.53";"Champagne extra brut";"Glass";"12";"5.987778"
"Vinmonopolet";"10923705";"Suenen C+C Blanc de Blanc Grand Cru Extra Brut";"Suenen C+C Blanc de Blanc Grand Cru Extra Brut";"2015";"1094.6";"1.5";"729.73";"Champagne extra brut";"Glass";"12";"6.081111"
"Vinmonopolet";"10923805";"Ãtienne Calsac les Rocheforts Premier Cru Extra Brut";"Ãtienne Calsac les Rocheforts Premier Cru Extra Brut";"2016";"986.8";"1.5";"657.87";"Champagne extra brut";"Glass";"12";"5.482222"
"Vinmonopolet";"10923901";"Ch. les Crostes CuvÃ©e Traditionnelle RosÃ© 2018";"Ch. les Crostes CuvÃ©e Traditionnelle RosÃ©";"2018";"238.9";"0.75";"318.53";"RosÃ©vin";"Glass";"13";"2.4502563"
"Vinmonopolet";"10923905";"Ch. les Crostes CuvÃ©e Traditionnelle RosÃ© 2018";"Ch. les Crostes CuvÃ©e Traditionnelle RosÃ©";"2018";"490.9";"1.5";"327.27";"RosÃ©vin";"Glass";"13";"2.5174358"
"Vinmonopolet";"10923907";"Ch. les Crostes CuvÃ©e Traditionnelle RosÃ© 2018";"Ch. les Crostes CuvÃ©e Traditionnelle RosÃ©";"2018";"1199.5";"3";"399.83";"RosÃ©vin";"Glass";"13";"3.075641"
"Vinmonopolet";"10924001";"Matthias Gaul Chardonnay Asselheim 2018";"Matthias Gaul Chardonnay Asselheim";"2018";"259";"0.75";"345.33";"White wine";"Glass";"13.5";"2.5580246"
"Vinmonopolet";"10924101";"Tormaresca Pietrabianca Chardonnay";"Tormaresca Pietrabianca Chardonnay";"2017";"279";"0.75";"372";"White wine";"Glass";"13.5";"2.7555556"
"Vinmonopolet";"10924201";"Tormaresca Calafuria";"Tormaresca Calafuria";"2018";"199.9";"0.75";"266.53";"RosÃ©vin";"Glass";"12";"2.221111"
"Vinmonopolet";"10924305";"Tormaresca Calafuria Rose";"Tormaresca Calafuria Rose";"2018";"439";"1.5";"292.67";"RosÃ©vin";"Glass";"12";"2.4388888"
"Vinmonopolet";"10924401";"Pop Up Season Cabernet Sauvignon Syrah RosÃ©";"Pop Up Season Cabernet Sauvignon Syrah RosÃ©";"2018";"145";"1";"145";"RosÃ©vin";"Plast";"13.5";"1.074074"
"Vinmonopolet";"10924501";"Bombus Chardonnay";"Bombus Chardonnay";"2018";"145";"1";"145";"White wine";"Plast";"13.5";"1.074074"
"Vinmonopolet";"10924801";"Blackadder Raw Cask Auchentoshan 24 YO 1991";"Blackadder Raw Cask Auchentoshan 24 YO";"1991";"2851.4";"0.7";"4073.43";"Whisky";"Glass";"55.8";"7.300051"
"Vinmonopolet";"10924901";"Blackadder Peat Reek";"Blackadder Peat Reek";"0";"1061.7";"0.7";"1516.71";"Whisky";"Glass";"46";"3.297205"
"Vinmonopolet";"10925001";"Blackadder A drop of the Irish Sherry Cask";"Blackadder A drop of the Irish Sherry Cask";"0";"1435.4";"0.7";"2050.57";"Whisky";"Glass";"59.2";"3.463803"
"Vinmonopolet";"10925101";"Blackadder Black Snake Vat No. 3 Third Venom";"Blackadder Black Snake Vat No. 3 Third Venom";"0";"1269.6";"0.7";"1813.71";"Whisky";"Glass";"59.7";"3.0380473"
"Vinmonopolet";"10925201";"Blackadder Raw Cask Red Snake Redneck 30";"Blackadder Raw Cask Red Snake Redneck 30";"0";"1216";"0.7";"1737.14";"Whisky";"Glass";"57.9";"3.0002468"
"Vinmonopolet";"10925301";"Blackadder Raw Cask Braes of Glenlivet 22 YO 1994";"Blackadder Raw Cask Braes of Glenlivet 22 YO";"1994";"2045.9";"0.7";"2922.71";"Whisky";"Glass";"53.4";"5.4732475"
"Vinmonopolet";"10925401";"Blackadder Raw Cask Statement Tomatin 24 YO 1993";"Blackadder Raw Cask Statement Tomatin 24 YO";"1993";"3423.2";"0.7";"4890.29";"Whisky";"Glass";"53.2";"9.192266"
"Vinmonopolet";"10925501";"Blackadder Raw Cask Ben Nevis 16 YO 2001";"Blackadder Raw Cask Ben Nevis 16 YO";"2001";"1842.1";"0.7";"2631.57";"Whisky";"Glass";"53.4";"4.928036"
"Vinmonopolet";"10925601";"Blackadder A drop of the Irish";"Blackadder A drop of the Irish";"0";"1114.2";"0.7";"1591.71";"Whisky";"Glass";"46";"3.4602485"
"Vinmonopolet";"10925701";"Blackadder Raw Cask Invergordon 29 YO 1988";"Blackadder Raw Cask Invergordon 29 YO";"1988";"2799.6";"0.7";"3999.43";"Whisky";"Glass";"51.5";"7.765881"
"Vinmonopolet";"10925801";"Blackadder Raw Cask Cambus 29 YO 1988";"Blackadder Raw Cask Cambus 29 YO";"1988";"2977.4";"0.7";"4253.43";"Whisky";"Glass";"46.3";"9.186671"
"Vinmonopolet";"10925901";"Blackadder The Legendary 20 YO";"Blackadder The Legendary 20 YO";"0";"1406.1";"0.7";"2008.71";"Whisky";"Glass";"46";"4.3667703"
"Vinmonopolet";"10926202";"Wylam Imperial Macchiato Double Hazelnut Praline Coffee Porter";"Wylam Imperial Macchiato Double Hazelnut Praline Coffee Porter";"0";"149.9";"0.44";"340.68";"Porter and stout";"Metall";"10";"3.4068182"
"Vinmonopolet";"10927002";"Mount Saint Bernard Abbey Tynt Meadow";"Mount Saint Bernard Abbey Tynt Meadow";"0";"69.8";"0.33";"211.52";"Trappist";"Glass";"7.4";"2.8583128"
"Vinmonopolet";"10927801";"Marolo Ulrich Amaro";"Marolo Ulrich Amaro";"0";"528.1";"0.7";"754.43";"Bitter	";"Glass";"32";"2.3575892"
"Vinmonopolet";"10928405";"Pod. Poggio Scalette Il Carbonaione Rosso 2016";"Pod. Poggio Scalette Il Carbonaione Rosso";"2016";"1191.9";"1.5";"794.6";"RÃ¸dvin";"Glass";"13.5";"5.8859262"
"Vinmonopolet";"10928507";"Pod. Poggio Scalette Il Carbonaione Rosso 2016";"Pod. Poggio Scalette Il Carbonaione Rosso";"2016";"3992.1";"6";"665.35";"RÃ¸dvin";"Glass";"13.5";"4.928519"
"Vinmonopolet";"10928601";"Marolo Grappa di Moscato";"Marolo Grappa di Moscato";"0";"940.7";"0.7";"1343.86";"Grape spirit";"Glass";"42";"3.19966"
"Vinmonopolet";"10928701";"Marolo Grappa di Barbaresco";"Marolo Grappa di Barbaresco";"0";"978";"0.7";"1397.14";"Grape spirit";"Glass";"44";"3.1753247"
"Vinmonopolet";"10928801";"Marolo Grappa Dedicata al Padre";"Marolo Grappa Dedicata al Padre";"0";"1183.8";"0.7";"1691.14";"Grape spirit";"Glass";"60";"2.8185716"
"Vinmonopolet";"10928901";"Marolo Grappa di Barolo Riserva 1989";"Marolo Grappa di Barolo Riserva";"1989";"3224.7";"0.7";"4606.71";"Grape spirit";"Glass";"50";"9.2134285"
"Vinmonopolet";"10929001";"Marolo Grappa di Barolo Riserva 1990";"Marolo Grappa di Barolo Riserva";"1990";"3153.9";"0.7";"4505.57";"Grape spirit";"Glass";"50";"9.011143"
"Vinmonopolet";"10929101";"Marolo Grappa di Barbaresco RabajÃ  2006";"Marolo Grappa di Barbaresco RabajÃ";"2006";"1786";"0.7";"2551.43";"Grape spirit";"Glass";"45";"5.6698413"
"Vinmonopolet";"10929201";"Marolo AprÃ¨s Grappa di Moscato Riserva";"Marolo AprÃ¨s Grappa di Moscato Riserva";"0";"994.7";"0.7";"1421";"Grape spirit";"Glass";"42";"3.3833334"
"Vinmonopolet";"10929301";"Marolo Ulrich Vermouth Rosso";"Marolo Ulrich Vermouth Rosso";"0";"399";"0.75";"532";"Vermouth";"Glass";"16.5";"3.2242424"
"Vinmonopolet";"10929401";"Marolo Ulrich Vermouth Bianco";"Marolo Ulrich Vermouth Bianco";"0";"373.5";"0.75";"498";"Vermouth";"Glass";"16";"3.1125"
"Vinmonopolet";"10929501";"Marolo Ulrich Vermouth Extra Dry";"Marolo Ulrich Vermouth Extra Dry";"0";"414.2";"0.75";"552.27";"Vermouth";"Glass";"18";"3.0681481"
"Vinmonopolet";"10929601";"Marolo Ulrich Umberto Vermouth Rosso Superiore";"Marolo Ulrich Umberto Vermouth Rosso Superiore";"0";"491.2";"0.75";"654.93";"Vermouth";"Glass";"18";"3.6385186"
"Vinmonopolet";"10929701";"Marolo Grappa di Barolo Riserva 1986";"Marolo Grappa di Barolo Riserva";"1986";"3224.7";"0.7";"4606.71";"Grape spirit";"Glass";"50";"9.2134285"
"Vinmonopolet";"10929801";"Marolo Grappa di Barolo Riserva 1987";"Marolo Grappa di Barolo Riserva";"1987";"3083.1";"0.7";"4404.43";"Grape spirit";"Glass";"50";"8.808858"
"Vinmonopolet";"10938101";"Podere il Saliceto Ring Adora brut nature 2016";"Podere il Saliceto Ring Adora brut nature";"2016";"303.4";"0.75";"404.53";"Musserende vin, rosÃ©";"Glass";"12.5";"3.2362666"
"Vinmonopolet";"10938201";"Skagerrak Gin";"Skagerrak Gin";"0";"499.9";"0.7";"714.14";"Gin";"Glass";"44.9";"1.5905186"
"Vinmonopolet";"10938701";"Mosse Moussamoussettes Brut Nature";"Mosse Moussamoussettes Brut Nature";"0";"299.9";"0.75";"399.87";"Musserende vin, rosÃ©";"Glass";"12";"3.3322222"
"Vinmonopolet";"10938902";"Parrotdog Falcon";"Parrotdog Falcon";"0";"54";"0.33";"163.64";"Pale ale";"Metall";"5.4";"3.0303028"
"Vinmonopolet";"10939001";"Audentia Cabernet Sauvignon RosÃ©";"Audentia Cabernet Sauvignon RosÃ©";"2018";"154.9";"0.75";"206.53";"RosÃ©vin";"Glass";"11.5";"1.795942"
"Vinmonopolet";"10939101";"Hampton Water RosÃ© 2018";"Hampton Water RosÃ©";"2018";"239.9";"0.75";"319.87";"RosÃ©vin";"Glass";"13";"2.4605129"
"Vinmonopolet";"10939201";"Ca del Vent Sogno Blanc de Blanc 2013";"Ca del Vent Sogno Blanc de Blanc";"2013";"557.4";"0.75";"743.2";"Sparkling wine";"Glass";"12";"6.1933336"
"Vinmonopolet";"10939301";"Ca del Vent Brut Memoria 2013";"Ca del Vent Brut Memoria";"2013";"557";"0.75";"742.67";"Sparkling wine";"Glass";"11.5";"6.457971"
"Vinmonopolet";"10939401";"Ca del Vent Tamerlano 2015";"Ca del Vent Tamerlano";"2015";"587.3";"0.75";"783.07";"White wine";"Glass";"14";"5.5933332"
"Vinmonopolet";"10939501";"Ca del Vent Campiani 2014";"Ca del Vent Campiani";"2014";"322.7";"0.75";"430.27";"RÃ¸dvin";"Glass";"12.5";"3.4421334"
"Vinmonopolet";"10939701";"Domaine Clair-DaÃ¼ RosÃ© du Marsannay 2018";"Domaine Clair-DaÃ¼ RosÃ© du Marsannay";"2018";"229.9";"0.75";"306.53";"RosÃ©vin";"Glass";"13";"2.3579485"
"Vinmonopolet";"10944001";"Weing. Sommerhausen Steinbach Silvaner Erste Lage 2018";"Weing. Sommerhausen Steinbach Silvaner Erste Lage";"2018";"239";"0.75";"318.67";"White wine";"Glass";"12.5";"2.5493333"
"Vinmonopolet";"10944101";"Weing. Schloss Sommerhausen Steinbach-Alttenberg 1172 GG 2016";"Weing. Schloss Sommerhausen Steinbach-Alttenberg  GG";"2016";"365";"0.75";"486.67";"White wine";"Glass";"13";"3.7435896"
"Vinmonopolet";"10944201";"Mancino Vermouth Secco";"Mancino Vermouth Secco";"0";"393";"0.75";"524";"Vermouth";"Glass";"18";"2.911111"
"Vinmonopolet";"10944301";"Jean Geiler Cremant d'Alsace Brut Blanc De Noirs";"Jean Geiler Cremant d'Alsace Brut Blanc De Noirs";"0";"179.9";"0.75";"239.87";"Sparkling wine";"Glass";"12";"1.9988889"
"Vinmonopolet";"10944501";"Martinolles CrÃ©mant de Limoux Rose";"Martinolles CrÃ©mant de Limoux Rose";"0";"189.9";"0.75";"253.2";"Musserende vin, rosÃ©";"Glass";"12";"2.11"
"Vinmonopolet";"10944601";"Jardin De Roses";"Jardin De Roses";"2018";"199.9";"0.75";"266.53";"RosÃ©vin";"Glass";"12.5";"2.1322665"
"Vinmonopolet";"10944701";"Sasso al Poggio";"Sasso al Poggio";"2015";"229.9";"0.75";"306.53";"RÃ¸dvin";"Glass";"14";"2.1895237"
"Vinmonopolet";"10944801";"Mortlach 12 YO";"Mortlach 12 YO";"0";"649.9";"0.7";"928.43";"Whisky";"Glass";"43.4";"2.1392365"
"Vinmonopolet";"10944901";"Mortlach 16 YO";"Mortlach 16 YO";"0";"949.9";"0.7";"1357";"Whisky";"Glass";"43.4";"3.126728"
"Vinmonopolet";"10945001";"Mortlach 20 YO";"Mortlach 20 YO";"0";"2499.9";"0.7";"3571.29";"Whisky";"Glass";"43.4";"8.228768"
"Vinmonopolet";"10945102";"Bacchus Kriek";"Bacchus Kriek";"0";"74";"0.38";"197.33";"SurÃ¸l";"Glass";"5.8";"3.3575318"
"Vinmonopolet";"10945202";"Bacchus Frambozenbier";"Bacchus Frambozenbier";"0";"78";"0.38";"208";"SurÃ¸l";"Glass";"5";"4.105263"
"Vinmonopolet";"10945302";"Kasteel Barista Chocolate Quad";"Kasteel Barista Chocolate Quad";"0";"84";"0.33";"254.55";"Special";"Glass";"11";"2.3140495"
"Vinmonopolet";"10945401";"3 Fonteinen Oude Geuze";"3 Fonteinen Oude Geuze";"0";"185";"0.75";"246.67";"SurÃ¸l";"Glass";"6.5";"3.7948718"
"Vinmonopolet";"10945502";"Evil Twin Soul Made IPA";"Evil Twin Soul Made IPA";"0";"89.9";"0.47";"190.06";"India pale ale";"Metall";"7";"2.732523"
"Vinmonopolet";"10945602";"Evil Twin Ceci NÃ¨st Pas a NE Style IPA";"Evil Twin Ceci NÃ¨st Pas a NE Style IPA";"0";"92.5";"0.47";"195.56";"India pale ale";"Metall";"8.5";"2.3153942"
"Vinmonopolet";"10945702";"Evil Twin The Soup Superior IPA";"Evil Twin The Soup Superior IPA";"0";"94.5";"0.47";"199.79";"India pale ale";"Metall";"7.8";"2.5777414"
"Vinmonopolet";"10945802";"Evil Twin Key Lime Pie IPA";"Evil Twin Key Lime Pie IPA";"0";"89.9";"0.47";"190.06";"India pale ale";"Metall";"7";"2.732523"
"Vinmonopolet";"10946001";"La Magnolia Pinot Grigio";"La Magnolia Pinot Grigio";"2018";"198.2";"0.75";"264.27";"White wine";"Glass";"13";"2.0328205"
"Vinmonopolet";"10946101";"La Magnolia Trevenezie Traminer Aromatico";"La Magnolia Trevenezie Traminer Aromatico";"2018";"198.2";"0.75";"264.27";"White wine";"Glass";"13";"2.0328205"
"Vinmonopolet";"10946201";"La Magnolia Trevenezie Verduzzo Friulano";"La Magnolia Trevenezie Verduzzo Friulano";"2018";"198.4";"0.75";"264.53";"White wine";"Glass";"12.5";"2.1162665"
"Vinmonopolet";"10950305";"Les HÃ©ritiers Saint-Genys Mercurey 1er Cru Clos Marcilly 2015";"Les HÃ©ritiers Saint-Genys Mercurey 1er Cru Clos Marcilly";"2015";"914.9";"1.5";"609.93";"White wine";"Glass";"13";"4.691795"
"Vinmonopolet";"10954301";"Il Portone Montepulciano d'Abruzzo";"Il Portone Montepulciano d'Abruzzo";"2018";"129.6";"0.75";"172.8";"RÃ¸dvin";"Glass";"12";"1.44"
"Vinmonopolet";"10954408";"Two Grumpy Old Bastards Bitter (3x2cl)";"Two Grumpy Old Bastards Bitter (3x2cl)";"0";"99.9";"0.06";"1665";"Bitter	";"Ãvrig";"41.3";"4.0314775"
"Vinmonopolet";"10954502";"Saltholmen Akevitt fra Lillesand";"Saltholmen Akevitt fra Lillesand";"0";"363";"0.5";"726";"Aquavit";"Glass";"38";"1.9105263"
"Vinmonopolet";"10954602";"Harahorn Pink Gin";"Harahorn Pink Gin";"0";"375";"0.5";"750";"Gin";"Glass";"38";"1.9736842"
"Vinmonopolet";"10954701";"Glover Zephyr Chardonnay 2018";"Glover Zephyr Chardonnay";"2018";"229.9";"0.75";"306.53";"White wine";"Glass";"13";"2.3579485"
"Vinmonopolet";"10954901";"Dominio del Ãguila PeÃ±as Aladas Gran Reserva";"Dominio del Ãguila PeÃ±as Aladas Gran Reserva";"2013";"2000";"0.75";"2666.67";"RÃ¸dvin";"Glass";"14";"19.047619"
"Vinmonopolet";"10955001";"Dominio del Ãguila PÃ­caro ViÃ±as Viejas Tinto";"Dominio del Ãguila PÃ­caro ViÃ±as Viejas Tinto";"2017";"359.9";"0.75";"479.87";"RÃ¸dvin";"Glass";"14";"3.427619"
"Vinmonopolet";"10955101";"Dominio del Ãguila Reserva";"Dominio del Ãguila Reserva";"2015";"800";"0.75";"1066.67";"RÃ¸dvin";"Glass";"14";"7.6190476"
"Vinmonopolet";"10955201";"Dominio del Ãguila Canta la Perdiz";"Dominio del Ãguila Canta la Perdiz";"2015";"3000";"0.75";"4000";"RÃ¸dvin";"Glass";"14";"28.571428"
"Vinmonopolet";"10955301";"Dominio del Ãguila Albillo ViÃ±as Viejas";"Dominio del Ãguila Albillo ViÃ±as Viejas";"2015";"800";"0.75";"1066.67";"White wine";"Glass";"13";"8.205129"
"Vinmonopolet";"10955401";"Closel Belle-Dame Chenin Blanc 2017";"Closel Belle-Dame Chenin Blanc";"2017";"254.9";"0.75";"339.87";"White wine";"Glass";"13";"2.614359"
"Vinmonopolet";"10955501";"Vincent Couche ChloÃ© Extra Brut";"Vincent Couche ChloÃ© Extra Brut";"0";"590";"0.75";"786.67";"Champagne extra brut";"Glass";"12.5";"6.2933335"
"Vinmonopolet";"10955601";"Vincent Couche ElÃ©gance Extra Brut";"Vincent Couche ElÃ©gance Extra Brut";"0";"415";"0.75";"553.33";"Champagne extra brut";"Glass";"12.5";"4.4266667"
"Vinmonopolet";"10955701";"de ChÃ©risey Meursault-Blagny 1er Cru La Genelotte 2016";"de ChÃ©risey Meursault-Blagny 1er Cru La Genelotte";"2016";"732";"0.75";"976";"White wine";"Glass";"13";"7.5076923"
"Vinmonopolet";"10955705";"de ChÃ©risey Meursault-Blagny 1er Cru La Genelotte 2016";"de ChÃ©risey Meursault-Blagny 1er Cru La Genelotte";"2016";"1480.1";"1.5";"986.73";"White wine";"Glass";"13";"7.590256"
"Vinmonopolet";"10955801";"de ChÃ©risey Puligny-Montrachet 1er Cru Hameau de Blagny 2016";"de ChÃ©risey Puligny-Montrachet 1er Cru Hameau de Blagny";"2016";"732";"0.75";"976";"White wine";"Glass";"12";"8.133333"
"Vinmonopolet";"10955805";"de ChÃ©risey Puligny-Montrachet 1er Cru Hameau de Blagny 2016";"de ChÃ©risey Puligny-Montrachet 1er Cru Hameau de Blagny";"2016";"1480";"1.5";"986.67";"White wine";"Glass";"12";"8.222222"
"Vinmonopolet";"10955901";"de ChÃ©risey Puligny-Montrachet 1er Cru Les Chalumeaux 2016";"de ChÃ©risey Puligny-Montrachet 1er Cru Les Chalumeaux";"2016";"732";"0.75";"976";"White wine";"Glass";"12";"8.133333"
"Vinmonopolet";"10956001";"Aldo Conterno Barolo Cicala 2014";"Aldo Conterno Barolo Cicala";"2014";"1144.9";"0.75";"1526.53";"RÃ¸dvin";"Glass";"14";"10.90381"
"Vinmonopolet";"10956201";"Aldo Conterno Barolo Bussia 2014";"Aldo Conterno Barolo Bussia";"2014";"661.9";"0.75";"882.53";"RÃ¸dvin";"Glass";"13.5";"6.5372844"
"Vinmonopolet";"10956301";"Aldo Conterno Il Favot Langhe Nebbiolo 2015";"Aldo Conterno Il Favot Langhe Nebbiolo";"2015";"507.9";"0.75";"677.2";"RÃ¸dvin";"Glass";"14.5";"4.670345"
"Vinmonopolet";"10956402";"Haandbryggeriet Humlesus Plus";"Haandbryggeriet Humlesus Plus";"0";"43.6";"0.33";"126.06";"Pale ale";"Emballasje med pant";"5.5";"2.4022036"
"Vinmonopolet";"10956601";"Lamy Santenay 1er Cru Clos des GraviÃ¨res Blanc 2016";"Lamy Santenay 1er Cru Clos des GraviÃ¨res Blanc";"2016";"449";"0.75";"598.67";"White wine";"Glass";"13";"4.6051283"
"Vinmonopolet";"10956705";"Lamy Saint-Aubin 1er Cru Frionnes 2016";"Lamy Saint-Aubin 1er Cru Frionnes";"2016";"999.7";"1.5";"666.47";"White wine";"Glass";"13";"5.1266665"
"Vinmonopolet";"10956801";"Lamy Saint-Aubin 1er Cru En Remilly 2016";"Lamy Saint-Aubin 1er Cru En Remilly";"2016";"575.1";"0.75";"766.8";"White wine";"Glass";"13";"5.8984613"
"Vinmonopolet";"10956905";"Lamy Saint-Aubin 1er Cru En Remilly 2016";"Lamy Saint-Aubin 1er Cru En Remilly";"2016";"1199.7";"1.5";"799.8";"White wine";"Glass";"13";"6.1523075"
"Vinmonopolet";"10957005";"Lamy Saint-Aubin 1er Cru Clos de la ChateniÃ¨re 2016";"Lamy Saint-Aubin 1er Cru Clos de la ChateniÃ¨re";"2016";"1194.7";"1.5";"796.47";"White wine";"Glass";"13";"6.1266665"
"Vinmonopolet";"10957101";"Lamy Chassagne-Montrachet 1er Cru Les ChaumÃ©es 2016";"Lamy Chassagne-Montrachet 1er Cru Les ChaumÃ©es";"2016";"815.9";"0.75";"1087.87";"White wine";"Glass";"13";"8.368205"
"Vinmonopolet";"10957201";"Lamy Santenay Clos des HÃ¢tes Rouge 2016";"Lamy Santenay Clos des HÃ¢tes Rouge";"2016";"390";"0.75";"520";"RÃ¸dvin";"Glass";"13";"4"
"Vinmonopolet";"10957301";"Lamy Santenay 1er Cru Clos des GraviÃ¨res Vieilles Vignes Rouge 2016";"Lamy Santenay 1er Cru Clos des GraviÃ¨res Vieilles Vignes Rouge";"2016";"488";"0.75";"650.67";"RÃ¸dvin";"Glass";"13";"5.0051284"
"Vinmonopolet";"10957401";"Jean Fournier Marsannay Es Chezots 2016";"Jean Fournier Marsannay Es Chezots";"2016";"404";"0.75";"538.67";"RÃ¸dvin";"Glass";"13";"4.14359"
"Vinmonopolet";"10957501";"Jean Fournier Marsannay Clos du Roy 2016";"Jean Fournier Marsannay Clos du Roy";"2016";"406";"0.75";"541.33";"RÃ¸dvin";"Glass";"13";"4.1641026"
"Vinmonopolet";"10957701";"Chavet CuvÃ©e Saint-CÃ¨re Sancerre 2018";"Chavet CuvÃ©e Saint-CÃ¨re Sancerre";"2018";"269.9";"0.75";"359.87";"White wine";"Glass";"13";"2.7682052"
"Vinmonopolet";"10957801";"Roberto Sarotto Langhe Rosato 2019";"Roberto Sarotto Langhe Rosato";"2019";"149.9";"0.75";"199.87";"RosÃ©vin";"Glass";"12.5";"1.5989332"
"Vinmonopolet";"10957901";"Schmitt Glintzberg Gewurztraminer 2017";"Schmitt Glintzberg Gewurztraminer";"2017";"239.9";"0.75";"319.87";"White wine";"Glass";"14";"2.284762"
"Vinmonopolet";"10958001";"Emrich-SchÃ¶nleber -R- Halenberg Riesling 2014";"Emrich-SchÃ¶nleber -R- Halenberg Riesling";"2014";"512.9";"0.75";"683.87";"White wine";"Glass";"12.5";"5.4709334"
"Vinmonopolet";"10958205";"Dom. du PÃ©lican Arbois Trois CÃ©pages 2017";"Dom. du PÃ©lican Arbois Trois CÃ©pages";"2017";"749.9";"1.5";"499.93";"RÃ¸dvin";"Glass";"12.5";"3.999467"
"Vinmonopolet";"10958301";"Loichet Le President Bourgogne Pinot Noir 2018";"Loichet Le President Bourgogne Pinot Noir";"2018";"239.9";"0.75";"319.87";"RÃ¸dvin";"Glass";"13";"2.4605129"
"Vinmonopolet";"10958501";"de ChÃ©risey Meursault Bois de Blagny 2016";"de ChÃ©risey Meursault Bois de Blagny";"2016";"560";"0.75";"746.67";"White wine";"Glass";"12";"6.2222223"
"Vinmonopolet";"10958601";"Pietra Marina Etna Superiore Bianco 2015";"Pietra Marina Etna Superiore Bianco";"2015";"589.8";"0.75";"786.4";"White wine";"Glass";"12.5";"6.2911997"
"Vinmonopolet";"10958701";"Pardevalles Prieto Picudo Rosado 2018";"Pardevalles Prieto Picudo Rosado";"2018";"178";"0.75";"237.33";"RosÃ©vin";"Glass";"13.5";"1.7580247"
"Vinmonopolet";"10958801";"O Raio da Vella AlbariÃ±o 2017";"O Raio da Vella AlbariÃ±o";"2017";"324.9";"0.75";"433.2";"White wine";"Glass";"12.5";"3.4656"
"Vinmonopolet";"10958901";"Ch. de Beaucastel Roussanne Vieilles Vignes Blanc 2017";"Ch. de Beaucastel Roussanne Vieilles Vignes Blanc";"2017";"1398.1";"0.75";"1864.13";"White wine";"Glass";"14";"13.315238"
"Vinmonopolet";"10959001";"Ch. de Beaucastel Blanc 2017";"Ch. de Beaucastel Blanc";"2017";"809";"0.75";"1078.67";"White wine";"Glass";"14";"7.704762"
"Vinmonopolet";"10959101";"Emrich-SchÃ¶nleber Lenz Riesling 2017";"Emrich-SchÃ¶nleber Lenz Riesling";"2017";"229.9";"0.75";"306.53";"White wine";"Glass";"11.5";"2.665507"
"Vinmonopolet";"10959201";"Emrich-SchÃ¶nleber Mineral Riesling Trocken 2017";"Emrich-SchÃ¶nleber Mineral Riesling Trocken";"2017";"278.9";"0.75";"371.87";"White wine";"Glass";"12";"3.0988889"
"Vinmonopolet";"10959301";"Emrich-SchÃ¶nleber Halgans Monzinger Riesling Trocken 2017";"Emrich-SchÃ¶nleber Halgans Monzinger Riesling Trocken";"2017";"317.9";"0.75";"423.87";"White wine";"Glass";"12";"3.5322223"
"Vinmonopolet";"10959401";"Fichet Meursault Les ChevaliÃ¨res 2015";"Fichet Meursault Les ChevaliÃ¨res";"2015";"659.9";"0.75";"879.87";"White wine";"Glass";"13";"6.768205"
"Vinmonopolet";"10959501";"Billecart-Salmon CuvÃ©e Louis Blanc de Blancs 2007";"Billecart-Salmon CuvÃ©e Louis Blanc de Blancs";"2007";"1396";"0.75";"1861.33";"Champagne, brut";"Glass";"12.5";"14.890667"
"Vinmonopolet";"10959701";"Thillardon Petnat 2018";"Thillardon Petnat";"2018";"267.9";"0.75";"357.2";"Perlende vin, rosÃ©";"Glass";"12";"2.9766667"
"Vinmonopolet";"10959801";"Heresztyn-Mazzini Gevrey-Chambertin Premier Cru Les Goulots 2016";"Heresztyn-Mazzini Gevrey-Chambertin Premier Cru Les Goulots";"2016";"795";"0.75";"1060";"RÃ¸dvin";"Glass";"13";"8.153846"
"Vinmonopolet";"10959901";"Cantalupo Ghemme Collis Breclemae 2006";"Cantalupo Ghemme Collis Breclemae";"2006";"415";"0.75";"553.33";"RÃ¸dvin";"Glass";"13.5";"4.0987654"
"Vinmonopolet";"10960001";"Leroux Chassagne-Montrachet Premier Cru Les EmbazÃ©es 2017";"Leroux Chassagne-Montrachet Premier Cru Les EmbazÃ©es";"2017";"692";"0.75";"922.67";"White wine";"Glass";"13";"7.097436"
"Vinmonopolet";"10960101";"Heresztyn-Mazzini Gevrey-Chambertin Les Songes 2016";"Heresztyn-Mazzini Gevrey-Chambertin Les Songes";"2016";"589";"0.75";"785.33";"RÃ¸dvin";"Glass";"13";"6.0410256"
"Vinmonopolet";"10961501";"Spritzzoso";"Spritzzoso";"0";"99.9";"0.75";"133.2";"Flavoured wine	";"Glass";"7";"1.9028572"
"Vinmonopolet";"10961601";"50th Parallel Estate Riesling 2018";"50th Parallel Estate Riesling";"2018";"288.5";"0.75";"384.67";"White wine";"Glass";"13";"2.9589744"
"Vinmonopolet";"10961901";"Naturalis Mer Garnatxa Negra 2017";"Naturalis Mer Garnatxa Negra";"2017";"194.5";"0.75";"259.33";"RÃ¸dvin";"Glass";"14.5";"1.7885058"
"Vinmonopolet";"10962001";"Naturalis Mer Garnatxa Blanca 2017";"Naturalis Mer Garnatxa Blanca";"2017";"179.7";"0.75";"239.6";"White wine";"Glass";"13.5";"1.7748148"
"Vinmonopolet";"10962301";"Clos Cor Vi Riesling 2017";"Clos Cor Vi Riesling";"2017";"176.6";"0.75";"235.47";"White wine";"Glass";"13";"1.8112822"
"Vinmonopolet";"10962501";"Pago de los Capellanes Joven Roble 2017";"Pago de los Capellanes Joven Roble";"2017";"199.6";"0.75";"266.13";"RÃ¸dvin";"Glass";"13.5";"1.9713581"
"Vinmonopolet";"10962601";"Ct En Clave de Do";"Ct En Clave de Do";"0";"149.6";"0.75";"199.47";"Musserende vin, rosÃ©";"Glass";"12";"1.6622223"
"Vinmonopolet";"10962701";"Boeckel CrÃ©mant d'Alsace Brut 2017";"Boeckel CrÃ©mant d'Alsace Brut";"2017";"249";"0.75";"332";"Sparkling wine";"Glass";"12.5";"2.656"
"Vinmonopolet";"10962901";"RondÃ³ Spritz";"RondÃ³ Spritz";"2019";"190.9";"0.7";"272.71";"Bitter	";"Glass";"15";"1.8180952"
"Vinmonopolet";"10963002";"Six degrees North Bombini Honey beer";"Six degrees North Bombini Honey beer";"0";"49.9";"0.33";"151.21";"Light ale";"Glass";"6";"2.520202"
"Vinmonopolet";"10963101";"Sourz Passion Fruit";"Sourz Passion Fruit";"0";"197.9";"0.7";"282.71";"LikÃ¸r";"Glass";"15";"1.8847619"
"Vinmonopolet";"10963201";"Highland Park Twisted Tattoo";"Highland Park Twisted Tattoo";"0";"949.9";"0.7";"1357";"Whisky";"Glass";"46.7";"2.9057817"
"Vinmonopolet";"10963301";"Heyl zu Herrnsheim Rothenberg Riesling SpÃ¤tlese 2012";"Heyl zu Herrnsheim Rothenberg Riesling SpÃ¤tlese";"2012";"298.9";"0.75";"398.53";"White wine";"Glass";"10";"3.9853332"
"Vinmonopolet";"10963401";"Heyl zu Herrnsheim Brudersberg Riesling GG 2011";"Heyl zu Herrnsheim Brudersberg Riesling GG";"2011";"348.9";"0.75";"465.2";"White wine";"Glass";"12.5";"3.7215998"
"Vinmonopolet";"10963501";"Ch. Carbonnieux 2016";"Ch. Carbonnieux";"2016";"695";"0.75";"926.67";"RÃ¸dvin";"Glass";"13.5";"6.8641977"
"Vinmonopolet";"10963601";"Ch. Smith Haut Lafitte 2016";"Ch. Smith Haut Lafitte";"2016";"1945";"0.75";"2593.33";"RÃ¸dvin";"Glass";"14";"18.52381"
"Vinmonopolet";"10963701";"ConnÃ©table Talbot 2016";"ConnÃ©table Talbot";"2016";"609";"0.75";"812";"RÃ¸dvin";"Glass";"13.5";"6.014815"
"Vinmonopolet";"10963801";"Blason d'Issan 2016";"Blason d'Issan";"2016";"547";"0.75";"729.33";"RÃ¸dvin";"Glass";"13";"5.610256"
"Vinmonopolet";"10963901";"Ch. Cantemerle 2016";"Ch. Cantemerle";"2016";"639";"0.75";"852";"RÃ¸dvin";"Glass";"13";"6.5538464"
"Vinmonopolet";"10964001";"Ch. Les Grandes Murailles 2016";"Ch. Les Grandes Murailles";"2016";"995";"0.75";"1326.67";"RÃ¸dvin";"Glass";"14";"9.476191"
"Vinmonopolet";"10964101";"Ch. Gloria 2016";"Ch. Gloria";"2016";"895";"0.75";"1193.33";"RÃ¸dvin";"Glass";"13.5";"8.839506"
"Vinmonopolet";"10964201";"Heyl zu Herrnsheim Weissburgunder 2017";"Heyl zu Herrnsheim Weissburgunder";"2017";"218.9";"0.75";"291.87";"White wine";"Glass";"12";"2.4322221"
"Vinmonopolet";"10964301";"RosÃ© de Chevalier 2018";"RosÃ© de Chevalier";"2018";"248.9";"0.75";"331.87";"RosÃ©vin";"Glass";"13";"2.5528204"
"Vinmonopolet";"10964405";"RosÃ© de Chevalier 2018";"RosÃ© de Chevalier";"2018";"449";"1.5";"299.33";"RosÃ©vin";"Glass";"13";"2.3025641"
"Vinmonopolet";"10964501";"St. Antony Rotschiefer Riesling Trocken 2017";"St. Antony Rotschiefer Riesling Trocken";"2017";"248.9";"0.75";"331.87";"White wine";"Glass";"12";"2.7655554"
"Vinmonopolet";"10964601";"St. Antony Nierstein Hipping Riesling Trocken GG 2017";"St. Antony Nierstein Hipping Riesling Trocken GG";"2017";"378.9";"0.75";"505.2";"White wine";"Glass";"12.5";"4.0415998"
"Vinmonopolet";"10965301";"Kamnik Pinot Noir";"Kamnik Pinot Noir";"2016";"365.5";"0.75";"487.33";"RÃ¸dvin";"Glass";"13.5";"3.6098766"
"Vinmonopolet";"10965401";"Oxney Classic 2016";"Oxney Classic";"2016";"449.9";"0.75";"599.87";"Sparkling wine";"Glass";"12";"4.998889"
"Vinmonopolet";"10965501";"Oxney Estate RoseÌ";"Oxney Estate RoseÌ";"0";"399.9";"0.75";"533.2";"Musserende vin, rosÃ©";"Glass";"11";"4.847273"
"Vinmonopolet";"10965601";"Montesecondo Ghazii 2018";"Montesecondo Ghazii";"2018";"229.9";"0.75";"306.53";"Perlende vin, rosÃ©";"Glass";"10";"3.0653334"
"Vinmonopolet";"10965705";"Adorado de Menade";"Adorado de Menade";"0";"799";"1.5";"532.67";"Fortified wine";"Glass";"15.5";"3.4365592"
"Vinmonopolet";"10965801";"Fleury Bolero 2009";"Fleury Bolero";"2009";"689.9";"0.75";"919.87";"Champagne extra brut";"Glass";"12";"7.665556"
"Vinmonopolet";"10965901";"Fleury 30 ans de Biodynamie";"Fleury 30 ans de Biodynamie";"0";"699.9";"0.75";"933.2";"Champagne extra brut";"Glass";"12";"7.776667"
"Vinmonopolet";"10966001";"Ismael Gozalo Va-Llena X Jonas 2019";"Ismael Gozalo Va-Llena X Jonas";"2019";"349.9";"0.75";"466.53";"Sparkling white wine";"Glass";"12.5";"3.7322667"
"Vinmonopolet";"10966101";"Dom. la Calmette Bois Grand 2017";"Dom. la Calmette Bois Grand";"2017";"419.9";"0.75";"559.87";"RÃ¸dvin";"Glass";"13.5";"4.1471605"
"Vinmonopolet";"10966201";"Ismael Gozalo Afinador de Estrellas 2019";"Ismael Gozalo Afinador de Estrellas";"2019";"299.9";"0.75";"399.87";"Perlende vin, rosÃ©";"Glass";"12";"3.3322222"
"Vinmonopolet";"10966301";"DÃ¶nnhoff Weissburgunder trocken 2019";"DÃ¶nnhoff Weissburgunder trocken";"2019";"167.9";"0.75";"223.87";"White wine";"Glass";"12.5";"1.7909333"
"Vinmonopolet";"10966401";"Grosperrin Borderies 12 YO";"Grosperrin Borderies 12 YO";"0";"1550";"0.7";"2214.29";"Grape spirit";"Glass";"53";"4.1778975"
"Vinmonopolet";"10966501";"Alberto Nani Prosecco Extra Dry";"Alberto Nani Prosecco Extra Dry";"0";"159.9";"0.75";"213.2";"Sparkling wine";"Glass";"11";"1.9381818"
"Vinmonopolet";"10966701";"Dom. Michel Gaunoux Corton Renardes Grand Cru 2016";"Dom. Michel Gaunoux Corton Renardes Grand Cru";"2016";"1109";"0.75";"1478.67";"RÃ¸dvin";"Glass";"13.5";"10.953087"
"Vinmonopolet";"10966801";"Dom. Michel Gaunoux Pommard Grands Epenots 2016";"Dom. Michel Gaunoux Pommard Grands Epenots";"2016";"1109";"0.75";"1478.67";"RÃ¸dvin";"Glass";"13.5";"10.953087"
"Vinmonopolet";"10966901";"Dom. Michel Gaunoux Les Rugiens-Bas Pommard 1er Cru 2016";"Dom. Michel Gaunoux Les Rugiens-Bas Pommard 1er Cru";"2016";"1109";"0.75";"1478.67";"RÃ¸dvin";"Glass";"13.5";"10.953087"
"Vinmonopolet";"10967001";"Dievole Campinovi Bianco Toscana 2017";"Dievole Campinovi Bianco Toscana";"2017";"269";"0.75";"358.67";"White wine";"Glass";"12.5";"2.8693333"
"Vinmonopolet";"10967201";"Sattlerhof SÃ¼dsteiermark Sauvignon Blanc 2017";"Sattlerhof SÃ¼dsteiermark Sauvignon Blanc";"2017";"190";"0.75";"253.33";"White wine";"Glass";"12.5";"2.0266666"
"Vinmonopolet";"10967301";"Cordero di Montezemolo Langhe Nebbiolo 2017";"Cordero di Montezemolo Langhe Nebbiolo";"2017";"269";"0.75";"358.67";"RÃ¸dvin";"Glass";"14";"2.5619047"
"Vinmonopolet";"10967401";"Heinrich Natural White 2017";"Heinrich Natural White";"2017";"195";"0.75";"260";"White wine";"Glass";"12.5";"2.08"
"Vinmonopolet";"10967601";"Anselma Giacomo Barolo Collaretto Riserva 2013";"Anselma Giacomo Barolo Collaretto Riserva";"2013";"649";"0.75";"865.33";"RÃ¸dvin";"Glass";"14.5";"5.967816"
"Vinmonopolet";"10968501";"Ch. Citran 2016";"Ch. Citran";"2016";"395";"0.75";"526.67";"RÃ¸dvin";"Glass";"13.5";"3.9012346"
"Vinmonopolet";"10968601";"L`Esprit de Chevalier Blanc 2016";"L`Esprit de Chevalier Blanc";"2016";"497";"0.75";"662.67";"White wine";"Glass";"13.5";"4.908642"
"Vinmonopolet";"10968902";"Soulshine Notodden Bluesakevitt";"Soulshine Notodden Bluesakevitt";"2019";"369";"0.5";"738";"Aquavit";"Glass";"40";"1.845"
"Vinmonopolet";"10969001";"Giacomo Anselma Dolcetto d'Alba 2018";"Giacomo Anselma Dolcetto d'Alba";"2018";"249";"0.75";"332";"RÃ¸dvin";"Glass";"12.5";"2.656"
"Vinmonopolet";"10969101";"Ch. Tour de Mirambeau Bordeaux Blanc 2018";"Ch. Tour de Mirambeau Bordeaux Blanc";"2018";"159.9";"0.75";"213.2";"White wine";"Glass";"12.5";"1.7055999"
"Vinmonopolet";"10969201";"Delhommeau Harmonie Muscadet SÃ¨vre et maine sur lie 2018";"Delhommeau Harmonie Muscadet SÃ¨vre et maine sur lie";"2018";"149.9";"0.75";"199.87";"White wine";"Glass";"12";"1.6655555"
"Vinmonopolet";"10969401";"Bonterra Young Red 2018";"Bonterra Young Red";"2018";"169.9";"0.75";"226.53";"RÃ¸dvin";"Glass";"13.4";"1.6905472"
"Vinmonopolet";"10969501";"Bonterra RosÃ© 2018";"Bonterra RosÃ©";"2018";"169.9";"0.75";"226.53";"RosÃ©vin";"Glass";"13";"1.7425641"
"Vinmonopolet";"10969601";"Vetter Sylvaner Muschelkalk GK 2016";"Vetter Sylvaner Muschelkalk GK";"2016";"468.3";"0.75";"624.4";"White wine";"Glass";"11";"5.6763635"
"Vinmonopolet";"10969701";"Vetter Sylvaner CK 2016";"Vetter Sylvaner CK";"2016";"468.1";"0.75";"624.13";"White wine";"Glass";"11.5";"5.4272466"
"Vinmonopolet";"10969801";"Vetter Steinterrassen Muschelkalk 2016";"Vetter Steinterrassen Muschelkalk";"2016";"293.7";"0.75";"391.6";"White wine";"Glass";"11";"3.5600002"
"Vinmonopolet";"10969901";"Vetter M ller-Thurgau 2017";"Vetter M ller-Thurgau";"2017";"217.9";"0.75";"290.53";"White wine";"Glass";"10";"2.9053333"
"Vinmonopolet";"10970001";"Dom. Les CaprÃ©oles Regnie ChamodÃ¨re 2017";"Dom. Les CaprÃ©oles Regnie ChamodÃ¨re";"2017";"238.1";"0.75";"317.47";"RÃ¸dvin";"Glass";"13.5";"2.351605"
"Vinmonopolet";"10970201";"Drouhin-Laroze Chambertin Clos de BÃ¨ze Grand Cru 2016";"Drouhin-Laroze Chambertin Clos de BÃ¨ze Grand Cru";"2016";"1997.5";"0.75";"2663.33";"RÃ¸dvin";"Glass";"13";"20.487179"
"Vinmonopolet";"10970301";"Dom. Michel Gaunoux Beaune 2016";"Dom. Michel Gaunoux Beaune";"2016";"479";"0.75";"638.67";"RÃ¸dvin";"Glass";"12.5";"5.1093335"
"Vinmonopolet";"10970501";"TomÃ s Torres Crianza Ombria 2012";"TomÃ s Torres Crianza Ombria";"2012";"196.9";"0.75";"262.53";"RÃ¸dvin";"Glass";"12";"2.1877778"
"Vinmonopolet";"10970801";"Dom. Tariquet Marselan RosÃ© 2019";"Dom. Tariquet Marselan RosÃ©";"2019";"139.9";"0.75";"186.53";"RosÃ©vin";"Glass";"12.5";"1.4922667"
"Vinmonopolet";"10971101";"Ganevat Kopines!";"Ganevat Kopines!";"0";"399.9";"0.75";"533.2";"White wine";"Glass";"13";"4.101538"
"Vinmonopolet";"10971206";"Avignonesi Toscana Rosso Organic 2019";"Avignonesi Toscana Rosso Organic";"2019";"289.9";"1.5";"193.27";"RÃ¸dvin";"Pouch";"13.5";"1.4316049"
"Vinmonopolet";"10971401";"Philippi & Knipser Kallstadter Saumagen Riesling Auslese trocken 2015";"Philippi & Knipser Kallstadter Saumagen Riesling Auslese trocken";"2015";"498.8";"0.75";"665.07";"White wine";"Glass";"13.5";"4.9264197"
"Vinmonopolet";"10971501";"KÃ¼nstler Â«1435Â» Hochheimer Riesling trocken 2018";"KÃ¼nstler Â«Â» Hochheimer Riesling trocken";"2018";"179.6";"0.75";"239.47";"White wine";"Glass";"12";"1.9955556"
"Vinmonopolet";"10971601";"Hexamer Meddersheimer Rheingrafenberg Riesling SpÃ¤tlese* 2005";"Hexamer Meddersheimer Rheingrafenberg Riesling SpÃ¤tlese*";"2005";"294.8";"0.75";"393.07";"White wine";"Glass";"9";"4.3674073"
"Vinmonopolet";"10971706";"Jegerens Utvalgte";"Jegerens Utvalgte";"2018";"437.9";"3";"145.97";"RÃ¸dvin";"Bag-in-box";"12.5";"1.1677333"
"Vinmonopolet";"10971801";"Markus Molitor Ãrziger WÃ¼rzgarten Riesling Kabinett 2017";"Markus Molitor Ãrziger WÃ¼rzgarten Riesling Kabinett";"2017";"199.8";"0.75";"266.4";"White wine";"Glass";"10.5";"2.537143"
"Vinmonopolet";"10971901";"Markus Molitor Erdener Treppchen Riesling Auslese ** 2017";"Markus Molitor Erdener Treppchen Riesling Auslese **";"2017";"334.9";"0.75";"446.53";"White wine";"Glass";"7";"6.3790474"
"Vinmonopolet";"10972001";"Markus Molitor Zeltinger Sonnenuhr Riesling Auslese*** 2017";"Markus Molitor Zeltinger Sonnenuhr Riesling Auslese***";"2017";"624.9";"0.75";"833.2";"White wine";"Glass";"7";"11.902858"
"Vinmonopolet";"10972101";"Markus Molitor Graacher Himmelreich Riesling Auslese*** feinherb 2017";"Markus Molitor Graacher Himmelreich Riesling Auslese*** feinherb";"2017";"629.8";"0.75";"839.73";"White wine";"Glass";"11";"7.6339393"
"Vinmonopolet";"10972201";"Markus Molitor Zeltinger Sonnenuhr Riesling Auslese *** TÃ¸rr 2017";"Markus Molitor Zeltinger Sonnenuhr Riesling Auslese *** TÃ¸rr";"2017";"639.8";"0.75";"853.07";"White wine";"Glass";"12";"7.1088886"
"Vinmonopolet";"10972301";"Markus Molitor Zeltinger Himmelreich Riesling Kabinett feinherb 2017";"Markus Molitor Zeltinger Himmelreich Riesling Kabinett feinherb";"2017";"189.9";"0.75";"253.2";"White wine";"Glass";"9";"2.8133333"
"Vinmonopolet";"10972401";"Markus Molitor Zeltinger Sonnenuhr Riesling Kabinett -Fuder 6- 2017";"Markus Molitor Zeltinger Sonnenuhr Riesling Kabinett -Fuder 6-";"2017";"254.9";"0.75";"339.87";"White wine";"Glass";"10";"3.3986666"
"Vinmonopolet";"10972501";"Markus Molitor Graacher Himmelreich Riesling Auslese *** 2017";"Markus Molitor Graacher Himmelreich Riesling Auslese ***";"2017";"609.8";"0.75";"813.07";"White wine";"Glass";"7";"11.615238"
"Vinmonopolet";"10972601";"Markus Molitor Ãrziger WÃ¼rzgarten Riesling Auslese ** 2017";"Markus Molitor Ãrziger WÃ¼rzgarten Riesling Auslese **";"2017";"334.9";"0.75";"446.53";"White wine";"Glass";"7";"6.3790474"
"Vinmonopolet";"10972701";"Markus Molitor Ãrziger WÃ¼rzgarten Riesling Auslese *** 2017";"Markus Molitor Ãrziger WÃ¼rzgarten Riesling Auslese ***";"2017";"609.8";"0.75";"813.07";"White wine";"Glass";"7";"11.615238"
"Vinmonopolet";"10972801";"Markus Molitor Ãrziger WÃ¼rzgarten Riesling Auslese ** TÃ¸rr 2017";"Markus Molitor Ãrziger WÃ¼rzgarten Riesling Auslese ** TÃ¸rr";"2017";"349.8";"0.75";"466.4";"White wine";"Glass";"10.5";"4.4419045"
"Vinmonopolet";"10973201";"Anders Frederik Steen Cette main lÃ©gÃ¨rement serrÃ©e m'a laissÃ© perplex";"Anders Frederik Steen Cette main lÃ©gÃ¨rement serrÃ©e m'a laissÃ© perplex";"2017";"287.3";"0.75";"383.07";"RÃ¸dvin";"Glass";"11.5";"3.3310144"
"Vinmonopolet";"10973301";"Anders Frederik Steen Pure magique pas des chimiques";"Anders Frederik Steen Pure magique pas des chimiques";"2017";"287.3";"0.75";"383.07";"RÃ¸dvin";"Glass";"11.5";"3.3310144"
"Vinmonopolet";"10973401";"Anders Frederik Steen Je suis Comme Ã§a et alors?";"Anders Frederik Steen Je suis Comme Ã§a et alors?";"2017";"349";"0.75";"465.33";"White wine";"Glass";"12";"3.8777778"
"Vinmonopolet";"10973501";"Jordi Llorens Blan 5.7";"Jordi Llorens Blan 5.7";"2018";"259.9";"0.75";"346.53";"White wine";"Glass";"11";"3.150303"
"Vinmonopolet";"10973601";"Jordi Llorens Blankaforti";"Jordi Llorens Blankaforti";"2017";"279.9";"0.75";"373.2";"RÃ¸dvin";"Glass";"13.5";"2.7644444"
"Vinmonopolet";"10973701";"Jordi Llorens Ancestral de la Cristina";"Jordi Llorens Ancestral de la Cristina";"2018";"267.3";"0.75";"356.4";"Sparkling white wine";"Glass";"11.5";"3.0991304"
"Vinmonopolet";"10973801";"Maria & Sepp Opok";"Maria & Sepp Opok";"2017";"293.3";"0.75";"391.07";"White wine";"Glass";"11";"3.5551515"
"Vinmonopolet";"10974101";"Maria & Sepp RosÃ© vom Opok";"Maria & Sepp RosÃ© vom Opok";"2017";"293.3";"0.75";"391.07";"RosÃ©vin";"Glass";"11";"3.5551515"
"Vinmonopolet";"10974401";"Gris Marin rosÃ©";"Gris Marin rosÃ©";"2018";"149.9";"0.75";"199.87";"RosÃ©vin";"Glass";"12.5";"1.5989332"
"Vinmonopolet";"10974601";"ZÃ©lige- Caravent Ikebana";"ZÃ©lige- Caravent Ikebana";"2017";"289.9";"0.75";"386.53";"RÃ¸dvin";"Glass";"12.5";"3.0922666"
"Vinmonopolet";"10974701";"Ãblerov Frankofil";"Ãblerov Frankofil";"2017";"179.9";"0.75";"239.87";"Cider";"Glass";"5.9";"4.0655365"
"Vinmonopolet";"10975301";"Bainbridge CuvÃ©e La Danseuse";"Bainbridge CuvÃ©e La Danseuse";"2018";"299.9";"0.75";"399.87";"Musserende vin, rosÃ©";"Glass";"12";"3.3322222"
"Vinmonopolet";"10975408";"Underberg Bitter (30x2cl)";"Underberg Bitter (30x2cl)";"0";"669.9";"0.6";"1116.5";"Bitter	";"Ãvrig";"44";"2.5375"
"Vinmonopolet";"10975701";"Serragghia Fanino Rosso";"Serragghia Fanino Rosso";"2018";"699.9";"0.75";"933.2";"RÃ¸dvin";"Glass";"13";"7.1784616"
"Vinmonopolet";"10975801";"Serragghia Zibibbo Bianco";"Serragghia Zibibbo Bianco";"2018";"699.9";"0.75";"933.2";"White wine";"Glass";"13";"7.1784616"
"Vinmonopolet";"10975901";"Ãblerov Benene pÃ¥ nakken";"Ãblerov Benene pÃ¥ nakken";"2017";"168.5";"0.75";"224.67";"Cider";"Glass";"5.9";"3.8079095"
"Vinmonopolet";"10976201";"Fraccaroli Veneto Bianco 2017";"Fraccaroli Veneto Bianco";"2017";"164.9";"0.75";"219.87";"White wine";"Glass";"12.5";"1.7589333"
"Vinmonopolet";"10976301";"Fraccaroli Lugana Pansere 2017";"Fraccaroli Lugana Pansere";"2017";"199.3";"0.75";"265.73";"White wine";"Glass";"13";"2.0441027"
"Vinmonopolet";"10976401";"Antxiola Txakolina 2017";"Antxiola Txakolina";"2017";"178.7";"0.75";"238.27";"White wine";"Glass";"11";"2.1660607"
"Vinmonopolet";"10976501";"Otazu RosÃ© Tempranillo 2018";"Otazu RosÃ© Tempranillo";"2018";"189.5";"0.75";"252.67";"RosÃ©vin";"Glass";"13.5";"1.8716049"
"Vinmonopolet";"10976601";"Clos Cor Vi Cimera 2017";"Clos Cor Vi Cimera";"2017";"288.5";"0.75";"384.67";"White wine";"Glass";"13";"2.9589744"
"Vinmonopolet";"10976701";"Clos Cor Vi Viognier 2017";"Clos Cor Vi Viognier";"2017";"176.6";"0.75";"235.47";"White wine";"Glass";"13";"1.8112822"
"Vinmonopolet";"10976801";"Time Waits For No One 2018";"Time Waits For No One";"2018";"157.9";"0.75";"210.53";"RÃ¸dvin";"Glass";"14";"1.5038095"
"Vinmonopolet";"10976901";"Camus Through the Grapevine 11 ans Ile de RÃ©";"Camus Through the Grapevine 11 ans Ile de RÃ©";"0";"1705";"0.7";"2435.71";"Grape spirit";"Glass";"49";"4.9708457"
"Vinmonopolet";"10977008";"L'Encantada SÃ©lÃ©ction 76, 84, 90, 92, 20 ans (5x20cl)";"L'Encantada SÃ©lÃ©ction 76, 84, 90, 92, 20 ans (5x20cl)";"0";"1960";"1";"1960";"Grape spirit";"Ãvrig";"45.8";"4.279476"
"Vinmonopolet";"10977101";"Fradon Through the Grapevine Lot 70 Petite Champagne";"Fradon Through the Grapevine Lot 70 Petite Champagne";"0";"2095";"0.7";"2992.86";"Grape spirit";"Glass";"46.3";"6.4640546"
"Vinmonopolet";"10977201";"Tessendier Through the Grapevine Grande Champagne Lot 97";"Tessendier Through the Grapevine Grande Champagne Lot 97";"0";"1960";"0.7";"2800";"Grape spirit";"Glass";"48";"5.8333335"
"Vinmonopolet";"10977301";"Vaudon Through the Grapevine Single Cask 1996 Fins Bois TTG 3.0";"Vaudon Through the Grapevine Single Cask  Fins Bois TTG 3.0";"1996";"2210";"0.7";"3157.14";"Grape spirit";"Glass";"51.1";"6.178362"
"Vinmonopolet";"10977502";"30&40 Garnier 15 ans 2003 The Chronicles";"30&40 Garnier 15 ans  The Chronicles";"2003";"1080";"0.5";"2160";"Fruit spirit";"Glass";"54.8";"3.9416058"
"Vinmonopolet";"10977901";"Minuty Prestige RosÃ© 2019";"Minuty Prestige RosÃ©";"2019";"269";"0.75";"358.67";"RosÃ©vin";"Glass";"12.5";"2.8693333"
"Vinmonopolet";"10978001";"Dom. MÃ©tairie d'Alon Le Village Pinot Noir 2017";"Dom. MÃ©tairie d'Alon Le Village Pinot Noir";"2017";"299.9";"0.75";"399.87";"RÃ¸dvin";"Glass";"13.5";"2.9619753"
"Vinmonopolet";"10978101";"Dom. MÃ©tairie d'Alon Le Village Chardonnay 2017";"Dom. MÃ©tairie d'Alon Le Village Chardonnay";"2017";"294.9";"0.75";"393.2";"White wine";"Glass";"13.5";"2.9125926"
"Vinmonopolet";"10978201";"BenRiach 12 YO";"BenRiach 12 YO";"0";"799.9";"0.7";"1142.71";"Whisky";"Glass";"46";"2.4841616"
"Vinmonopolet";"10978301";"Dom. MÃ©tairie d'Alon Solaire Pinot Noir 2016";"Dom. MÃ©tairie d'Alon Solaire Pinot Noir";"2016";"369.9";"0.75";"493.2";"RÃ¸dvin";"Glass";"14";"3.5228572"
"Vinmonopolet";"10978506";"Dudon by Jean Merlaut 2018";"Dudon by Jean Merlaut";"2018";"489.9";"3";"163.3";"White wine";"Bag-in-box";"13";"1.2561538"
"Vinmonopolet";"10978601";"Clotilde Davenne Saint Bris Sauvignon Blanc 2018";"Clotilde Davenne Saint Bris Sauvignon Blanc";"2018";"169.9";"0.75";"226.53";"White wine";"Glass";"12";"1.8877777"
"Vinmonopolet";"10978701";"Biostilla Sambuca Excellence";"Biostilla Sambuca Excellence";"0";"474.2";"0.7";"677.43";"LikÃ¸r";"Glass";"40";"1.6935714"
"Vinmonopolet";"10978801";"Walcher Vermouth Tramonto Rosso";"Walcher Vermouth Tramonto Rosso";"0";"292.3";"0.75";"389.73";"Vermouth";"Glass";"16";"2.4358332"
"Vinmonopolet";"10978901";"Walcher Veneziano Spritz";"Walcher Veneziano Spritz";"0";"188.9";"0.7";"269.86";"Fruit wine";"Glass";"11";"2.4532468"
"Vinmonopolet";"10979001";"Biostilla Premium Vodka";"Biostilla Premium Vodka";"0";"449.2";"0.7";"641.71";"Vodka";"Glass";"40";"1.6042858"
"Vinmonopolet";"10979101";"Walcher Vermouth Sole Luna Bianco";"Walcher Vermouth Sole Luna Bianco";"0";"262.3";"0.75";"349.73";"Vermouth";"Glass";"16";"2.1858332"
"Vinmonopolet";"10979202";"Walcher Fernet";"Walcher Fernet";"0";"379.4";"0.5";"758.8";"Bitter	";"Glass";"38";"1.996842"
"Vinmonopolet";"10979301";"Dom. Jean Vullien JacquÃ¨re L'Alpine 2018";"Dom. Jean Vullien JacquÃ¨re L'Alpine";"2018";"169.9";"0.75";"226.53";"White wine";"Glass";"12";"1.8877777"
"Vinmonopolet";"10979401";"Dom. Sylvain Bzikot Puligny Montrachet 2016";"Dom. Sylvain Bzikot Puligny Montrachet";"2016";"614.9";"0.75";"819.87";"White wine";"Glass";"13.5";"6.0730867"
"Vinmonopolet";"10979501";"Dom. Sylvain Bzikot Bourgogne Blanc";"Dom. Sylvain Bzikot Bourgogne Blanc";"2016";"334.6";"0.75";"446.13";"White wine";"Glass";"13";"3.431795"
"Vinmonopolet";"10979601";"Didier Amiot MSD 1er Cru Aux Charmes 2016";"Didier Amiot MSD 1er Cru Aux Charmes";"2016";"698.9";"0.75";"931.87";"RÃ¸dvin";"Glass";"13.5";"6.902716"
"Vinmonopolet";"10979701";"Didier Amiot Morey Saint Denis 2016";"Didier Amiot Morey Saint Denis";"2016";"492.5";"0.75";"656.67";"RÃ¸dvin";"Glass";"13";"5.051282"
"Vinmonopolet";"10979801";"Didier Amiot Gevrey Chambertin 2016";"Didier Amiot Gevrey Chambertin";"2016";"578.8";"0.75";"771.73";"RÃ¸dvin";"Glass";"13";"5.93641"
"Vinmonopolet";"10979901";"Thr3 Monkeys Sparkling Raspberry & Peach";"Thr3 Monkeys Sparkling Raspberry & Peach";"0";"104.9";"0.75";"139.87";"Fruit wine";"Glass";"8";"1.7483333"
"Vinmonopolet";"10980001";"Thr3 Monkeys White";"Thr3 Monkeys White";"2019";"119.9";"1";"119.9";"White wine";"Ãvrig";"8";"1.49875"
"Vinmonopolet";"10980101";"Dom. de Rapatel Blanc";"Dom. de Rapatel Blanc";"2016";"305";"0.75";"406.67";"White wine";"Glass";"13";"3.128205"
"Vinmonopolet";"10980202";"Bod. Yuste Sacristia AB Manzanilla";"Bod. Yuste Sacristia AB Manzanilla";"0";"295";"0.38";"786.67";"Sherry";"Glass";"15.5";"5.008489"
"Vinmonopolet";"10980401";"Mesquida Mora Acrollam Blanc";"Mesquida Mora Acrollam Blanc";"2017";"345";"0.75";"460";"White wine";"Glass";"12.5";"3.68"
"Vinmonopolet";"10980501";"Mesquida Mora Acrollam Rosat";"Mesquida Mora Acrollam Rosat";"2017";"345";"0.75";"460";"RosÃ©vin";"Glass";"14";"3.2857144"
"Vinmonopolet";"10980601";"Ch. De BÃ©ru CÃ´te aux PrÃªtres";"Ch. De BÃ©ru CÃ´te aux PrÃªtres";"2017";"429.9";"0.75";"573.2";"White wine";"Glass";"12.5";"4.5856"
"Vinmonopolet";"10980701";"Chapuis FrÃ¨res Chorey-les-Beaune 2017";"Chapuis FrÃ¨res Chorey-les-Beaune";"2017";"332";"0.75";"442.67";"RÃ¸dvin";"Glass";"12";"3.6888888"
"Vinmonopolet";"10980801";"M. Chapoutier Belleruche RosÃ©";"M. Chapoutier Belleruche RosÃ©";"2018";"184.9";"0.75";"246.53";"RosÃ©vin";"Glass";"13.5";"1.8261728"
"Vinmonopolet";"10980901";"Eleni & Edouard Vocoret Chablis Les Pargues 2018";"Eleni & Edouard Vocoret Chablis Les Pargues";"2018";"329.9";"0.75";"439.87";"White wine";"Glass";"12.5";"3.5189333"
"Vinmonopolet";"10981001";"Eleni & Edouard Vocoret Chablis En Boucheran 2018";"Eleni & Edouard Vocoret Chablis En Boucheran";"2018";"329.9";"0.75";"439.87";"White wine";"Glass";"12.5";"3.5189333"
"Vinmonopolet";"10981201";"Heinz Eifel Riesling Kabinett";"Heinz Eifel Riesling Kabinett";"2016";"119.7";"0.75";"159.6";"White wine";"Glass";"7.5";"2.128"
"Vinmonopolet";"10981502";"Mahr's BrÃ¤u Helles";"Mahr's BrÃ¤u Helles";"0";"39.7";"0.33";"114.24";"Light lager";"Emballasje med pant";"4.9";"2.4551637"
"Vinmonopolet";"10981901";"Biostilla Premium Gin";"Biostilla Premium Gin";"0";"439.2";"0.7";"627.43";"Gin";"Glass";"37.5";"1.6731429"
"Vinmonopolet";"10982001";"Walcher Gin La vita e bella";"Walcher Gin La vita e bella";"0";"549.2";"0.7";"784.57";"Gin";"Glass";"40";"1.9614286"
"Vinmonopolet";"10982101";"Glenfiddich Fire & Cane";"Glenfiddich Fire & Cane";"0";"639.9";"0.7";"914.14";"Whisky";"Glass";"43";"2.1259136"
"Vinmonopolet";"10982205";"M de Minuty 2018";"M de Minuty";"2018";"459";"1.5";"306";"RosÃ©vin";"Glass";"13";"2.353846"
"Vinmonopolet";"10982301";"Ch. Minuty Rose et Or 2019";"Ch. Minuty Rose et Or";"2019";"319";"0.75";"425.33";"RosÃ©vin";"Glass";"12.5";"3.4026666"
"Vinmonopolet";"10982405";"Minuty Prestige RosÃ© 2019";"Minuty Prestige RosÃ©";"2019";"565";"1.5";"376.67";"RosÃ©vin";"Glass";"12.5";"3.0133333"
"Vinmonopolet";"10982505";"Ãtienne Calsac LâÃ©chappÃ©e Belle Brut 2016";"Ãtienne Calsac LâÃ©chappÃ©e Belle Brut";"2016";"838.8";"1.5";"559.2";"Champagne extra brut";"Glass";"12";"4.66"
"Vinmonopolet";"10982601";"The Ale Apothecary Sahalie";"The Ale Apothecary Sahalie";"0";"344.5";"0.75";"459.33";"SurÃ¸l";"Glass";"9.4";"4.886525"
"Vinmonopolet";"10982701";"Cascade The Vine";"Cascade The Vine";"2015";"252";"0.75";"336";"SurÃ¸l";"Glass";"10.1";"3.3267326"
"Vinmonopolet";"10982801";"Cascade Brewing Blackcap Raspberry";"Cascade Brewing Blackcap Raspberry";"0";"242";"0.75";"322.67";"SurÃ¸l";"Glass";"7.7";"4.1904764"
"Vinmonopolet";"10982901";"Cascade Midnight Bramble";"Cascade Midnight Bramble";"2016";"238.9";"0.75";"318.53";"SurÃ¸l";"Glass";"6.6";"4.8262625"
"Vinmonopolet";"10983101";"Dom. LÃ©cheneaut Bourgogne Hautes-CÃ´tes De Nuits 2016";"Dom. LÃ©cheneaut Bourgogne Hautes-CÃ´tes De Nuits";"2016";"397.4";"0.75";"529.87";"RÃ¸dvin";"Glass";"13";"4.075897"
"Vinmonopolet";"10983401";"Y. Clerget Volnay 2017";"Y. Clerget Volnay";"2017";"625.9";"0.75";"834.53";"RÃ¸dvin";"Glass";"13";"6.4194875"
"Vinmonopolet";"10983501";"Y. Clerget Pommard 1er Cru Les Rugiens 2017";"Y. Clerget Pommard 1er Cru Les Rugiens";"2017";"999";"0.75";"1332";"RÃ¸dvin";"Glass";"13.5";"9.866667"
"Vinmonopolet";"10984001";"Y. Clerget Volnay 1er Cru Clos du Verseuil Monopole 2017";"Y. Clerget Volnay 1er Cru Clos du Verseuil Monopole";"2017";"899";"0.75";"1198.67";"RÃ¸dvin";"Glass";"13.5";"8.879012"
"Vinmonopolet";"10984101";"Y. Clerget Volnay 1er Cru Carelle sous la Chapelle 2017";"Y. Clerget Volnay 1er Cru Carelle sous la Chapelle";"2017";"779.4";"0.75";"1039.2";"RÃ¸dvin";"Glass";"13.5";"7.697778"
"Vinmonopolet";"10984201";"Y. Clerget Volnay 1er Cru Les Santenots 2017";"Y. Clerget Volnay 1er Cru Les Santenots";"2017";"799";"0.75";"1065.33";"RÃ¸dvin";"Glass";"13.5";"7.891358"
"Vinmonopolet";"10984301";"Dom. LÃ©cheneaut Nuits-Saint-Georges Premier Cru Les Damodes 2016";"Dom. LÃ©cheneaut Nuits-Saint-Georges Premier Cru Les Damodes";"2016";"1049.8";"0.75";"1399.73";"RÃ¸dvin";"Glass";"13.5";"10.368396"
"Vinmonopolet";"10984801";"Anselma Giacomo Barolo Vignarionda Riserva 2012";"Anselma Giacomo Barolo Vignarionda Riserva";"2012";"899";"0.75";"1198.67";"RÃ¸dvin";"Glass";"15";"7.9911113"
"Vinmonopolet";"10984901";"Dom. du Clos Salomon Givry 1er Cru Monopole 2016";"Dom. du Clos Salomon Givry 1er Cru Monopole";"2016";"499.9";"0.75";"666.53";"RÃ¸dvin";"Glass";"13";"5.1271796"
"Vinmonopolet";"10985001";"Gin`Ca";"Gin`Ca";"0";"628.3";"0.7";"897.57";"Gin";"Glass";"40";"2.2439287"
"Vinmonopolet";"10985101";"Amazonian Gin Company";"Amazonian Gin Company";"0";"649.4";"0.7";"927.71";"Gin";"Glass";"41";"2.262718"
"Vinmonopolet";"10985301";"Paul Mas Vignes de Nicole RosÃ©";"Paul Mas Vignes de Nicole RosÃ©";"2018";"199.9";"0.75";"266.53";"RosÃ©vin";"Glass";"13";"2.0502563"
"Vinmonopolet";"10985405";"CÃ´te Mas RosÃ© Aurore";"CÃ´te Mas RosÃ© Aurore";"2018";"299.9";"1.5";"199.93";"RosÃ©vin";"Glass";"12.5";"1.5994667"
"Vinmonopolet";"10985501";"Torre Mora Scalunera Etna Bianco";"Torre Mora Scalunera Etna Bianco";"2019";"250";"0.75";"333.33";"White wine";"Glass";"13";"2.5641026"
"Vinmonopolet";"10985901";"SchÃ¤tzel Niersteiner Hipping Riesling GG 2017";"SchÃ¤tzel Niersteiner Hipping Riesling GG";"2017";"608.3";"0.75";"811.07";"White wine";"Glass";"11.5";"7.0527534"
"Vinmonopolet";"10986001";"Ronchi di Cialla Schioppettino 2015";"Ronchi di Cialla Schioppettino";"2015";"474.2";"0.75";"632.27";"RÃ¸dvin";"Glass";"12.5";"5.0581336"
"Vinmonopolet";"10986101";"SchÃ¤tzel Naturweiss 2018";"SchÃ¤tzel Naturweiss";"2018";"256.8";"0.75";"342.4";"White wine";"Glass";"10.5";"3.2609522"
"Vinmonopolet";"10986201";"Ronchi di Cialla Schioppettino 1999";"Ronchi di Cialla Schioppettino";"1999";"572.5";"0.75";"763.33";"RÃ¸dvin";"Glass";"13";"5.8717947"
"Vinmonopolet";"10986305";"Ronchi di Cialla Refosco 1995";"Ronchi di Cialla Refosco";"1995";"1252";"1.5";"834.67";"RÃ¸dvin";"Glass";"12.5";"6.6773334"
"Vinmonopolet";"10986401";"Ronchi di Cialla CiallaBianco 2016";"Ronchi di Cialla CiallaBianco";"2016";"323";"0.75";"430.67";"White wine";"Glass";"12.5";"3.4453332"
"Vinmonopolet";"10986501";"Ronchi di Cialla Rosato 2019";"Ronchi di Cialla Rosato";"2019";"277.1";"0.75";"369.47";"RosÃ©vin";"Glass";"12.5";"2.9557333"
"Vinmonopolet";"10986601";"Ronchi di Cialla Refosco 1993";"Ronchi di Cialla Refosco";"1993";"826.1";"0.75";"1101.47";"RÃ¸dvin";"Glass";"12.5";"8.811733"
"Vinmonopolet";"10986705";"Ronchi di Cialla Schioppettino 2005";"Ronchi di Cialla Schioppettino";"2005";"1089.3";"1.5";"726.2";"RÃ¸dvin";"Glass";"13.5";"5.3792596"
"Vinmonopolet";"10986801";"Ronchi di Cialla CiallaBianco 1999";"Ronchi di Cialla CiallaBianco";"1999";"452.8";"0.75";"603.73";"White wine";"Glass";"13";"4.6441026"
"Vinmonopolet";"10987201";"Burja Noir 2017";"Burja Noir";"2017";"365";"0.75";"486.67";"RÃ¸dvin";"Glass";"13.5";"3.6049383"
"Vinmonopolet";"10987301";"Franco Francesco Chardonnay 2018";"Franco Francesco Chardonnay";"2018";"165";"0.75";"220";"White wine";"Glass";"12.5";"1.76"
"Vinmonopolet";"10987401";"Axel Pauly Trinkfluss 2018";"Axel Pauly Trinkfluss";"2018";"179";"0.75";"238.67";"White wine";"Glass";"11.5";"2.0753622"
"Vinmonopolet";"10987502";"Wild Weather Peach of a Weekend Peach Sour";"Wild Weather Peach of a Weekend Peach Sour";"0";"69.9";"0.44";"158.86";"SurÃ¸l";"Metall";"5.6";"2.836851"
"Vinmonopolet";"10987602";"Wild Weather The course of Threepwood Rhubarb & Hibiscus Sour";"Wild Weather The course of Threepwood Rhubarb & Hibiscus Sour";"0";"69.9";"0.44";"158.86";"SurÃ¸l";"Metall";"5";"3.1772728"
"Vinmonopolet";"10987702";"Wild Weather King Street IPA";"Wild Weather King Street IPA";"0";"69.9";"0.44";"158.86";"India pale ale";"Metall";"5.9";"2.692604"
"Vinmonopolet";"10987802";"Wild Weather Full of Beans Irish Cream Coffee Stout";"Wild Weather Full of Beans Irish Cream Coffee Stout";"0";"69.9";"0.44";"158.86";"Porter and stout";"Metall";"5";"3.1772728"
"Vinmonopolet";"10987902";"Wild Weather Storm in a tea cup Earl grey IPA";"Wild Weather Storm in a tea cup Earl grey IPA";"0";"69.9";"0.44";"158.86";"India pale ale";"Metall";"6";"2.6477273"
"Vinmonopolet";"10988004";"SprizzerÃ² Pink Grapefruit";"SprizzerÃ² Pink Grapefruit";"0";"39.9";"0.25";"159.6";"Flavoured wine	";"Metall";"5.5";"2.9018183"
"Vinmonopolet";"10988104";"SprizzerÃ² Sprizz Bitterorange";"SprizzerÃ² Sprizz Bitterorange";"0";"39.9";"0.25";"159.6";"Flavoured wine	";"Metall";"5.5";"2.9018183"
"Vinmonopolet";"10988204";"SprizzerÃ² Secco Rosato";"SprizzerÃ² Secco Rosato";"0";"39.9";"0.25";"159.6";"Flavoured wine	";"Metall";"5.5";"2.9018183"
"Vinmonopolet";"10988304";"SprizzerÃ² Secco Bianco";"SprizzerÃ² Secco Bianco";"0";"39.9";"0.25";"159.6";"Flavoured wine	";"Metall";"5.5";"2.9018183"
"Vinmonopolet";"10988401";"La Cantina Delle 7 Donne Barolo";"La Cantina Delle 7 Donne Barolo";"2014";"299.9";"0.75";"399.87";"RÃ¸dvin";"Glass";"13.5";"2.9619753"
"Vinmonopolet";"10988501";"Ch. Sainte Croix Charmeur";"Ch. Sainte Croix Charmeur";"2018";"189.9";"0.75";"253.2";"RosÃ©vin";"Glass";"12.5";"2.0256"
"Vinmonopolet";"10988601";"La Cantina Delle 7 Donne Piemonte Barbera";"La Cantina Delle 7 Donne Piemonte Barbera";"2018";"109.9";"0.75";"146.53";"RÃ¸dvin";"Glass";"12.5";"1.1722667"
"Vinmonopolet";"10988701";"La Cantina Delle 7 Donne Barbaresco";"La Cantina Delle 7 Donne Barbaresco";"2015";"229.9";"0.75";"306.53";"RÃ¸dvin";"Glass";"13.5";"2.2706172"
"Vinmonopolet";"10988801";"The Wine System Viuranus 2018";"The Wine System Viuranus";"2018";"99";"0.75";"132";"White wine";"Glass";"12.5";"1.056"
"Vinmonopolet";"10988901";"The Wine System Rosenium";"The Wine System Rosenium";"2018";"99";"0.75";"132";"RosÃ©vin";"Glass";"12.5";"1.056"
"Vinmonopolet";"10989001";"Babcock Chardonnay Santa Barbara";"Babcock Chardonnay Santa Barbara";"2017";"159.9";"0.75";"213.2";"White wine";"Glass";"12";"1.7766666"
"Vinmonopolet";"10989401";"Seriti Pinotage 2018";"Seriti Pinotage";"2018";"132.9";"0.75";"173.2";"RÃ¸dvin";"Emballasje med pant";"14";"1.2657142"
"Vinmonopolet";"10989501";"Palmer Organic GrÃ¼ner Veltliner 2019";"Palmer Organic GrÃ¼ner Veltliner";"2019";"134.9";"1";"134.9";"White wine";"Ãvrig";"12";"1.1241666"
"Vinmonopolet";"10989701";"Mirabell RosÃ©";"Mirabell RosÃ©";"2018";"129.9";"0.75";"173.2";"RosÃ©vin";"Glass";"12.5";"1.3856"
"Vinmonopolet";"10990002";"Georg Breuer Rheingau Auslese";"Georg Breuer Rheingau Auslese";"2019";"201.9";"0.38";"538.4";"White wine";"Glass";"9";"5.9035087"
"Vinmonopolet";"10990106";"Cono Sur Bicicleta Pinot Noir Reserva RosÃ©";"Cono Sur Bicicleta Pinot Noir Reserva RosÃ©";"2019";"299.9";"2";"149.95";"RosÃ©vin";"Bag-in-box";"12";"1.2495834"
"Vinmonopolet";"10990201";"Ornellaia Bianco 2016";"Ornellaia Bianco";"2016";"1899.9";"0.75";"2533.2";"White wine";"Glass";"13.5";"18.764444"
"Vinmonopolet";"10990402";"Midtfyns Sunshine";"Midtfyns Sunshine";"0";"49.9";"0.33";"151.21";"Light ale";"Glass";"5.3";"2.8530588"
"Vinmonopolet";"10990502";"Hitachino Nest DaiDai Ale IPA";"Hitachino Nest DaiDai Ale IPA";"0";"55.9";"0.33";"169.39";"India pale ale";"Glass";"6.2";"2.7321603"
"Vinmonopolet";"10990602";"Baladin Rock n'Roll";"Baladin Rock n'Roll";"0";"58.9";"0.33";"178.49";"Pale ale";"Glass";"7.5";"2.379798"
"Vinmonopolet";"10990802";"Baladin Xyauyu Kioke";"Baladin Xyauyu Kioke";"0";"389.9";"0.5";"779.8";"Special";"Glass";"14";"5.5699997"
"Vinmonopolet";"10990905";"Ganevat La Croix des Batailles";"Ganevat La Croix des Batailles";"2017";"799.9";"1.5";"533.27";"RÃ¸dvin";"Glass";"13.5";"3.9501235"
"Vinmonopolet";"10991901";"Enrico Serafino Alta Langa Zero Brut Nature";"Enrico Serafino Alta Langa Zero Brut Nature";"0";"449.9";"0.75";"599.87";"Sparkling wine";"Glass";"12.5";"4.7989335"
"Vinmonopolet";"10992001";"Enrico Serafino Picotener Langhe Nebbiolo 2017";"Enrico Serafino Picotener Langhe Nebbiolo";"2017";"379.9";"0.75";"506.53";"RÃ¸dvin";"Glass";"14";"3.6180952"
"Vinmonopolet";"10992101";"La Magnolia Prosecco";"La Magnolia Prosecco";"0";"189";"0.75";"252";"Sparkling wine";"Glass";"11.5";"2.1913044"
"Vinmonopolet";"10992302";"Zurlie";"Zurlie";"2018";"178.5";"0.5";"357";"Perlende vin, rosÃ©";"Glass";"11";"3.2454545"
"Vinmonopolet";"10992401";"Hexamer Meddersheimer Rheingrafenberg Riesling XXL trocken 2007";"Hexamer Meddersheimer Rheingrafenberg Riesling XXL trocken";"2007";"299.8";"0.75";"399.73";"White wine";"Glass";"13";"3.0748718"
"Vinmonopolet";"10992602";"O/O Brewing Long Boil Barley Wine";"O/O Brewing Long Boil Barley Wine";"0";"89.9";"0.33";"272.42";"Barley wine	";"Glass";"11.3";"2.4108338"
"Vinmonopolet";"10993002";"Mikkeller Beer Geek Vanilla Shake";"Mikkeller Beer Geek Vanilla Shake";"0";"114.9";"0.33";"348.18";"Porter and stout";"Metall";"12";"2.901515"
"Vinmonopolet";"10993102";"Mikkeller Beer Geek Cocoa Shake";"Mikkeller Beer Geek Cocoa Shake";"0";"114.9";"0.33";"348.18";"Porter and stout";"Metall";"12";"2.901515"
"Vinmonopolet";"10993202";"Mikkeller k:rlek 2019";"Mikkeller k:rlek";"2019";"58.9";"0.33";"178.49";"Pale ale";"Metall";"4.8";"3.718434"
"Vinmonopolet";"10993302";"Mikkeller Baghaven Rubus Of Rose Blend 1";"Mikkeller Baghaven Rubus Of Rose Blend 1";"0";"185";"0.38";"493.33";"SurÃ¸l";"Glass";"7.2";"6.7616963"
"Vinmonopolet";"10993401";"Mikkeller Baghaven HavnesÃ¦son Blend 1";"Mikkeller Baghaven HavnesÃ¦son Blend 1";"0";"315";"0.75";"420";"Saison farmhouse ale";"Glass";"7.2";"5.8333335"
"Vinmonopolet";"10993502";"MarÃ­a Bonita Dunkel";"MarÃ­a Bonita Dunkel";"0";"75";"0.35";"211.27";"MÃ¸rk lager";"Glass";"5";"4.285714"
"Vinmonopolet";"10993701";"Cooper's Choice Auchroisk Speyside Dessert Banyuls Finish Cask No.4259";"Cooper's Choice Auchroisk Speyside Dessert Banyuls Finish Cask No.";"0";"999";"0.7";"1427.14";"Whisky";"Glass";"58.5";"2.4395604"
"Vinmonopolet";"10993801";"Cooper's Choice Ledaig 2002 17 YO Moscatel Finish Cask No.9323";"Cooper's Choice Ledaig  17 YO Moscatel Finish Cask No.";"0";"1550";"0.7";"2214.29";"Whisky";"Glass";"53.5";"4.1388516"
"Vinmonopolet";"10994001";"Cooper's Choice Skara Brae 2002 16 YO Cask No.77";"Cooper's Choice Skara Brae  16 YO Cask No.77";"0";"1295";"0.7";"1850";"Whisky";"Glass";"54.5";"3.3944955"
"Vinmonopolet";"10994101";"Cooper's Choice Glenallachie 2011 7 YO Port Finish Cask No.9039";"Cooper's Choice Glenallachie  7 YO Port Finish Cask No.";"0";"999";"0.7";"1427.14";"Whisky";"Glass";"57.5";"2.4819877"
"Vinmonopolet";"10994301";"Cooper's Choice Golden Grain 1982 36 YO Cask No. 2";"Cooper's Choice Golden Grain  36 YO Cask No. 2";"0";"1950";"0.7";"2785.71";"Whisky";"Glass";"50";"5.571429"
"Vinmonopolet";"10994401";"Zardetto Porta Monticano Millesimato Brut";"Zardetto Porta Monticano Millesimato Brut";"0";"175";"0.75";"233.33";"Sparkling wine";"Glass";"11.5";"2.0289855"
"Vinmonopolet";"10994601";"Nikka Days";"Nikka Days";"0";"579.9";"0.7";"828.43";"Whisky";"Glass";"40";"2.0710716"
"Vinmonopolet";"10994901";"Wild Beer Isle of Avalon";"Wild Beer Isle of Avalon";"0";"159.9";"0.75";"213.2";"SurÃ¸l";"Glass";"5.7";"3.740351"
"Vinmonopolet";"10995101";"The GlenAllachie 18 YO";"The GlenAllachie 18 YO";"0";"1349.9";"0.7";"1928.43";"Whisky";"Glass";"46";"4.192236"
"Vinmonopolet";"10995602";"Ulvik Frukt & Cideri Gamal Tradisjon Still 2017";"Ulvik Frukt & Cideri Gamal Tradisjon Still";"2017";"119.9";"0.5";"239.8";"Cider";"Glass";"6";"3.9966667"
"Vinmonopolet";"10996601";"Stockholm Brewing Saison de Cave";"Stockholm Brewing Saison de Cave";"0";"199.9";"0.75";"266.53";"Saison farmhouse ale";"Glass";"7";"3.8076189"
"Vinmonopolet";"10996801";"Borgo San Daniele Arbis Blanc 2014";"Borgo San Daniele Arbis Blanc";"2014";"369.9";"0.75";"493.2";"White wine";"Glass";"13.5";"3.6533332"
"Vinmonopolet";"10996901";"Borgo San Daniele Jiasik Bianco 2018";"Borgo San Daniele Jiasik Bianco";"2018";"270";"0.75";"360";"White wine";"Glass";"13";"2.7692308"
"Vinmonopolet";"10997001";"Borgo San Daniele Friulano 2017";"Borgo San Daniele Friulano";"2017";"310";"0.75";"413.33";"White wine";"Glass";"13.5";"3.0617285"
"Vinmonopolet";"10997201";"Borgo San Daniele Arbis Blanc 2016";"Borgo San Daniele Arbis Blanc";"2016";"369.4";"0.75";"492.53";"White wine";"Glass";"14.5";"3.3967814"
"Vinmonopolet";"10997301";"Borgo San Daniele Jiasik Rosso 2017";"Borgo San Daniele Jiasik Rosso";"2017";"270";"0.75";"360";"RÃ¸dvin";"Glass";"13";"2.7692308"
"Vinmonopolet";"10997401";"Abbazia Moscato Spumante RosÃ©";"Abbazia Moscato Spumante RosÃ©";"0";"87.9";"0.75";"117.2";"Musserende vin, rosÃ©";"Glass";"7";"1.6742858"
"Vinmonopolet";"10997602";"Klokk & Co Oi Oi DIPA";"Klokk & Co Oi Oi DIPA";"2019";"53.7";"0.33";"156.67";"India pale ale";"Emballasje med pant";"8";"2.0340908"
"Vinmonopolet";"10997801";"Dom. St. Gayan CÃ´tes-du-RhÃ´ne Trescartes";"Dom. St. Gayan CÃ´tes-du-RhÃ´ne Trescartes";"2016";"185";"0.75";"246.67";"RÃ¸dvin";"Glass";"13.5";"1.8271605"
"Vinmonopolet";"10997901";"Monograph RosÃ©";"Monograph RosÃ©";"2018";"165";"0.75";"220";"RosÃ©vin";"Glass";"12";"1.8333334"
"Vinmonopolet";"10998301";"Porzelt Weisser Burgunder trocken";"Porzelt Weisser Burgunder trocken";"2017";"181.7";"0.75";"242.27";"White wine";"Glass";"13";"1.8635898"
"Vinmonopolet";"10998401";"Porzelt Riesling trocken";"Porzelt Riesling trocken";"2017";"177.7";"0.75";"236.93";"White wine";"Glass";"12";"1.9744444"
"Vinmonopolet";"10998501";"Porzelt CuvÃ©e RosÃ© trocken";"Porzelt CuvÃ©e RosÃ© trocken";"2017";"164.8";"0.75";"219.73";"RosÃ©vin";"Glass";"11";"1.9975758"
"Vinmonopolet";"10998601";"Engel Nieder-FlÃ¶rsheimer Riesling";"Engel Nieder-FlÃ¶rsheimer Riesling";"2017";"196.8";"0.75";"262.4";"White wine";"Glass";"12.5";"2.0992"
"Vinmonopolet";"10998701";"Engel Viognier Reserve";"Engel Viognier Reserve";"2017";"209.7";"0.75";"279.6";"White wine";"Glass";"11.5";"2.4313042"
"Vinmonopolet";"10998801";"Roche de Bellene Volnay 2017";"Roche de Bellene Volnay";"2017";"449.9";"0.75";"599.87";"RÃ¸dvin";"Glass";"13";"4.614359"
"Vinmonopolet";"10998901";"Ch. Barreyre";"Ch. Barreyre";"2015";"119.6";"0.75";"159.47";"RÃ¸dvin";"Glass";"13";"1.2266667"
"Vinmonopolet";"10999001";"Travaglini Rosato 2018";"Travaglini Rosato";"2018";"109.6";"0.75";"146.13";"RosÃ©vin";"Glass";"13.5";"1.0824691"
"Vinmonopolet";"10999101";"Bonnet Rouge";"Bonnet Rouge";"2018";"169.9";"0.75";"226.53";"RÃ¸dvin";"Glass";"13";"1.7425641"
"Vinmonopolet";"10999601";"Mythopia Vagabond 2014";"Mythopia Vagabond";"2014";"490";"0.75";"653.33";"RÃ¸dvin";"Glass";"12";"5.4444447"
"Vinmonopolet";"10999701";"Mythopia Disobedience 2015";"Mythopia Disobedience";"2015";"490";"0.75";"653.33";"White wine";"Glass";"12";"5.4444447"
"Vinmonopolet";"10999801";"Mythopia Illusion 2015";"Mythopia Illusion";"2015";"440";"0.75";"586.67";"RÃ¸dvin";"Glass";"12";"4.888889"
"Vinmonopolet";"10999901";"Mythopia Ï no 2015";"Mythopia Ï no";"2015";"420";"0.75";"560";"RÃ¸dvin";"Glass";"12";"4.6666665"
"Vinmonopolet";"11000001";"Smockshop Band Spring Ephemeral Zinfandel 2017";"Smockshop Band Spring Ephemeral Zinfandel";"2017";"299";"0.75";"398.67";"RÃ¸dvin";"Glass";"13.5";"2.9530864"
"Vinmonopolet";"11000101";"Smockshop Band LÃºnasa 2016";"Smockshop Band LÃºnasa";"2016";"490";"0.75";"653.33";"RÃ¸dvin";"Glass";"13.5";"4.839506"
"Vinmonopolet";"11000201";"Hiyu The May II";"Hiyu The May II";"0";"790";"0.75";"1053.33";"RÃ¸dvin";"Glass";"13.5";"7.8024693"
"Vinmonopolet";"11000301";"Frank John Riesling Buntsandstein";"Frank John Riesling Buntsandstein";"2017";"215";"0.75";"286.67";"White wine";"Glass";"12";"2.3888888"
"Vinmonopolet";"11000401";"Frank John Pinot Noir Kalkstein 2016";"Frank John Pinot Noir Kalkstein";"2016";"399.9";"0.75";"533.2";"RÃ¸dvin";"Glass";"13.5";"3.9496295"
"Vinmonopolet";"11000701";"Lunaria LaBelle Malvasia Pet Nat";"Lunaria LaBelle Malvasia Pet Nat";"0";"199.9";"0.75";"266.53";"Sparkling white wine";"Glass";"12.5";"2.1322665"
"Vinmonopolet";"11000801";"Lunaria Ramoro Pinot Grigio Pet Nat";"Lunaria Ramoro Pinot Grigio Pet Nat";"0";"199.9";"0.75";"266.53";"Perlende vin, rosÃ©";"Glass";"12";"2.221111"
"Vinmonopolet";"11001201";"Hacienda Casa del Valle Chardonnay";"Hacienda Casa del Valle Chardonnay";"2018";"154.9";"0.75";"206.53";"White wine";"Glass";"12.5";"1.6522666"
"Vinmonopolet";"11001901";"Familie Raymond Nos Racines";"Familie Raymond Nos Racines";"2017";"109.9";"0.75";"146.53";"RÃ¸dvin";"Glass";"13";"1.1271795"
"Vinmonopolet";"11001906";"Familie Raymond Nos Racines";"Familie Raymond Nos Racines";"2017";"299.9";"3";"99.97";"RÃ¸dvin";"Bag-in-box";"13";"0.76897436"
"Vinmonopolet";"11002001";"Familie Raymond Nos Racines RosÃ©";"Familie Raymond Nos Racines RosÃ©";"2018";"109.9";"0.75";"146.53";"RosÃ©vin";"Glass";"12.5";"1.1722667"
"Vinmonopolet";"11002601";"Adelphi Selection Glen Garioch 2011 7 YO Cask No 2370";"Adelphi Selection Glen Garioch  7 YO Cask No";"0";"1200";"0.7";"1714.29";"Whisky";"Glass";"56.8";"3.0181088"
"Vinmonopolet";"11002701";"Adelphi Selection Bunnahabhain 2009 10 YO Cask No 900021";"Adelphi Selection Bunnahabhain  10 YO Cask No 21";"0";"1555";"0.7";"2221.43";"Whisky";"Glass";"58.8";"3.7779398"
"Vinmonopolet";"11002801";"Adelphi Selection Ardmore 2002 17 YO Cask No 317";"Adelphi Selection Ardmore  17 YO Cask No 317";"0";"2105";"0.7";"3007.14";"Whisky";"Glass";"58.2";"5.166912"
"Vinmonopolet";"11003001";"Adelphi Limited Linkwood 1993 25 YO Cask No 670";"Adelphi Limited Linkwood  25 YO Cask No 670";"0";"2800";"0.7";"4000";"Whisky";"Glass";"48.4";"8.264462"
"Vinmonopolet";"11003201";"Arunda Blanc De Blancs";"Arunda Blanc De Blancs";"0";"330.9";"0.75";"441.2";"Sparkling wine";"Glass";"13";"3.393846"
"Vinmonopolet";"11003301";"Cant. di Torra Hors-SÃ©rie Blanc 17/18";"Cant. di Torra Hors-SÃ©rie Blanc 17/18";"0";"334";"0.75";"445.33";"White wine";"Glass";"13.8";"3.2270532"
"Vinmonopolet";"11003401";"Arunda Brut RosÃ©";"Arunda Brut RosÃ©";"0";"330.9";"0.75";"441.2";"Musserende vin, rosÃ©";"Glass";"13";"3.393846"
"Vinmonopolet";"11003501";"Cant. di Torra Hors-SÃ©rie Rouge 2016";"Cant. di Torra Hors-SÃ©rie Rouge";"2016";"329";"0.75";"438.67";"RÃ¸dvin";"Glass";"12.8";"3.4270833"
"Vinmonopolet";"11003701";"Ch. des Jacques Beaujolais Blanc Clos de Loyse";"Ch. des Jacques Beaujolais Blanc Clos de Loyse";"2018";"199.9";"0.75";"266.53";"White wine";"Glass";"12.5";"2.1322665"
"Vinmonopolet";"11003901";"Villa Wolf Wachenheimer Belz Riesling 2007";"Villa Wolf Wachenheimer Belz Riesling";"2007";"259";"0.75";"345.33";"White wine";"Glass";"11";"3.139394"
"Vinmonopolet";"11004001";"Villa Wolf Forster Pechstein Riesling 2004";"Villa Wolf Forster Pechstein Riesling";"2004";"279";"0.75";"372";"White wine";"Glass";"11.5";"3.2347827"
"Vinmonopolet";"11004106";"Villa Wolf Riesling Trocken 2018";"Villa Wolf Riesling Trocken";"2018";"439.9";"3";"146.63";"White wine";"Bag-in-box";"11.5";"1.2750725"
"Vinmonopolet";"11004201";"Melsheimer Rurale Riesling PÃ©tillant Naturel 2017";"Melsheimer Rurale Riesling PÃ©tillant Naturel";"2017";"249";"0.75";"332";"Sparkling white wine";"Glass";"10.5";"3.1619048"
"Vinmonopolet";"11004301";"Huber-Verdereau Pommard En Vaumuriens Hauts 2017";"Huber-Verdereau Pommard En Vaumuriens Hauts";"2017";"475";"0.75";"633.33";"RÃ¸dvin";"Glass";"13";"4.8717947"
"Vinmonopolet";"11004401";"Huber-Verdereau Monthelie La Combe Danay 2017";"Huber-Verdereau Monthelie La Combe Danay";"2017";"359";"0.75";"478.67";"RÃ¸dvin";"Glass";"13";"3.6820512"
"Vinmonopolet";"11004501";"Huber-Verdereau Volnay 2017";"Huber-Verdereau Volnay";"2017";"445";"0.75";"593.33";"RÃ¸dvin";"Glass";"13";"4.5641026"
"Vinmonopolet";"11004601";"Huber-Verdereau Volnay 1er Cru Les Fremiets 2017";"Huber-Verdereau Volnay 1er Cru Les Fremiets";"2017";"599";"0.75";"798.67";"RÃ¸dvin";"Glass";"13";"6.14359"
"Vinmonopolet";"11004701";"Huber-Verdereau Pommard 1er Cru Les Bertins 2017";"Huber-Verdereau Pommard 1er Cru Les Bertins";"2017";"599";"0.75";"798.67";"RÃ¸dvin";"Glass";"13";"6.14359"
"Vinmonopolet";"11005001";"Pataille Bourgogne AligotÃ© Champ Forey 2017";"Pataille Bourgogne AligotÃ© Champ Forey";"2017";"345";"0.75";"460";"White wine";"Glass";"12.5";"3.68"
"Vinmonopolet";"11005101";"Pataille Bourgogne AligotÃ© Le Charme aux Pretres 2017";"Pataille Bourgogne AligotÃ© Le Charme aux Pretres";"2017";"419";"0.75";"558.67";"White wine";"Glass";"12.5";"4.469333"
"Vinmonopolet";"11005201";"Menade Sobrenatural 2015";"Menade Sobrenatural";"2015";"449";"0.75";"598.67";"White wine";"Glass";"13.5";"4.434568"
"Vinmonopolet";"11005301";"Loimer Pet Nat 2019";"Loimer Pet Nat";"2019";"199.9";"0.75";"266.53";"Sparkling white wine";"Glass";"11";"2.4230301"
"Vinmonopolet";"11005402";"Cervisiam Gamma Gulp New England Style Pale Ale";"Cervisiam Gamma Gulp New England Style Pale Ale";"0";"61.9";"0.33";"181.52";"Pale ale";"Emballasje med pant";"5.5";"3.4104683"
"Vinmonopolet";"11005502";"Cervisiam Headbanger Facerip Imperial Blueberry Gose";"Cervisiam Headbanger Facerip Imperial Blueberry Gose";"0";"64.9";"0.33";"190.61";"SurÃ¸l";"Emballasje med pant";"6.5";"3.025641"
"Vinmonopolet";"11005602";"Graff Kennedy Kettle Sour";"Graff Kennedy Kettle Sour";"0";"59.9";"0.33";"181.52";"SurÃ¸l";"Glass";"5.5";"3.3002753"
"Vinmonopolet";"11005802";"Haandbryggeriet The North Sea";"Haandbryggeriet The North Sea";"0";"67";"0.33";"203.03";"Porter and stout";"Glass";"8.9";"2.2812393"
"Vinmonopolet";"11005902";"Haandbryggeriet Information vs knowledge";"Haandbryggeriet Information vs knowledge";"0";"47.8";"0.33";"138.79";"SurÃ¸l";"Emballasje med pant";"5.6";"2.58658"
"Vinmonopolet";"11006002";"Duvel Tripel Hop Cashmere";"Duvel Tripel Hop Cashmere";"0";"60.9";"0.33";"184.55";"India pale ale";"Glass";"9.5";"1.9425837"
"Vinmonopolet";"11006102";"Tokinoka Black Blended Whisky";"Tokinoka Black Blended Whisky";"0";"799";"0.5";"1598";"Whisky";"Glass";"50";"3.196"
"Vinmonopolet";"11006202";"Tokinoka Blended Whisky";"Tokinoka Blended Whisky";"0";"589";"0.5";"1178";"Whisky";"Glass";"40";"2.945"
"Vinmonopolet";"11006701";"Cant. MargÃ² Rosso 2018";"Cant. MargÃ² Rosso";"2018";"284.3";"0.75";"379.07";"RÃ¸dvin";"Glass";"15";"2.527111"
"Vinmonopolet";"11006801";"Cant. MargÃ² Bianco Fiero 2018";"Cant. MargÃ² Bianco Fiero";"2018";"280";"0.75";"373.33";"White wine";"Glass";"12.5";"2.9866667"
"Vinmonopolet";"11006901";"Cant. MargÃ² Bianco Regio 2018";"Cant. MargÃ² Bianco Regio";"2018";"280";"0.75";"373.33";"White wine";"Glass";"13";"2.871795"
"Vinmonopolet";"11007001";"Cola Franciacorta Millesimato Dosaggio Zero 2013";"Cola Franciacorta Millesimato Dosaggio Zero";"2013";"297";"0.75";"396";"Sparkling wine";"Glass";"12.5";"3.168"
"Vinmonopolet";"11007101";"Cola Saten Franciacorta Brut 2015";"Cola Saten Franciacorta Brut";"2015";"277";"0.75";"369.33";"Sparkling wine";"Glass";"12.5";"2.9546666"
"Vinmonopolet";"11007201";"Cola Franciacorta Extra Brut";"Cola Franciacorta Extra Brut";"0";"297";"0.75";"396";"Sparkling wine";"Glass";"12.5";"3.168"
"Vinmonopolet";"11007301";"Lions de Batailley Pauillac";"Lions de Batailley Pauillac";"2015";"419.9";"0.75";"559.87";"RÃ¸dvin";"Glass";"13.5";"4.1471605"
"Vinmonopolet";"11007405";"Viberti Giovanni Barbera d'Alba Bricco Airoli Superiore 2015";"Viberti Giovanni Barbera d'Alba Bricco Airoli Superiore";"2015";"639.9";"1.5";"426.6";"RÃ¸dvin";"Glass";"14.5";"2.942069"
"Vinmonopolet";"11007701";"Arnaud Lambert Clos Mazurique Saumur Rouge 2018";"Arnaud Lambert Clos Mazurique Saumur Rouge";"2018";"226";"0.75";"301.33";"RÃ¸dvin";"Glass";"13";"2.3179488"
"Vinmonopolet";"11007801";"Romain Reverdy FlorilÃ¨ge RosÃ© 2018";"Romain Reverdy FlorilÃ¨ge RosÃ©";"2018";"228.1";"0.75";"304.13";"RosÃ©vin";"Glass";"13.5";"2.2528396"
"Vinmonopolet";"11007901";"Girardin Meursault Les Tillets 2015";"Girardin Meursault Les Tillets";"2015";"545";"0.75";"726.67";"White wine";"Glass";"13";"5.5897436"
"Vinmonopolet";"11008005";"Pasqua 11 Minutes RosÃ©";"Pasqua 11 Minutes RosÃ©";"2018";"379.9";"1.5";"253.27";"RosÃ©vin";"Glass";"12.5";"2.0261333"
"Vinmonopolet";"11008101";"Arnaud Lambert Clos Tue-Loup Saumur Rouge 2017";"Arnaud Lambert Clos Tue-Loup Saumur Rouge";"2017";"262.9";"0.75";"350.53";"RÃ¸dvin";"Glass";"13";"2.6964102"
"Vinmonopolet";"11008201";"Arnaud Lambert Clos du Midi Saumur Blanc 2018";"Arnaud Lambert Clos du Midi Saumur Blanc";"2018";"239.9";"0.75";"319.87";"White wine";"Glass";"13";"2.4605129"
"Vinmonopolet";"11008301";"Heraclio Alfaro 2016";"Heraclio Alfaro";"2016";"175";"0.75";"233.33";"RÃ¸dvin";"Glass";"14";"1.6666666"
"Vinmonopolet";"11009201";"Raddeck Riesling SpÃ¤tlese 2019";"Raddeck Riesling SpÃ¤tlese";"2019";"157.1";"0.75";"209.47";"White wine";"Glass";"9.5";"2.2049124"
"Vinmonopolet";"11009301";"Aroa Le Naturel Blanco 2019";"Aroa Le Naturel Blanco";"2019";"188.2";"0.75";"250.93";"White wine";"Glass";"13";"1.9302564"
"Vinmonopolet";"11009401";"Dirler-CadÃ© Lieu-dit Belzbrunnen Riesling";"Dirler-CadÃ© Lieu-dit Belzbrunnen Riesling";"2016";"353.8";"0.75";"471.73";"White wine";"Glass";"13";"3.628718"
"Vinmonopolet";"11009501";"Dirler-CadÃ© Saering Grand Cru Riesling";"Dirler-CadÃ© Saering Grand Cru Riesling";"2016";"440.6";"0.75";"587.47";"White wine";"Glass";"13.5";"4.351605"
"Vinmonopolet";"11009601";"Dirler-CadÃ© CrÃ©mant d'Alsace Riesling Brut Nature";"Dirler-CadÃ© CrÃ©mant d'Alsace Riesling Brut Nature";"2014";"337.7";"0.75";"450.27";"Sparkling wine";"Glass";"12.5";"3.6021335"
"Vinmonopolet";"11010102";"Firestone Walker Nitro Merlin Milk Stout";"Firestone Walker Nitro Merlin Milk Stout";"0";"56.9";"0.35";"160.28";"Porter and stout";"Metall";"5.5";"2.9558444"
"Vinmonopolet";"11010302";"Wild Beer Nebula IPA";"Wild Beer Nebula IPA";"0";"49.9";"0.33";"145.15";"India pale ale";"Emballasje med pant";"5";"3.0242424"
"Vinmonopolet";"11012301";"Magula Oran ov Vlk 2017";"Magula Oran ov Vlk";"2017";"334";"0.75";"445.33";"White wine";"Glass";"12";"3.711111"
"Vinmonopolet";"11012401";"Magula VeltlÃ­nske ZelenÃ© 2016";"Magula VeltlÃ­nske ZelenÃ©";"2016";"298";"0.75";"397.33";"White wine";"Glass";"13";"3.0564103"
"Vinmonopolet";"11012501";"Magula Carboniq 2018";"Magula Carboniq";"2018";"273";"0.75";"364";"RÃ¸dvin";"Glass";"11";"3.3090909"
"Vinmonopolet";"11012601";"Magula Frankovka Modra 2014";"Magula Frankovka Modra";"2014";"320";"0.75";"426.67";"RÃ¸dvin";"Glass";"13";"3.2820513"
"Vinmonopolet";"11013401";"Dirler-CadÃ© Pinot Noir";"Dirler-CadÃ© Pinot Noir";"2017";"348.5";"0.75";"464.67";"RÃ¸dvin";"Glass";"12.5";"3.7173333"
"Vinmonopolet";"11015601";"Kompis RosÃ©";"Kompis RosÃ©";"0";"135";"0.75";"180";"RosÃ©vin";"Glass";"12";"1.5"
"Vinmonopolet";"11015901";"Jacob's Creek Unvined Riesling";"Jacob's Creek Unvined Riesling";"2019";"66.9";"0.75";"89.2";"Non-alcoholic wine";"Glass";"0.5";"17.84"
"Vinmonopolet";"11016001";"Jacob's Creek Unvined Shiraz";"Jacob's Creek Unvined Shiraz";"2019";"66.9";"0.75";"89.2";"Non-alcoholic wine";"Glass";"0.5";"17.84"
"Vinmonopolet";"11016101";"Mancino Vermouth Rosso Amaranto";"Mancino Vermouth Rosso Amaranto";"0";"431.9";"0.75";"575.87";"Vermouth";"Glass";"16";"3.5991666"
"Vinmonopolet";"11016201";"Mancino Vermouth Bianco Ambrato";"Mancino Vermouth Bianco Ambrato";"0";"422.1";"0.75";"562.8";"Vermouth";"Glass";"16";"3.5175002"
"Vinmonopolet";"11016401";"FiguiÃ¨re Confidentielle 2017";"FiguiÃ¨re Confidentielle";"2017";"375.5";"0.75";"500.67";"RosÃ©vin";"Glass";"13";"3.8512821"
"Vinmonopolet";"11016501";"Brand's Laira Blockers Cabernet 2014";"Brand's Laira Blockers Cabernet";"2014";"249.9";"0.75";"333.2";"RÃ¸dvin";"Glass";"14";"2.3799999"
"Vinmonopolet";"11016901";"Billaud Petit Chablis Sur Les Clos 2017";"Billaud Petit Chablis Sur Les Clos";"2017";"269.9";"0.75";"359.87";"White wine";"Glass";"12.5";"2.8789332"
"Vinmonopolet";"11017002";"Sofiero Gull";"Sofiero Gull";"0";"35.9";"0.33";"108.79";"Light lager";"Metall";"7.5";"1.450505"
"Vinmonopolet";"11017101";"Chase Rhubarb Bramley Apple Gin";"Chase Rhubarb Bramley Apple Gin";"0";"639.9";"0.7";"914.14";"Gin";"Glass";"40";"2.2853572"
"Vinmonopolet";"11017201";"FiguiÃ¨re PremiÃ¨re RosÃ© 2018";"FiguiÃ¨re PremiÃ¨re RosÃ©";"2018";"300.5";"0.75";"400.67";"RosÃ©vin";"Glass";"13";"3.0820513"
"Vinmonopolet";"11017301";"Weing. Tegernseerhof DÃ¼rnstein GrÃ¼ner Veltliner Federspiel 2017";"Weing. Tegernseerhof DÃ¼rnstein GrÃ¼ner Veltliner Federspiel";"2017";"317";"0.75";"422.67";"White wine";"Glass";"12.5";"3.3813334"
"Vinmonopolet";"11017402";"Sakura Emaki Sparkling";"Sakura Emaki Sparkling";"0";"199.9";"0.36";"555.28";"Sake";"Glass";"11";"5.0479794"
"Vinmonopolet";"11017506";"Dom. Gueguen Je Suis Chablis";"Dom. Gueguen Je Suis Chablis";"2018";"429";"1.5";"286";"White wine";"Bag-in-box";"12";"2.3833334"
"Vinmonopolet";"11017601";"Cabutto Langhe Rosato";"Cabutto Langhe Rosato";"2018";"199.9";"0.75";"266.53";"RosÃ©vin";"Glass";"14";"1.9038094"
"Vinmonopolet";"11017701";"Clambon Junmai Ginjo Sparkling";"Clambon Junmai Ginjo Sparkling";"0";"340";"0.72";"472.22";"Sake";"Glass";"15";"3.148148"
"Vinmonopolet";"11017802";"Le Prickly French 2018";"Le Prickly French";"2018";"74.9";"0.38";"199.73";"White wine";"Glass";"9.5";"2.0747924"
"Vinmonopolet";"11017901";"Dom. de Montille Meursault 1er Cru Les Porusots 2016";"Dom. de Montille Meursault 1er Cru Les Porusots";"2016";"999.9";"0.75";"1333.2";"White wine";"Glass";"13";"10.255384"
"Vinmonopolet";"11018002";"Mikkeller Beer Geek Brunch";"Mikkeller Beer Geek Brunch";"0";"98.9";"0.33";"299.7";"Porter and stout";"Metall";"10.9";"2.7495136"
"Vinmonopolet";"11018201";"Bread & Butter Chardonnay";"Bread & Butter Chardonnay";"0";"229.8";"0.75";"306.4";"White wine";"Glass";"13.5";"2.2696297"
"Vinmonopolet";"11018301";"Bread & Butter RosÃ©";"Bread & Butter RosÃ©";"0";"229.5";"0.75";"306";"RosÃ©vin";"Glass";"12.5";"2.448"
"Vinmonopolet";"11018401";"Bread & Butter Pinot Noir";"Bread & Butter Pinot Noir";"0";"229.8";"0.75";"306.4";"RÃ¸dvin";"Glass";"13.5";"2.2696297"
"Vinmonopolet";"11018501";"Chronic Cellars Suite Petite";"Chronic Cellars Suite Petite";"2016";"239";"0.75";"318.67";"RÃ¸dvin";"Glass";"14";"2.2761905"
"Vinmonopolet";"11018601";"Chronic Cellars Stone Fox";"Chronic Cellars Stone Fox";"0";"299.7";"0.75";"399.6";"White wine";"Glass";"15";"2.664"
"Vinmonopolet";"11018701";"Cune Garnacha";"Cune Garnacha";"2017";"175";"0.75";"233.33";"RÃ¸dvin";"Glass";"14";"1.6666666"
"Vinmonopolet";"11018801";"Jean-Charles Fagot Saint-Aubin 1er Cru 2018";"Jean-Charles Fagot Saint-Aubin 1er Cru";"2018";"489";"0.75";"652";"White wine";"Glass";"13.5";"4.8296294"
"Vinmonopolet";"11019101";"Glen Carlou Sauvignon Blanc 2018";"Glen Carlou Sauvignon Blanc";"2018";"149.9";"0.75";"199.87";"White wine";"Glass";"13";"1.5374359"
"Vinmonopolet";"11020001";"A. Sunier Beaujolais Morgon 2018";"A. Sunier Beaujolais Morgon";"2018";"279.9";"0.75";"373.2";"RÃ¸dvin";"Glass";"12";"3.11"
"Vinmonopolet";"11020105";"A. Sunier Beaujolais Morgon 2018";"A. Sunier Beaujolais Morgon";"2018";"579.9";"1.5";"386.6";"RÃ¸dvin";"Glass";"12";"3.2216668"
"Vinmonopolet";"11020401";"Clemens Busch -LS- Riesling 2016";"Clemens Busch -LS- Riesling";"2016";"210";"0.75";"280";"White wine";"Glass";"10.5";"2.6666667"
"Vinmonopolet";"11021002";"Misty Miyagy Hazy IPA";"Misty Miyagy Hazy IPA";"0";"89";"0.44";"202.27";"India pale ale";"Metall";"6.5";"3.1118882"
"Vinmonopolet";"11021101";"Thomson Victor Gin";"Thomson Victor Gin";"0";"599.9";"0.7";"857";"Gin";"Glass";"42";"2.0404763"
"Vinmonopolet";"11021401";"The Winery of Good Hope Pinotage 2019";"The Winery of Good Hope Pinotage";"2019";"144.9";"0.75";"193.2";"RÃ¸dvin";"Glass";"13";"1.4861538"
"Vinmonopolet";"11021501";"Radford Dale Vinum Pinotage 2019";"Radford Dale Vinum Pinotage";"2019";"174.9";"0.75";"233.2";"RÃ¸dvin";"Glass";"13";"1.7938461"
"Vinmonopolet";"11021608";"Explorer Shaken Shot (4x4cl)";"Explorer Shaken Shot (4x4cl)";"0";"99.9";"0.16";"624.38";"LikÃ¸r";"Ãvrig";"15";"4.1625004"
"Vinmonopolet";"11022601";"Branu Vermentino di Gallura 2018";"Branu Vermentino di Gallura";"2018";"199.9";"0.75";"266.53";"White wine";"Glass";"13.5";"1.9743209"
"Vinmonopolet";"11022701";"Raimbault Sancerre Blanc";"Raimbault Sancerre Blanc";"2018";"248";"0.75";"330.67";"White wine";"Glass";"12.5";"2.6453333"
"Vinmonopolet";"11022801";"Wente Charles Wetmore Cabernet Sauvignon 2016";"Wente Charles Wetmore Cabernet Sauvignon";"2016";"389";"0.75";"518.67";"RÃ¸dvin";"Glass";"14.5";"3.5770116"
"Vinmonopolet";"11023801";"Les Grandes Vignes Groslot 2018";"Les Grandes Vignes Groslot";"2018";"219.9";"0.75";"293.2";"RÃ¸dvin";"Glass";"11.2";"2.6178572"
"Vinmonopolet";"11023901";"Kruger-Rumpf MÃ¼nsterer Kapellenberg Riesling Trocken Erste Lage 2019";"Kruger-Rumpf MÃ¼nsterer Kapellenberg Riesling Trocken Erste Lage";"2019";"244.9";"0.75";"326.53";"White wine";"Glass";"12.5";"2.6122665"
"Vinmonopolet";"11025901";"Jolie Laide Provisor Grenache 2016";"Jolie Laide Provisor Grenache";"2016";"449.9";"0.75";"599.87";"RÃ¸dvin";"Glass";"12.8";"4.686458"
"Vinmonopolet";"11026901";"Alain Suisse Premier Cru 381";"Alain Suisse Premier Cru 381";"0";"877.6";"0.75";"1170.13";"Champagne extra brut";"Glass";"12.5";"9.361067"
"Vinmonopolet";"11027101";"Jean-Paul Schmitt Rittersberg Pinot Gris Grande RÃ©serve";"Jean-Paul Schmitt Rittersberg Pinot Gris Grande RÃ©serve";"2013";"507.9";"0.75";"677.2";"White wine";"Glass";"14.5";"4.670345"
"Vinmonopolet";"11027201";"Jean-Paul Schmitt Rittersberg Classique Riesling";"Jean-Paul Schmitt Rittersberg Classique Riesling";"2017";"262.9";"0.75";"350.53";"White wine";"Glass";"13";"2.6964102"
"Vinmonopolet";"11030501";"Ataraxia Pinot Noir 2017";"Ataraxia Pinot Noir";"2017";"330";"0.75";"440";"RÃ¸dvin";"Glass";"13.5";"3.2592592"
"Vinmonopolet";"11032501";"Barone Montalto Bianco Terre Siciliane Organic 2018";"Barone Montalto Bianco Terre Siciliane Organic";"2018";"112.9";"0.75";"146.53";"White wine";"Emballasje med pant";"12";"1.2544445"
"Vinmonopolet";"11032701";"Terrazze dell'Etna Rosato 2018";"Terrazze dell'Etna Rosato";"2018";"199.9";"0.75";"266.53";"RosÃ©vin";"Glass";"13.5";"1.9743209"
"Vinmonopolet";"11032806";"Les Deux VallÃ©es Anjou Blanc en Terrasse 2018";"Les Deux VallÃ©es Anjou Blanc en Terrasse";"2018";"499.5";"3";"166.5";"White wine";"Bag-in-box";"13";"1.2807692"
"Vinmonopolet";"11032901";"Santa Julia Brut";"Santa Julia Brut";"0";"134.9";"0.75";"179.87";"Sparkling wine";"Glass";"12";"1.4988889"
"Vinmonopolet";"11033001";"Le Macine Lessini Durello Metodo Classico Brut";"Le Macine Lessini Durello Metodo Classico Brut";"0";"199.9";"0.75";"266.53";"Sparkling wine";"Glass";"12.5";"2.1322665"
"Vinmonopolet";"11033101";"Zudugarai RosÃ© 2019";"Zudugarai RosÃ©";"2019";"151.8";"0.75";"202.4";"RosÃ©vin";"Glass";"11";"1.84"
"Vinmonopolet";"11034901";"Patrick Sullivan Waterskin";"Patrick Sullivan Waterskin";"2018";"499.9";"0.75";"666.53";"White wine";"Glass";"12.8";"5.2072916"
"Vinmonopolet";"11035001";"Patrick Sullivan Baw Shire";"Patrick Sullivan Baw Shire";"2018";"499.9";"0.75";"666.53";"White wine";"Glass";"12.8";"5.2072916"
"Vinmonopolet";"11035101";"Patrick Sullivan Rain";"Patrick Sullivan Rain";"2018";"499.9";"0.75";"666.53";"RÃ¸dvin";"Glass";"12.8";"5.2072916"
"Vinmonopolet";"11037001";"Tutusaus Gran Reserva Brut Nature 2016";"Tutusaus Gran Reserva Brut Nature";"2016";"189.9";"0.75";"253.2";"Sparkling wine";"Glass";"11.5";"2.201739"
"Vinmonopolet";"11037201";"Torresanta I Filari Castel del Monte 2017";"Torresanta I Filari Castel del Monte";"2017";"162.9";"0.75";"217.2";"RÃ¸dvin";"Glass";"13";"1.6707692"
"Vinmonopolet";"11037302";"Le Cidre de C. Drouin Brut de Normandie";"Le Cidre de C. Drouin Brut de Normandie";"0";"54.9";"0.33";"166.36";"Cider";"Glass";"4.8";"3.465909"
"Vinmonopolet";"11037601";"Edenvale Cabernet Sauvignon";"Edenvale Cabernet Sauvignon";"0";"70.9";"0.75";"94.53";"Non-alcoholic wine";"Glass";"0.1";"94.53333"
"Vinmonopolet";"11037701";"Babich Family Estate Organic Chardonnay 2017";"Babich Family Estate Organic Chardonnay";"2017";"229.9";"0.75";"306.53";"White wine";"Glass";"13";"2.3579485"
"Vinmonopolet";"11038001";"Colinas do Douro";"Colinas do Douro";"2018";"179.9";"0.75";"239.87";"RÃ¸dvin";"Glass";"12.5";"1.9189333"
"Vinmonopolet";"11038401";"Patamar 2018";"Patamar";"2018";"139.9";"0.75";"186.53";"RÃ¸dvin";"Glass";"12.5";"1.4922667"
"Vinmonopolet";"11038501";"Toyokuni Junmai Ginjo Nigori";"Toyokuni Junmai Ginjo Nigori";"0";"340";"0.72";"472.22";"Sake";"Glass";"17";"2.7777777"
"Vinmonopolet";"11038601";"Conte Spagnoletti Zeuli Castel del Monte 2018";"Conte Spagnoletti Zeuli Castel del Monte";"2018";"139.9";"0.75";"186.53";"RÃ¸dvin";"Glass";"12.5";"1.4922667"
"Vinmonopolet";"11038701";"Conte Spagnoletti Zeuli Colombaio Bombino Nero 2019";"Conte Spagnoletti Zeuli Colombaio Bombino Nero";"2019";"150";"0.75";"200";"RosÃ©vin";"Glass";"12.5";"1.6"
"Vinmonopolet";"11039301";"Chanin Sta. Rita Hills Pinot Noir 2018";"Chanin Sta. Rita Hills Pinot Noir";"2018";"319.9";"0.75";"426.53";"RÃ¸dvin";"Glass";"13";"3.2810256"
"Vinmonopolet";"11039401";"Le Chiantigiane Chianti Loggia del Sole";"Le Chiantigiane Chianti Loggia del Sole";"2017";"109.8";"0.75";"146.4";"RÃ¸dvin";"Glass";"12.5";"1.1712"
"Vinmonopolet";"11039501";"GarzÃ³n Tannat Reserva 2018";"GarzÃ³n Tannat Reserva";"2018";"199.9";"0.75";"266.53";"RÃ¸dvin";"Glass";"14.5";"1.8381609"
"Vinmonopolet";"11039601";"Bergen 2020 MarquÃ©s Premium 2018";"Bergen  MarquÃ©s Premium";"2018";"139.5";"0.75";"186";"RÃ¸dvin";"Glass";"12.5";"1.488"
"Vinmonopolet";"11039701";"Dovrebanen 2021 MarquÃ©s Premium 2018";"Dovrebanen  MarquÃ©s Premium";"2018";"139.5";"0.75";"186";"RÃ¸dvin";"Glass";"12.5";"1.488"
"Vinmonopolet";"11039801";"Cristo de la Vega Moss 2020 MarquÃ©s Premium 2020";"Cristo de la Vega Moss  MarquÃ©s Premium";"2020";"139.5";"0.75";"186";"RÃ¸dvin";"Glass";"12.5";"1.488"
"Vinmonopolet";"11040101";"VesterÃ¥len MarquÃ©s Premium 2018";"VesterÃ¥len MarquÃ©s Premium";"2018";"139.5";"0.75";"186";"RÃ¸dvin";"Glass";"12.5";"1.488"
"Vinmonopolet";"11040201";"Bergen 2020 MarquÃ©s Premium 2018";"Bergen  MarquÃ©s Premium";"2018";"139.5";"0.75";"186";"White wine";"Glass";"11.5";"1.6173913"
"Vinmonopolet";"11040301";"Dovrebanen 2021 MarquÃ©s Premium 2018";"Dovrebanen  MarquÃ©s Premium";"2018";"139.5";"0.75";"186";"White wine";"Glass";"11.5";"1.6173913"
"Vinmonopolet";"11040401";"Cristo de la Vega Moss 2020 MarquÃ©s Premium 2018";"Cristo de la Vega Moss  MarquÃ©s Premium";"2018";"139.5";"0.75";"186";"White wine";"Glass";"11.5";"1.6173913"
"Vinmonopolet";"11040501";"SÃ¸rlandet MarquÃ©s Premium 2018";"SÃ¸rlandet MarquÃ©s Premium";"2018";"139.5";"0.75";"186";"White wine";"Glass";"11.5";"1.6173913"
"Vinmonopolet";"11040601";"VesterÃ¥len MarquÃ©s Premium 2018";"VesterÃ¥len MarquÃ©s Premium";"2018";"139.5";"0.75";"186";"White wine";"Glass";"11.5";"1.6173913"
"Vinmonopolet";"11040801";"Bod. Altovela Monte Bajo";"Bod. Altovela Monte Bajo";"0";"99.6";"0.75";"132.8";"RÃ¸dvin";"Glass";"12.5";"1.0624"
"Vinmonopolet";"11041101";"Purity Vodka Ultra 34 Premium";"Purity Vodka Ultra 34 Premium";"0";"515";"0.7";"735.71";"Vodka";"Glass";"40";"1.8392857"
"Vinmonopolet";"11041201";"Purity Vodka Super 17 Premium";"Purity Vodka Super 17 Premium";"0";"498";"0.7";"711.43";"Vodka";"Glass";"40";"1.7785715"
"Vinmonopolet";"11041301";"Purity Vodka Connoisseur 51 Reserve";"Purity Vodka Connoisseur 51 Reserve";"0";"545";"0.7";"778.57";"Vodka";"Glass";"40";"1.9464287"
"Vinmonopolet";"11041405";"Imperiale Spumante Millesimato Bianco Extra Dry";"Imperiale Spumante Millesimato Bianco Extra Dry";"0";"279.9";"1.5";"186.6";"Sparkling wine";"Glass";"10.5";"1.7771428"
"Vinmonopolet";"11041501";"Clemens Busch (alter) nativ Riesling 2016";"Clemens Busch (alter) nativ Riesling";"2016";"260";"0.75";"346.67";"White wine";"Glass";"11.5";"3.0144928"
"Vinmonopolet";"11041802";"Dirty Jam";"Dirty Jam";"0";"74";"0.44";"168.18";"SurÃ¸l";"Metall";"4.8";"3.5037878"
"Vinmonopolet";"11041906";"Terre di Val bona";"Terre di Val bona";"0";"319";"2.25";"141.78";"White wine";"Bag-in-box";"12";"1.1814815"
"Vinmonopolet";"11042401";"FiguiÃ¨re AtmosphÃ¨re Extra-Brut 2016";"FiguiÃ¨re AtmosphÃ¨re Extra-Brut";"2016";"313.2";"0.75";"417.6";"Musserende vin, rosÃ©";"Glass";"12.5";"3.3408"
"Vinmonopolet";"11042601";"Floreal Cider II";"Floreal Cider II";"0";"280";"0.75";"373.33";"Cider";"Glass";"8";"4.6666665"
"Vinmonopolet";"11042701";"Matassa Tattouine Rouge 2019";"Matassa Tattouine Rouge";"2019";"419.9";"0.75";"559.87";"RÃ¸dvin";"Glass";"11.5";"4.868406"
"Vinmonopolet";"11042806";"Monte Luzzo Piemonte Barbera 2018";"Monte Luzzo Piemonte Barbera";"2018";"415";"3";"138.33";"RÃ¸dvin";"Bag-in-box";"13.5";"1.0246913"
"Vinmonopolet";"11042901";"Pierre Chavin CÃ´tes de Gascogne 2018";"Pierre Chavin CÃ´tes de Gascogne";"2018";"109.9";"0.75";"146.53";"White wine";"Plast";"11.5";"1.274203"
"Vinmonopolet";"11043001";"Dom. de la Jobeline Macon VerzÃ¨ Rouge 2017";"Dom. de la Jobeline Macon VerzÃ¨ Rouge";"2017";"240";"0.75";"320";"RÃ¸dvin";"Glass";"13.5";"2.3703704"
"Vinmonopolet";"11043502";"InderÃ¸y Brenneri Sommer Aquavit";"InderÃ¸y Brenneri Sommer Aquavit";"2019";"410.6";"0.5";"821.2";"Aquavit";"Glass";"38";"2.1610527"
"Vinmonopolet";"11044801";"Terrassevin Hvitvin";"Terrassevin Hvitvin";"0";"150";"0.75";"200";"White wine";"Glass";"11.5";"1.7391304"
"Vinmonopolet";"11044901";"La Colombette Terrassevin RosÃ©";"La Colombette Terrassevin RosÃ©";"2019";"150";"0.75";"200";"RosÃ©vin";"Glass";"11.5";"1.7391304"
"Vinmonopolet";"11045201";"Damiens Tradition Madiran 2017";"Damiens Tradition Madiran";"2017";"200";"0.75";"266.67";"RÃ¸dvin";"Glass";"14";"1.9047619"
"Vinmonopolet";"11045301";"Integer Grillo";"Integer Grillo";"2018";"349.4";"0.75";"465.87";"White wine";"Glass";"13";"3.5835898"
"Vinmonopolet";"11045401";"Cobalto Tequila Blanco Organic";"Cobalto Tequila Blanco Organic";"0";"645";"0.7";"921.43";"Fruit spirit";"Glass";"40";"2.3035715"
"Vinmonopolet";"11045702";"Crikey IPA";"Crikey IPA";"0";"49.9";"0.35";"134.93";"India pale ale";"Emballasje med pant";"5.8";"2.4581282"
"Vinmonopolet";"11045901";"Dom. Ribonnet ClÃ©ment Ader";"Dom. Ribonnet ClÃ©ment Ader";"2012";"244.8";"0.75";"326.4";"RÃ¸dvin";"Glass";"13.5";"2.4177778"
"Vinmonopolet";"11046001";"Dom. de Ribonnet Syrah";"Dom. de Ribonnet Syrah";"2010";"271.7";"0.75";"362.27";"RÃ¸dvin";"Glass";"14";"2.587619"
"Vinmonopolet";"11046501";"Neft Vodka";"Neft Vodka";"0";"539";"0.7";"770";"Vodka";"Metall";"40";"1.9250001"
"Vinmonopolet";"11047702";"Augustijn Blond";"Augustijn Blond";"0";"49.9";"0.33";"151.21";"Light ale";"Glass";"7";"2.1601732"
"Vinmonopolet";"11048001";"La Maison du Rhum Botran Rhum du Guatemala Batch nÂ°2";"La Maison du Rhum Botran Rhum du Guatemala Batch nÂ°2";"0";"1050";"0.7";"1500";"Rum";"Glass";"55";"2.7272727"
"Vinmonopolet";"11048101";"La Maison du Rhum Colombe Rhum de Colombie Batch nÂ°2";"La Maison du Rhum Colombe Rhum de Colombie Batch nÂ°2";"0";"995";"0.7";"1421.43";"Rum";"Glass";"46";"3.0900621"
"Vinmonopolet";"11048201";"La Maison du Rhum Millonario Rhum du Perou Batch nÂ°2";"La Maison du Rhum Millonario Rhum du Perou Batch nÂ°2";"0";"995";"0.7";"1421.43";"Rum";"Glass";"45";"3.1587303"
"Vinmonopolet";"11048301";"La Maison du Rhum RÃ©publique Dominicaine Rhum Vieux Batch nÂ°2";"La Maison du Rhum RÃ©publique Dominicaine Rhum Vieux Batch nÂ°2";"0";"980";"0.7";"1400";"Rum";"Glass";"42";"3.3333335"
"Vinmonopolet";"11048401";"La Maison du Rhum DiplomÃ¡tico Rhum du Venezuela Batch nÂ°2";"La Maison du Rhum DiplomÃ¡tico Rhum du Venezuela Batch nÂ°2";"0";"995";"0.7";"1421.43";"Rum";"Glass";"47";"3.024316"
"Vinmonopolet";"11048501";"La Maison du Rhum Martinique Maison La Mauny Batch nÂ°2";"La Maison du Rhum Martinique Maison La Mauny Batch nÂ°2";"0";"980";"0.7";"1400";"Rum";"Glass";"42";"3.3333335"
"Vinmonopolet";"11048601";"Le Maison du Rhum RiviÃ¨re du MÃ¢t La RÃ©union Batch nÂ°2";"Le Maison du Rhum RiviÃ¨re du MÃ¢t La RÃ©union Batch nÂ°2";"0";"995";"0.7";"1421.43";"Rum";"Glass";"45";"3.1587303"
"Vinmonopolet";"11048902";"CÃ¡tulo Garnacha Tinto 2018";"CÃ¡tulo Garnacha Tinto";"2018";"109.9";"0.38";"293.07";"RÃ¸dvin";"Glass";"14";"2.0657895"
"Vinmonopolet";"11049001";"AD Rattray Cask Collection Dalmore 2013 5 YO Cask 2465";"AD Rattray Cask Collection Dalmore  5 YO Cask";"0";"999";"0.7";"1427.14";"Whisky";"Glass";"59";"2.4188862"
"Vinmonopolet";"11049101";"Cask Speyside 10 YO First Edition";"Cask Speyside 10 YO First Edition";"0";"838";"0.7";"1197.14";"Whisky";"Glass";"46";"2.6024845"
"Vinmonopolet";"11049201";"AD Rattray Cask Collection Bunnahabhain 2002 16 YO Cask 3055";"AD Rattray Cask Collection Bunnahabhain  16 YO Cask";"0";"1499";"0.7";"2141.43";"Whisky";"Glass";"55.4";"3.8653946"
"Vinmonopolet";"11049301";"AD Rattray Cask Collection Glentauchers 2011 7 YO Cask 425";"AD Rattray Cask Collection Glentauchers  7 YO Cask 425";"0";"999";"0.7";"1427.14";"Whisky";"Glass";"59";"2.4188862"
"Vinmonopolet";"11049401";"AD Rattray Cask Collection Strathmill 2006 12 YO Cask 801534";"AD Rattray Cask Collection Strathmill  12 YO Cask 34";"0";"1175";"0.7";"1678.57";"Whisky";"Glass";"57.3";"2.929444"
"Vinmonopolet";"11049501";"AD Rattray Cask Collection Tomintoul 2005 13 YO Cask 11";"AD Rattray Cask Collection Tomintoul  13 YO Cask 11";"0";"1199";"0.7";"1712.86";"Whisky";"Glass";"60";"2.8547618"
"Vinmonopolet";"11049601";"Battlehill Bunnahabhain 2008 10 YO";"Battlehill Bunnahabhain  10 YO";"0";"899";"0.7";"1284.29";"Whisky";"Glass";"46";"2.7919254"
"Vinmonopolet";"11049701";"Battlehill GlenAllachie 2008 10 YO";"Battlehill GlenAllachie  10 YO";"0";"899";"0.7";"1284.29";"Whisky";"Glass";"46";"2.7919254"
"Vinmonopolet";"11049801";"AD Rattray Cask Collection Teaninich 2007 12 YO Cask 459";"AD Rattray Cask Collection Teaninich  12 YO Cask 459";"0";"1075";"0.7";"1535.71";"Whisky";"Glass";"58.2";"2.6386843"
"Vinmonopolet";"11049901";"Dom. Jean Vaudoisey Bourgogne Les Grandes Terres Blanc 2017";"Dom. Jean Vaudoisey Bourgogne Les Grandes Terres Blanc";"2017";"279";"0.75";"372";"White wine";"Glass";"12.5";"2.976"
"Vinmonopolet";"11050001";"Dom. Jean Vaudoisey Bourgogne Rouge 2016";"Dom. Jean Vaudoisey Bourgogne Rouge";"2016";"279";"0.75";"372";"RÃ¸dvin";"Glass";"13";"2.8615384"
"Vinmonopolet";"11050101";"Dom. Jean Vaudoisey Bourgogne Rouge 2017";"Dom. Jean Vaudoisey Bourgogne Rouge";"2017";"279";"0.75";"372";"RÃ¸dvin";"Glass";"12.5";"2.976"
"Vinmonopolet";"11050201";"Dom. Jean Vaudoisey Volnay 2016";"Dom. Jean Vaudoisey Volnay";"2016";"459";"0.75";"612";"RÃ¸dvin";"Glass";"13.5";"4.5333333"
"Vinmonopolet";"11050301";"Dom. Jean Vaudoisey Volnay 2017";"Dom. Jean Vaudoisey Volnay";"2017";"449";"0.75";"598.67";"RÃ¸dvin";"Glass";"13";"4.6051283"
"Vinmonopolet";"11050401";"Dom. Jean Vaudoisey Pommard 2016";"Dom. Jean Vaudoisey Pommard";"2016";"469";"0.75";"625.33";"RÃ¸dvin";"Glass";"13";"4.8102565"
"Vinmonopolet";"11050501";"Dom. Jean Vaudoisey Pommard 2017";"Dom. Jean Vaudoisey Pommard";"2017";"469";"0.75";"625.33";"RÃ¸dvin";"Glass";"13";"4.8102565"
"Vinmonopolet";"11050601";"Dom. Jean Vaudoisey Volnay 1er Cru Les Mitans 2017";"Dom. Jean Vaudoisey Volnay 1er Cru Les Mitans";"2017";"550";"0.75";"733.33";"RÃ¸dvin";"Glass";"13.5";"5.432099"
"Vinmonopolet";"11050701";"Jean-Charles Fagot Volnay 2017";"Jean-Charles Fagot Volnay";"2017";"459";"0.75";"612";"RÃ¸dvin";"Glass";"13";"4.707692"
"Vinmonopolet";"11050801";"Jean-Charles Fagot Chassagne-Montrachet Vieille Vigne Rouge 2017";"Jean-Charles Fagot Chassagne-Montrachet Vieille Vigne Rouge";"2017";"350";"0.75";"466.67";"RÃ¸dvin";"Glass";"13";"3.5897436"
"Vinmonopolet";"11050901";"Jean-Charles Fagot Puligny-Montrachet 2018";"Jean-Charles Fagot Puligny-Montrachet";"2018";"530";"0.75";"706.67";"White wine";"Glass";"13";"5.4358974"
"Vinmonopolet";"11051001";"Jean-Charles Fagot Auxey-Duresses Les Ruchottes 2018";"Jean-Charles Fagot Auxey-Duresses Les Ruchottes";"2018";"379";"0.75";"505.33";"White wine";"Glass";"13";"3.8871794"
"Vinmonopolet";"11051101";"Jean-Charles Fagot Monthelie 2017";"Jean-Charles Fagot Monthelie";"2017";"319";"0.75";"425.33";"RÃ¸dvin";"Glass";"13";"3.2717948"
"Vinmonopolet";"11051201";"Jean-Charles Fagot Gevrey-Chambertin 2017";"Jean-Charles Fagot Gevrey-Chambertin";"2017";"579";"0.75";"772";"RÃ¸dvin";"Glass";"13";"5.9384613"
"Vinmonopolet";"11051301";"Jean-Charles Fagot Chassagne-Montrachet 2017";"Jean-Charles Fagot Chassagne-Montrachet";"2017";"530";"0.75";"706.67";"White wine";"Glass";"13";"5.4358974"
"Vinmonopolet";"11051401";"Simpsons Chalklands Classic CuvÃ©e 2017";"Simpsons Chalklands Classic CuvÃ©e";"2017";"379";"0.75";"505.33";"Sparkling wine";"Glass";"12";"4.211111"
"Vinmonopolet";"11051501";"Simpsons Gravel Castle Chardonnay 2018";"Simpsons Gravel Castle Chardonnay";"2018";"220";"0.75";"293.33";"White wine";"Glass";"12.5";"2.3466666"
"Vinmonopolet";"11051602";"Vigneti di Ettore Recioto della Valpolicella Classico 2015";"Vigneti di Ettore Recioto della Valpolicella Classico";"2015";"289";"0.5";"578";"RÃ¸dvin";"Glass";"13.5";"4.2814813"
"Vinmonopolet";"11051701";"Vigneti di Ettore PavÃ jo Valpolicella Classico Superiore 2017";"Vigneti di Ettore PavÃ jo Valpolicella Classico Superiore";"2017";"229";"0.75";"305.33";"RÃ¸dvin";"Glass";"13.5";"2.2617283"
"Vinmonopolet";"11051801";"Vigneti di Ettore Valpolicella Ripasso Classico Superiore 2017";"Vigneti di Ettore Valpolicella Ripasso Classico Superiore";"2017";"249";"0.75";"332";"RÃ¸dvin";"Glass";"14.5";"2.2896552"
"Vinmonopolet";"11052301";"Dom. Tariquet Entracte";"Dom. Tariquet Entracte";"2018";"179.9";"0.75";"239.87";"Sparkling white wine";"Glass";"10.5";"2.2844443"
"Vinmonopolet";"11052401";"K. Wechsler Monsieur FlÃ¸rie 2018";"K. Wechsler Monsieur FlÃ¸rie";"2018";"239.9";"0.75";"319.87";"RÃ¸dvin";"Glass";"12";"2.6655555"
"Vinmonopolet";"11052601";"Goyo Garcia Viadero Ribera del Duero Los Quemados 2017";"Goyo Garcia Viadero Ribera del Duero Los Quemados";"2017";"289.9";"0.75";"386.53";"RÃ¸dvin";"Glass";"13.5";"2.8632097"
"Vinmonopolet";"11052701";"Portage Dry Gin";"Portage Dry Gin";"0";"529.9";"0.7";"757";"Gin";"Glass";"43";"1.7604653"
"Vinmonopolet";"11052801";"Boatyard Double Gin";"Boatyard Double Gin";"0";"555";"0.7";"792.86";"Gin";"Glass";"46";"1.7236025"
"Vinmonopolet";"11052803";"Boatyard Double Gin";"Boatyard Double Gin";"0";"79";"0.05";"1580";"Gin";"Glass";"46";"3.4347825"
"Vinmonopolet";"11055101";"Fabien Coche Monthelie 1er Cru Les Duresses 2017";"Fabien Coche Monthelie 1er Cru Les Duresses";"2017";"703.6";"0.75";"938.13";"White wine";"Glass";"13";"7.21641"
"Vinmonopolet";"11055201";"Fabien Coche Saint-Romain 2017";"Fabien Coche Saint-Romain";"2017";"473.7";"0.75";"631.6";"White wine";"Glass";"12.5";"5.0528"
"Vinmonopolet";"11056402";"Marston's Owd Rodger";"Marston's Owd Rodger";"0";"62.9";"0.5";"125.8";"Brown ale";"Glass";"7.4";"1.7"
"Vinmonopolet";"11056501";"Kinn Bygdeoriginal";"Kinn Bygdeoriginal";"0";"96";"0.75";"128";"India pale ale";"Glass";"6";"2.1333334"
"Vinmonopolet";"11056602";"NÃ¸gne Ã Four Shady Captains";"NÃ¸gne Ã Four Shady Captains";"2019";"59.9";"0.33";"181.52";"India pale ale";"Glass";"11";"1.6501377"
"Vinmonopolet";"11056801";"Bod. Brisas Altos de JosÃ© Ignacio Tannat Reserve 2017";"Bod. Brisas Altos de JosÃ© Ignacio Tannat Reserve";"2017";"209.9";"0.75";"279.87";"RÃ¸dvin";"Glass";"14.5";"1.9301149"
"Vinmonopolet";"11056901";"Ca' Nova Bocciolo Colline Novaresi Nebbiolo 2018";"Ca' Nova Bocciolo Colline Novaresi Nebbiolo";"2018";"159.9";"0.75";"213.2";"RÃ¸dvin";"Glass";"13.5";"1.5792592"
"Vinmonopolet";"11057001";"A. Sunier RÃ©gniÃ© Montmerond 2018";"A. Sunier RÃ©gniÃ© Montmerond";"2018";"269.9";"0.75";"359.87";"RÃ¸dvin";"Glass";"12.5";"2.8789332"
"Vinmonopolet";"11057005";"A. Sunier RÃ©gniÃ© Montmerond 2018";"A. Sunier RÃ©gniÃ© Montmerond";"2018";"559.9";"1.5";"373.27";"RÃ¸dvin";"Glass";"12.5";"2.9861336"
"Vinmonopolet";"11057101";"Dom. des ArdoisiÃ¨res Silice Blanc 2018";"Dom. des ArdoisiÃ¨res Silice Blanc";"2018";"234.9";"0.75";"313.2";"White wine";"Glass";"11";"2.8472726"
"Vinmonopolet";"11057201";"Goyo Garcia Viadero Cobero Tinto 2016";"Goyo Garcia Viadero Cobero Tinto";"2016";"376.9";"0.75";"502.53";"RÃ¸dvin";"Glass";"13.5";"3.722469"
"Vinmonopolet";"11057301";"Goyo Garcia Viadero Ribera del Duero Joven de ViÃ±as Viejas 2018";"Goyo Garcia Viadero Ribera del Duero Joven de ViÃ±as Viejas";"2018";"235.9";"0.75";"314.53";"RÃ¸dvin";"Glass";"13.5";"2.3298764"
"Vinmonopolet";"11057401";"Goyo Garcia Viadero Finca el Peruco 2015";"Goyo Garcia Viadero Finca el Peruco";"2015";"396.9";"0.75";"529.2";"RÃ¸dvin";"Glass";"13.5";"3.9199998"
"Vinmonopolet";"11057501";"Goyo Garcia Viadero Finca Valdeolmos 2015";"Goyo Garcia Viadero Finca Valdeolmos";"2015";"396.9";"0.75";"529.2";"RÃ¸dvin";"Glass";"13.5";"3.9199998"
"Vinmonopolet";"11057601";"Goyo Garcia Viadero Finca ViÃ±as de Arcilla 2015";"Goyo Garcia Viadero Finca ViÃ±as de Arcilla";"2015";"396.9";"0.75";"529.2";"RÃ¸dvin";"Glass";"14";"3.78"
"Vinmonopolet";"11058501";"Van Loggerenberg Trust Your Gut 2018";"Van Loggerenberg Trust Your Gut";"2018";"379";"0.75";"505.33";"White wine";"Glass";"13.5";"3.7432098"
"Vinmonopolet";"11058601";"Van Loggerenberg Graft 2018";"Van Loggerenberg Graft";"2018";"379";"0.75";"505.33";"RÃ¸dvin";"Glass";"13.5";"3.7432098"
"Vinmonopolet";"11058701";"Van Loggerenberg Break a Leg 2018";"Van Loggerenberg Break a Leg";"2018";"199.9";"0.75";"266.53";"RosÃ©vin";"Glass";"12";"2.221111"
"Vinmonopolet";"11059801";"Cepa 21 Hito Rosado 2018";"Cepa 21 Hito Rosado";"2018";"144.9";"0.75";"193.2";"RosÃ©vin";"Glass";"13.5";"1.4311111"
"Vinmonopolet";"11059901";"Emilio Moro El Zarzal Godello 2018";"Emilio Moro El Zarzal Godello";"2018";"184.9";"0.75";"246.53";"White wine";"Glass";"13";"1.8964102"
"Vinmonopolet";"11062301";"Adega Algueira Ribeira Sacra Mencia 2017";"Adega Algueira Ribeira Sacra Mencia";"2017";"216.7";"0.75";"288.93";"RÃ¸dvin";"Glass";"13";"2.222564"
"Vinmonopolet";"11062401";"Vietti Barbera d'Alba Tre Vigne";"Vietti Barbera d'Alba Tre Vigne";"2017";"279.9";"0.75";"373.2";"RÃ¸dvin";"Glass";"14.5";"2.573793"
"Vinmonopolet";"11062501";"Spice Route Cinsault 2019";"Spice Route Cinsault";"2019";"219.9";"0.75";"293.2";"RÃ¸dvin";"Glass";"13";"2.2553844"
"Vinmonopolet";"11062901";"Messmer Grauburgunder Trocken";"Messmer Grauburgunder Trocken";"2018";"165";"0.75";"220";"White wine";"Glass";"13";"1.6923077"
"Vinmonopolet";"11063001";"Messmer Einzig & Artig Riesling Trocken 2015";"Messmer Einzig & Artig Riesling Trocken";"2015";"250";"0.75";"333.33";"White wine";"Glass";"13";"2.5641026"
"Vinmonopolet";"11063202";"Fisker Snaps";"Fisker Snaps";"0";"279.6";"0.5";"555.2";"Aquavit";"Emballasje med pant";"40";"1.398"
"Vinmonopolet";"11063305";"Malabaila di Canale Bric Volta Roero 2016";"Malabaila di Canale Bric Volta Roero";"2016";"574.9";"1.5";"383.27";"RÃ¸dvin";"Glass";"14";"2.7376192"
"Vinmonopolet";"11063402";"Lystig Ã¸kologisk bringebÃ¦rrom";"Lystig Ã¸kologisk bringebÃ¦rrom";"0";"214.6";"0.5";"425.2";"Other spirit";"Emballasje med pant";"21";"2.0438097"
"Vinmonopolet";"11065502";"Sundbytunet Vienna Lager";"Sundbytunet Vienna Lager";"2019";"45";"0.33";"136.36";"MÃ¸rk lager";"Glass";"5.5";"2.4793386"
"Vinmonopolet";"11065801";"C. Moreau Petit Chablis 2017";"C. Moreau Petit Chablis";"2017";"242";"0.75";"322.67";"White wine";"Glass";"12";"2.6888888"
"Vinmonopolet";"11065901";"C. Moreau Chablis 2017";"C. Moreau Chablis";"2017";"265";"0.75";"353.33";"White wine";"Glass";"12.5";"2.8266666"
"Vinmonopolet";"11066001";"C. Moreau Chablis 1er Cru Vaillon 2017";"C. Moreau Chablis 1er Cru Vaillon";"2017";"362";"0.75";"482.67";"White wine";"Glass";"12.5";"3.8613334"
"Vinmonopolet";"11066201";"C. Moreau Chablis Grand Cru VaudÃ©sir 2017";"C. Moreau Chablis Grand Cru VaudÃ©sir";"2017";"561.9";"0.75";"749.2";"White wine";"Glass";"13";"5.7630773"
"Vinmonopolet";"11066305";"C. Moreau Chablis Grand Cru Blanchots 2017";"C. Moreau Chablis Grand Cru Blanchots";"2017";"1110";"1.5";"740";"White wine";"Glass";"13";"5.6923075"
"Vinmonopolet";"11066401";"C. Moreau Chablis Grand Cru Valmur 2017";"C. Moreau Chablis Grand Cru Valmur";"2017";"559.9";"0.75";"746.53";"White wine";"Glass";"13";"5.742564"
"Vinmonopolet";"11066501";"C. Moreau Chablis Grand Cru Les Clos 2017";"C. Moreau Chablis Grand Cru Les Clos";"2017";"559.9";"0.75";"746.53";"White wine";"Glass";"13";"5.742564"
"Vinmonopolet";"11066801";"Rocher des Violettes PÃ©tillant Originel 2015";"Rocher des Violettes PÃ©tillant Originel";"2015";"260";"0.75";"346.67";"Sparkling white wine";"Glass";"12.5";"2.7733333"
"Vinmonopolet";"11066901";"Rocher des Violettes Montlouis Touche-Mitaine 2017";"Rocher des Violettes Montlouis Touche-Mitaine";"2017";"254";"0.75";"338.67";"White wine";"Glass";"13";"2.6051283"
"Vinmonopolet";"11067001";"Rocher des Violettes Montlouis NÃ©grette 2017";"Rocher des Violettes Montlouis NÃ©grette";"2017";"299.9";"0.75";"399.87";"White wine";"Glass";"13";"3.0758975"
"Vinmonopolet";"11067101";"Rocher des Violettes CÃ´t Vieilles Vignes 2017";"Rocher des Violettes CÃ´t Vieilles Vignes";"2017";"244";"0.75";"325.33";"RÃ¸dvin";"Glass";"12.5";"2.6026666"
"Vinmonopolet";"11067201";"Rocher des Violettes Cabernet Franc 2016";"Rocher des Violettes Cabernet Franc";"2016";"235";"0.75";"313.33";"RÃ¸dvin";"Glass";"13.5";"2.3209877"
"Vinmonopolet";"11067401";"Adams Kaliber 12 SpÃ¤tburgunder 2016";"Adams Kaliber 12 SpÃ¤tburgunder";"2016";"228";"0.75";"304";"RÃ¸dvin";"Glass";"13";"2.3384616"
"Vinmonopolet";"11067501";"Guigal ChÃ¢teauneuf-du-Pape Blanc 2017";"Guigal ChÃ¢teauneuf-du-Pape Blanc";"2017";"408";"0.75";"544";"White wine";"Glass";"13.5";"4.0296297"
"Vinmonopolet";"11067601";"Adams Kaliber 9 Weissburgunder 2018";"Adams Kaliber 9 Weissburgunder";"2018";"209.9";"0.75";"279.87";"White wine";"Glass";"12.5";"2.2389333"
"Vinmonopolet";"11067701";"Adams Kaliber 19 Grauburgunder 2018";"Adams Kaliber 19 Grauburgunder";"2018";"259.9";"0.75";"346.53";"White wine";"Glass";"12.5";"2.7722666"
"Vinmonopolet";"11067801";"Vve Fourny Vertus Premier Cru RosÃ© Brut";"Vve Fourny Vertus Premier Cru RosÃ© Brut";"0";"539.9";"0.75";"719.87";"Champagne, rosÃ©";"Glass";"12";"5.998889"
"Vinmonopolet";"11067901";"Adams Kaliber 48 SpÃ¤tburgunder 2015";"Adams Kaliber 48 SpÃ¤tburgunder";"2015";"511";"0.75";"681.33";"RÃ¸dvin";"Glass";"13";"5.2410254"
"Vinmonopolet";"11068101";"Vve Fourny Vertus Blanc de Blancs Extra Brut 2012";"Vve Fourny Vertus Blanc de Blancs Extra Brut";"2012";"554";"0.75";"738.67";"Champagne extra brut";"Glass";"12";"6.1555557"
"Vinmonopolet";"11068201";"Boulay Sancerre Oriane Rouge 2016";"Boulay Sancerre Oriane Rouge";"2016";"396.1";"0.75";"528.13";"RÃ¸dvin";"Glass";"13";"4.0625644"
"Vinmonopolet";"11068301";"Boulay Sancerre Clos de Beaujou 2017";"Boulay Sancerre Clos de Beaujou";"2017";"401.9";"0.75";"535.87";"White wine";"Glass";"13";"4.1220512"
"Vinmonopolet";"11068401";"Cruse Ricci St. Laurent PÃ©tillant Naturel 2018";"Cruse Ricci St. Laurent PÃ©tillant Naturel";"2018";"340";"0.75";"453.33";"Perlende vin, rosÃ©";"Glass";"11.5";"3.942029"
"Vinmonopolet";"11068601";"Hardy Champagne Bioriginal";"Hardy Champagne Bioriginal";"0";"496";"0.75";"661.33";"Champagne extra brut";"Glass";"12";"5.5111113"
"Vinmonopolet";"11068701";"Hardy Champagne Premier Cru Brut";"Hardy Champagne Premier Cru Brut";"0";"420.1";"0.75";"560.13";"Champagne, brut";"Glass";"12";"4.667778"
"Vinmonopolet";"11068801";"Chartogne-Taillet Champagne Sainte Anne";"Chartogne-Taillet Champagne Sainte Anne";"0";"369.8";"0.75";"493.07";"Champagne, brut";"Glass";"12.5";"3.944533"
"Vinmonopolet";"11068901";"Ti ArrangÃ©s de Ced' Vanille Macadamia";"Ti ArrangÃ©s de Ced' Vanille Macadamia";"0";"665";"0.7";"950";"Other spirit";"Glass";"32";"2.96875"
"Vinmonopolet";"11069001";"Ti ArrangÃ©s de Ced' Gwamare Citron Gingembre";"Ti ArrangÃ©s de Ced' Gwamare Citron Gingembre";"0";"585";"0.7";"835.71";"Other spirit";"Glass";"32";"2.611607"
"Vinmonopolet";"11069101";"Ti ArrangÃ©s de Ced' Kumquat Cafe";"Ti ArrangÃ©s de Ced' Kumquat Cafe";"0";"555";"0.7";"792.86";"Other spirit";"Glass";"32";"2.4776785"
"Vinmonopolet";"11069301";"Rhums de Ced' Ti Spicy";"Rhums de Ced' Ti Spicy";"0";"640";"0.7";"914.29";"Other spirit";"Glass";"45";"2.0317461"
"Vinmonopolet";"11069401";"Ti ArrangÃ©s de Ced' Orange Citron Bio";"Ti ArrangÃ©s de Ced' Orange Citron Bio";"0";"620";"0.7";"885.71";"Other spirit";"Glass";"21";"4.217687"
"Vinmonopolet";"11069601";"Marengo Chardonnay Extra Brut";"Marengo Chardonnay Extra Brut";"0";"164.1";"0.75";"218.8";"Sparkling wine";"Glass";"11.5";"1.9026088"
"Vinmonopolet";"11069702";"Kadabra Belgian White";"Kadabra Belgian White";"0";"54.8";"0.33";"166.06";"HveteÃ¸l";"Glass";"5";"3.321212"
"Vinmonopolet";"11069802";"Kadabra IPA";"Kadabra IPA";"0";"56.2";"0.33";"170.3";"India pale ale";"Glass";"6";"2.8383837"
"Vinmonopolet";"11069902";"Kadabra Golden ale";"Kadabra Golden ale";"0";"54.3";"0.33";"164.55";"Light ale";"Glass";"4.8";"3.42803"
"Vinmonopolet";"11070002";"Kadabra Red ale";"Kadabra Red ale";"0";"55.2";"0.33";"167.27";"Red/amber";"Glass";"5.5";"3.0413222"
"Vinmonopolet";"11070101";"Marengo Brut Bianco";"Marengo Brut Bianco";"0";"151.9";"0.75";"202.53";"Sparkling wine";"Glass";"11.5";"1.7611593"
"Vinmonopolet";"11070201";"Marengo Moscato";"Marengo Moscato";"0";"152.4";"0.75";"203.2";"Sparkling wine";"Glass";"11";"1.8472726"
"Vinmonopolet";"11070301";"Marengo Rose";"Marengo Rose";"0";"152.4";"0.75";"203.2";"Musserende vin, rosÃ©";"Glass";"11";"1.8472726"
"Vinmonopolet";"11070401";"Meinklang Fusion";"Meinklang Fusion";"2018";"169.9";"0.75";"226.53";"Cider";"Glass";"7.5";"3.0204444"
"Vinmonopolet";"11070502";"Aja Goiku Brown Ale";"Aja Goiku Brown Ale";"0";"44.9";"0.33";"136.06";"Brown ale";"Glass";"6";"2.2676768"
"Vinmonopolet";"11070702";"Aja Garas DIPA";"Aja Garas DIPA";"0";"56.9";"0.33";"172.42";"India pale ale";"Glass";"8.2";"2.1027348"
"Vinmonopolet";"11070801";"Vicchiomaggio Vegan Chianti Classico Riserva";"Vicchiomaggio Vegan Chianti Classico Riserva";"2016";"284.9";"0.75";"379.87";"RÃ¸dvin";"Glass";"13.5";"2.813827"
"Vinmonopolet";"11071001";"Palmberg Riesling SpÃ¤tlese Lieblich 2018";"Palmberg Riesling SpÃ¤tlese Lieblich";"2018";"174.9";"0.75";"233.2";"White wine";"Glass";"10.5";"2.2209523"
"Vinmonopolet";"11071101";"Laurent Vogt Alsace Lieu-Dit Rothstein Riesling";"Laurent Vogt Alsace Lieu-Dit Rothstein Riesling";"2017";"256.1";"0.75";"341.47";"White wine";"Glass";"13.5";"2.5293827"
"Vinmonopolet";"11071201";"Laurent Vogt Alsace Pinot Gris Vendanges Tardives";"Laurent Vogt Alsace Pinot Gris Vendanges Tardives";"2015";"332";"0.75";"442.67";"White wine";"Glass";"11.5";"3.8492754"
"Vinmonopolet";"11071301";"Laurent Vogt Cremant d'Alsace Chardonnay";"Laurent Vogt Cremant d'Alsace Chardonnay";"0";"216.9";"0.75";"289.2";"Sparkling wine";"Glass";"12.5";"2.3135998"
"Vinmonopolet";"11071401";"Laurent Vogt CrÃ©mant d'Alsace RosÃ©";"Laurent Vogt CrÃ©mant d'Alsace RosÃ©";"0";"217.9";"0.75";"290.53";"Musserende vin, rosÃ©";"Glass";"12.5";"2.3242667"
"Vinmonopolet";"11071501";"Overhex Mensa White";"Overhex Mensa White";"2019";"149.9";"0.75";"199.87";"White wine";"Glass";"12";"1.6655555"
"Vinmonopolet";"11071601";"Overhex Mensa Red";"Overhex Mensa Red";"2018";"159.9";"0.75";"213.2";"RÃ¸dvin";"Glass";"14.5";"1.4703448"
"Vinmonopolet";"11071701";"Nanclares Dandelion AlbariÃ±o";"Nanclares Dandelion AlbariÃ±o";"2018";"249.9";"0.75";"333.2";"White wine";"Glass";"13";"2.563077"
"Vinmonopolet";"11071801";"Nanclares Soverribas AlbariÃ±o";"Nanclares Soverribas AlbariÃ±o";"2017";"319.9";"0.75";"426.53";"White wine";"Glass";"13";"3.2810256"
"Vinmonopolet";"11071901";"Nanclares AlbariÃ±o";"Nanclares AlbariÃ±o";"2017";"289.9";"0.75";"386.53";"White wine";"Glass";"13";"2.9733334"
"Vinmonopolet";"11072001";"Barbacan Rosso di Valtellina";"Barbacan Rosso di Valtellina";"2017";"319.9";"0.75";"426.53";"RÃ¸dvin";"Glass";"12.5";"3.4122665"
"Vinmonopolet";"11072101";"Saillard Lucky You";"Saillard Lucky You";"2018";"289.9";"0.75";"386.53";"White wine";"Glass";"13";"2.9733334"
"Vinmonopolet";"11072201";"Saillard La Pause";"Saillard La Pause";"2018";"279.9";"0.75";"373.2";"RÃ¸dvin";"Glass";"13";"2.8707693"
"Vinmonopolet";"11072301";"Blankbottle Moment of Silence 2019";"Blankbottle Moment of Silence";"2019";"229.9";"0.75";"306.53";"White wine";"Glass";"13";"2.3579485"
"Vinmonopolet";"11072401";"Yoigokochi Yuzu";"Yoigokochi Yuzu";"0";"330";"0.72";"458.33";"Sake";"Glass";"7";"6.547619"
"Vinmonopolet";"11072507";"Yoigokochi Yuzu";"Yoigokochi Yuzu";"0";"700";"1.8";"388.89";"Sake";"Glass";"7";"5.555556"
"Vinmonopolet";"11072701";"Wemyss Spice King Batch Strength Batch No. 2";"Wemyss Spice King Batch Strength Batch No. 2";"0";"875";"0.7";"1250";"Whisky";"Glass";"58";"2.1551723"
"Vinmonopolet";"11073202";"NÃ¸isom Witvin";"NÃ¸isom Witvin";"0";"79";"0.5";"158";"SurÃ¸l";"Glass";"8.2";"1.9268293"
"Vinmonopolet";"11073301";"Dunes & Greene Chardonnay Pinot Noir";"Dunes & Greene Chardonnay Pinot Noir";"0";"144.9";"0.75";"193.2";"Sparkling wine";"Glass";"12";"1.6099999"
"Vinmonopolet";"11073501";"Stillwater preternatural cuvÃ©e 2";"Stillwater preternatural cuvÃ©e 2";"0";"349.9";"0.75";"466.53";"SurÃ¸l";"Glass";"8.6";"5.4248056"
"Vinmonopolet";"11073601";"Stillwater preternatural cuvÃ©e 1";"Stillwater preternatural cuvÃ©e 1";"0";"349.9";"0.75";"466.53";"SurÃ¸l";"Glass";"9.2";"5.0710144"
"Vinmonopolet";"11073701";"Stillwater preternatural cuvÃ©e 3";"Stillwater preternatural cuvÃ©e 3";"0";"349.9";"0.75";"466.53";"SurÃ¸l";"Glass";"8.8";"5.301515"
"Vinmonopolet";"11073902";"Ãgir Export Pilsner";"Ãgir Export Pilsner";"0";"48.9";"0.33";"142.12";"Light lager";"Emballasje med pant";"6";"2.469697"
"Vinmonopolet";"11074002";"BrewDog OverWorks Funk X Punk";"BrewDog OverWorks Funk X Punk";"0";"94.9";"0.5";"189.8";"India pale ale";"Glass";"5.5";"3.4509091"
"Vinmonopolet";"11074101";"Clairin Communal";"Clairin Communal";"0";"569.9";"0.7";"814.14";"Rum";"Glass";"43";"1.8933556"
"Vinmonopolet";"11074201";"Against The Grain Fruitus The Farmer Beescake Melon And Honey Saison";"Against The Grain Fruitus The Farmer Beescake Melon And Honey Saison";"0";"189.9";"0.75";"253.2";"SurÃ¸l";"Glass";"8";"3.165"
"Vinmonopolet";"11074802";"To Ãl Garden of Sweden";"To Ãl Garden of Sweden";"0";"50.9";"0.33";"148.18";"India pale ale";"Emballasje med pant";"6.4";"2.4100378"
"Vinmonopolet";"11074901";"Against The Grain Pretty Willie's Imperial Stout";"Against The Grain Pretty Willie's Imperial Stout";"0";"249.9";"0.75";"333.2";"Porter and stout";"Glass";"13";"2.563077"
"Vinmonopolet";"11075001";"Veritas White Blended Rum";"Veritas White Blended Rum";"0";"539.9";"0.7";"771.29";"Rum";"Glass";"47";"1.6410335"
"Vinmonopolet";"11075201";"Against The Grain Herbie Samplecock Saison Style Ale";"Against The Grain Herbie Samplecock Saison Style Ale";"0";"189.9";"0.75";"253.2";"SurÃ¸l";"Glass";"6.8";"3.723529"
"Vinmonopolet";"11076301";"Dom. de Rocheville Le Roi Cabernet Franc";"Dom. de Rocheville Le Roi Cabernet Franc";"2014";"250";"0.75";"333.33";"RÃ¸dvin";"Glass";"13";"2.5641026"
"Vinmonopolet";"11076401";"Dom. de Rocheville La Dame Chenin Blanc";"Dom. de Rocheville La Dame Chenin Blanc";"2014";"289.9";"0.75";"386.53";"White wine";"Glass";"13";"2.9733334"
"Vinmonopolet";"11076501";"Adega Algueira Brandan Ribeira Sacra Godello 2017";"Adega Algueira Brandan Ribeira Sacra Godello";"2017";"227.6";"0.75";"303.47";"White wine";"Glass";"13";"2.334359"
"Vinmonopolet";"11076601";"Daterra Viticultores Azos Da Vila";"Daterra Viticultores Azos Da Vila";"2017";"319.9";"0.75";"426.53";"RÃ¸dvin";"Glass";"12.5";"3.4122665"
"Vinmonopolet";"11076705";"Bouchard Meursault Domaine 2015";"Bouchard Meursault Domaine";"2015";"1147.9";"1.5";"765.27";"White wine";"Glass";"13";"5.886667"
"Vinmonopolet";"11076807";"Bouchard MÃ¢con-Lugny Saint-Pierre 2017";"Bouchard MÃ¢con-Lugny Saint-Pierre";"2017";"1524.9";"3";"508.3";"White wine";"Glass";"12.5";"4.0664"
"Vinmonopolet";"11076901";"Aga Sideri Lagmann Sider";"Aga Sideri Lagmann Sider";"2018";"169.9";"0.75";"226.53";"Cider";"Glass";"7";"3.2361903"
"Vinmonopolet";"11077001";"Aga Sideri Humlepung";"Aga Sideri Humlepung";"2018";"169.9";"0.75";"226.53";"Cider";"Glass";"7";"3.2361903"
"Vinmonopolet";"11077101";"Daterra Viticultores Azos Do Pobo";"Daterra Viticultores Azos Do Pobo";"2017";"359.9";"0.75";"479.87";"RÃ¸dvin";"Glass";"12.5";"3.8389332"
"Vinmonopolet";"11077201";"Laurent Vogt Alsace Lieu-Dit Rothstein Riesling Vendanges Tardives";"Laurent Vogt Alsace Lieu-Dit Rothstein Riesling Vendanges Tardives";"2015";"334.4";"0.75";"445.87";"White wine";"Glass";"11.7";"3.8108263"
"Vinmonopolet";"11077301";"Laurent Vogt Alsace GewÃ¼rztraminer";"Laurent Vogt Alsace GewÃ¼rztraminer";"2016";"213.9";"0.75";"285.2";"White wine";"Glass";"12.8";"2.2281249"
"Vinmonopolet";"11077401";"Laurent Vogt Alsace Les Perles Rares";"Laurent Vogt Alsace Les Perles Rares";"2015";"209.9";"0.75";"279.87";"White wine";"Glass";"13";"2.1528203"
"Vinmonopolet";"11077502";"Fernando de Castilla Antique Amontillado";"Fernando de Castilla Antique Amontillado";"0";"379.9";"0.5";"759.8";"Sherry";"Glass";"19";"3.9989474"
"Vinmonopolet";"11077601";"Jean-Paul Schmitt Rittersberg RÃ©serve Personelle Riesling";"Jean-Paul Schmitt Rittersberg RÃ©serve Personelle Riesling";"2013";"385.2";"0.75";"513.6";"White wine";"Glass";"12.5";"4.1088"
"Vinmonopolet";"11077701";"Rhum JM VO";"Rhum JM VO";"0";"629.9";"0.7";"899.86";"Rum";"Glass";"43";"2.0926912"
"Vinmonopolet";"11077805";"Cavalchina Bardolino Chiaretto";"Cavalchina Bardolino Chiaretto";"2018";"389.9";"1.5";"259.93";"RosÃ©vin";"Glass";"12";"2.166111"
"Vinmonopolet";"11077901";"Jean-Paul Schmitt Rittersberg Pinot Auxerrois Classique";"Jean-Paul Schmitt Rittersberg Pinot Auxerrois Classique";"2015";"269.9";"0.75";"359.87";"White wine";"Glass";"14.3";"2.51655"
"Vinmonopolet";"11078001";"Jean-Paul Schmitt Rittersberg GewÃ¼rztraminer Classique";"Jean-Paul Schmitt Rittersberg GewÃ¼rztraminer Classique";"2016";"265.9";"0.75";"354.53";"White wine";"Glass";"13.5";"2.6261728"
"Vinmonopolet";"11078101";"Jean-Paul Schmitt Lerchenbuhl Rittersberg Reserve Personelle";"Jean-Paul Schmitt Lerchenbuhl Rittersberg Reserve Personelle";"2016";"361.9";"0.75";"482.53";"White wine";"Glass";"13";"3.7117949"
"Vinmonopolet";"11078201";"Jean-Paul Schmitt Rittersberg Classique Muscat";"Jean-Paul Schmitt Rittersberg Classique Muscat";"2016";"276.9";"0.75";"369.2";"White wine";"Glass";"11.5";"3.2104347"
"Vinmonopolet";"11078301";"Jean-Paul Schmitt Rittersberg Classique Pinot Gris";"Jean-Paul Schmitt Rittersberg Classique Pinot Gris";"2014";"262.9";"0.75";"350.53";"White wine";"Glass";"14";"2.5038095"
"Vinmonopolet";"11078401";"Jean-Paul Schmitt Ritterberg Les Pierres Blanches Riesling";"Jean-Paul Schmitt Ritterberg Les Pierres Blanches Riesling";"2015";"368.9";"0.75";"491.87";"White wine";"Glass";"13.5";"3.6434567"
"Vinmonopolet";"11078501";"Jean-Paul Schmitt Rittersberg Zen";"Jean-Paul Schmitt Rittersberg Zen";"2017";"263.9";"0.75";"351.87";"White wine";"Glass";"13";"2.7066667"
"Vinmonopolet";"11078601";"Tenuta Carretta Cereja Langhe Rosato 2018";"Tenuta Carretta Cereja Langhe Rosato";"2018";"189.9";"0.75";"253.2";"RosÃ©vin";"Glass";"13";"1.9476923"
"Vinmonopolet";"11078702";"Althaia Artesana Bitacora IPA";"Althaia Artesana Bitacora IPA";"0";"49.8";"0.33";"150.91";"India pale ale";"Metall";"6";"2.5151513"
"Vinmonopolet";"11079301";"Thomson Manuka Wood Smoke Single Malt";"Thomson Manuka Wood Smoke Single Malt";"0";"829.9";"0.7";"1185.57";"Whisky";"Glass";"46";"2.5773294"
"Vinmonopolet";"11079401";"Momento Grenache 2018";"Momento Grenache";"2018";"329.9";"0.75";"439.87";"RÃ¸dvin";"Glass";"13.5";"3.2582715"
"Vinmonopolet";"11079501";"Noah Bramaterra 2015";"Noah Bramaterra";"2015";"249.9";"0.75";"333.2";"RÃ¸dvin";"Glass";"13.5";"2.468148"
"Vinmonopolet";"11079801";"Thornhill Pinot Noir 2017";"Thornhill Pinot Noir";"2017";"189.9";"0.75";"253.2";"RÃ¸dvin";"Glass";"12.5";"2.0256"
"Vinmonopolet";"11079901";"Riunite Moscato";"Riunite Moscato";"0";"129.9";"0.75";"173.2";"Sparkling wine";"Glass";"6";"2.8866665"
"Vinmonopolet";"11080001";"Riunite Lambrusco Emilia";"Riunite Lambrusco Emilia";"0";"129.9";"0.75";"173.2";"Perlende vin, rÃ¸d";"Glass";"7.5";"2.3093333"
"Vinmonopolet";"11080101";"Hardangergutane Solglimt Eplesider";"Hardangergutane Solglimt Eplesider";"2019";"168.8";"0.75";"225.07";"Cider";"Glass";"8";"2.8133333"
"Vinmonopolet";"11080201";"Hardangergutane Fjellskrent Sider";"Hardangergutane Fjellskrent Sider";"2019";"178.8";"0.75";"238.4";"Cider";"Glass";"10";"2.384"
"Vinmonopolet";"11080301";"Hardangergutane Vindpust Eplesider";"Hardangergutane Vindpust Eplesider";"2019";"168.8";"0.75";"225.07";"Cider";"Glass";"8";"2.8133333"
"Vinmonopolet";"11080401";"Laurent Vogt Alsace Argentoratum";"Laurent Vogt Alsace Argentoratum";"2017";"228.9";"0.75";"305.2";"White wine";"Glass";"13.1";"2.3297708"
"Vinmonopolet";"11080501";"Laurent Vogt Alsace Pinot Gris";"Laurent Vogt Alsace Pinot Gris";"2017";"204.9";"0.75";"273.2";"White wine";"Glass";"12.6";"2.168254"
"Vinmonopolet";"11080601";"Laurent Vogt Alsace l'Estival Pinot Noir RosÃ©";"Laurent Vogt Alsace l'Estival Pinot Noir RosÃ©";"2017";"198.9";"0.75";"265.2";"RosÃ©vin";"Glass";"12.5";"2.1216"
"Vinmonopolet";"11080902";"Geiranger Bryggeri Ãrnevegen Brut IPA";"Geiranger Bryggeri Ãrnevegen Brut IPA";"0";"54.9";"0.33";"166.36";"India pale ale";"Glass";"6.3";"2.6406925"
"Vinmonopolet";"11081501";"Daterra Viticultores Erea Da Vila";"Daterra Viticultores Erea Da Vila";"2017";"319.9";"0.75";"426.53";"White wine";"Glass";"12.5";"3.4122665"
"Vinmonopolet";"11081802";"Jungle Boogie Blood Orange Sour";"Jungle Boogie Blood Orange Sour";"0";"56";"0.33";"169.7";"SurÃ¸l";"Metall";"5.3";"3.2018294"
"Vinmonopolet";"11082601";"Joseph Mellot Sancerre Le Montarlet";"Joseph Mellot Sancerre Le Montarlet";"2018";"229.9";"0.75";"306.53";"White wine";"Glass";"13";"2.3579485"
"Vinmonopolet";"11082701";"Sandefjord Akevitten";"Sandefjord Akevitten";"0";"594.9";"1";"594.9";"Aquavit";"Glass";"40";"1.4872501"
"Vinmonopolet";"11082803";"Moskus Fjellakevitt";"Moskus Fjellakevitt";"0";"57.9";"0.04";"1447.5";"Aquavit";"Glass";"38";"3.8092108"
"Vinmonopolet";"11082903";"Akevitt fra Gudbrandsdalen";"Akevitt fra Gudbrandsdalen";"0";"57.9";"0.04";"1447.5";"Aquavit";"Glass";"40";"3.61875"
"Vinmonopolet";"11083003";"Vill og Vakker Sunndalsakevitten";"Vill og Vakker Sunndalsakevitten";"0";"57.9";"0.04";"1447.5";"Aquavit";"Glass";"40";"3.61875"
"Vinmonopolet";"11083205";"Tenuta di Carleone Il Guercio 2017";"Tenuta di Carleone Il Guercio";"2017";"898.8";"1.5";"599.2";"RÃ¸dvin";"Glass";"13.5";"4.4385185"
"Vinmonopolet";"11083301";"De Luze XO TrÃ¨s Vieille RÃ©serve";"De Luze XO TrÃ¨s Vieille RÃ©serve";"0";"879.9";"1";"879.9";"Grape spirit";"Glass";"40";"2.19975"
"Vinmonopolet";"11083402";"7 Fjell Overformynderi Stortingets Dobbel-IPA";"7 Fjell Overformynderi Stortingets Dobbel-IPA";"0";"51.9";"0.33";"151.21";"India pale ale";"Emballasje med pant";"8.5";"1.8502674"
"Vinmonopolet";"11084001";"Timorous Beatie 12 YO Cask Strength";"Timorous Beatie 12 YO Cask Strength";"0";"859.9";"0.7";"1228.43";"Whisky";"Glass";"54.4";"2.2581408"
"Vinmonopolet";"11084202";"Blanc de Houblon White IPA";"Blanc de Houblon White IPA";"0";"85.9";"0.44";"195.23";"India pale ale";"Metall";"6";"3.253788"
"Vinmonopolet";"11084302";"Vivian West Coast IPA";"Vivian West Coast IPA";"0";"89.9";"0.44";"204.32";"India pale ale";"Metall";"6.9";"2.961133"
"Vinmonopolet";"11084401";"Cervoles Colors Blanc 2018";"Cervoles Colors Blanc";"2018";"193";"0.75";"257.33";"White wine";"Glass";"13";"1.9794872"
"Vinmonopolet";"11084503";"Thams Akevitt";"Thams Akevitt";"0";"57.9";"0.04";"1447.5";"Aquavit";"Glass";"40";"3.61875"
"Vinmonopolet";"11084603";"Markavitt";"Markavitt";"0";"57.9";"0.04";"1447.5";"Aquavit";"Glass";"40";"3.61875"
"Vinmonopolet";"11084701";"Zudugarai";"Zudugarai";"2018";"149.4";"0.75";"199.2";"White wine";"Glass";"11";"1.810909"
"Vinmonopolet";"11084801";"Le Lude Cap Classique Cuvee Agrafe 2012";"Le Lude Cap Classique Cuvee Agrafe";"2012";"1479";"0.75";"1972";"Sparkling wine";"Glass";"12";"16.433332"
"Vinmonopolet";"11084901";"Dhondt-Grellet Les Nogers 2013";"Dhondt-Grellet Les Nogers";"2013";"549.8";"0.75";"733.07";"Champagne extra brut";"Glass";"12";"6.1088886"
"Vinmonopolet";"11085001";"Furlani Macerato 2018";"Furlani Macerato";"2018";"239.9";"0.75";"319.87";"Musserende vin, rosÃ©";"Glass";"11.5";"2.7814493"
"Vinmonopolet";"11085101";"Furlani Rosato 2018";"Furlani Rosato";"2018";"239.9";"0.75";"319.87";"Musserende vin, rosÃ©";"Glass";"11.5";"2.7814493"
"Vinmonopolet";"11085201";"Bayanegra Sparkling";"Bayanegra Sparkling";"0";"95.1";"0.75";"126.8";"Sparkling wine";"Glass";"7";"1.8114285"
"Vinmonopolet";"11085301";"Curtet Altesse 2017";"Curtet Altesse";"2017";"335.9";"0.75";"447.87";"White wine";"Glass";"12";"3.732222"
"Vinmonopolet";"11085501";"Koppitsch Perspektive Rot";"Koppitsch Perspektive Rot";"2017";"263.9";"0.75";"351.87";"RÃ¸dvin";"Glass";"12";"2.9322221"
"Vinmonopolet";"11085601";"Koppitsch Perspektive Weiss 2018";"Koppitsch Perspektive Weiss";"2018";"265.9";"0.75";"354.53";"White wine";"Glass";"12.5";"2.8362665"
"Vinmonopolet";"11085701";"Koppitsch RÃ©t 2017";"Koppitsch RÃ©t";"2017";"186.9";"0.75";"249.2";"RÃ¸dvin";"Glass";"11";"2.2654545"
"Vinmonopolet";"11085801";"Philippe Gilbert Menetou-Salon PrÃ©ambule 2018";"Philippe Gilbert Menetou-Salon PrÃ©ambule";"2018";"244.7";"0.75";"326.27";"RÃ¸dvin";"Glass";"13.5";"2.41679"
"Vinmonopolet";"11085901";"Coutelou Classe";"Coutelou Classe";"2017";"249.8";"0.75";"333.07";"RÃ¸dvin";"Glass";"14.5";"2.2970116"
"Vinmonopolet";"11086001";"Coutelou Rouge";"Coutelou Rouge";"0";"214.6";"0.75";"286.13";"RÃ¸dvin";"Glass";"13.5";"2.1195061"
"Vinmonopolet";"11086101";"Alexandre Bain Pierre PrÃ©cieuse 2017";"Alexandre Bain Pierre PrÃ©cieuse";"2017";"349";"0.75";"465.33";"White wine";"Glass";"13";"3.579487"
"Vinmonopolet";"11086105";"Alexandre Bain Pierre PrÃ©cieuse 2017";"Alexandre Bain Pierre PrÃ©cieuse";"2017";"696.7";"1.5";"464.47";"White wine";"Glass";"13";"3.5728207"
"Vinmonopolet";"11086201";"Coutelou Flambadou";"Coutelou Flambadou";"2017";"292.4";"0.75";"389.87";"RÃ¸dvin";"Glass";"13.5";"2.887901"
"Vinmonopolet";"11086301";"Alexandre Bain Terre d'Obus 2017";"Alexandre Bain Terre d'Obus";"2017";"342.3";"0.75";"456.4";"White wine";"Glass";"13";"3.5107691"
"Vinmonopolet";"11086305";"Alexandre Bain Terre d'Obus 2017";"Alexandre Bain Terre d'Obus";"2017";"670";"1.5";"446.67";"White wine";"Glass";"13";"3.4358974"
"Vinmonopolet";"11086401";"Alexandre Bain L. d'Ange 2014";"Alexandre Bain L. d'Ange";"2014";"490";"0.75";"653.33";"White wine";"Glass";"13";"5.025641"
"Vinmonopolet";"11086501";"Alexandre Bain No. 21";"Alexandre Bain No. 21";"2017";"310";"0.75";"413.33";"RÃ¸dvin";"Glass";"12.5";"3.3066666"
"Vinmonopolet";"11086601";"Alexandre Bain Mademoiselle M 2016";"Alexandre Bain Mademoiselle M";"2016";"424";"0.75";"565.33";"White wine";"Glass";"13";"4.348718"
"Vinmonopolet";"11086701";"Alexandre Bain No. 68";"Alexandre Bain No. 68";"2017";"280";"0.75";"373.33";"White wine";"Glass";"13";"2.871795"
"Vinmonopolet";"11086801";"Alexandre Bain No. 07";"Alexandre Bain No. 07";"2017";"330";"0.75";"440";"RÃ¸dvin";"Glass";"13";"3.3846154"
"Vinmonopolet";"11087401";"GÃ©rard Mugneret Vosne-RomanÃ©e";"GÃ©rard Mugneret Vosne-RomanÃ©e";"2015";"699";"0.75";"932";"RÃ¸dvin";"Glass";"13";"7.169231"
"Vinmonopolet";"11087501";"GÃ©rard Mugneret Vosne-RomanÃ©e Les BrulÃ©es 1er Cru";"GÃ©rard Mugneret Vosne-RomanÃ©e Les BrulÃ©es 1er Cru";"2015";"1100";"0.75";"1466.67";"RÃ¸dvin";"Glass";"13";"11.282051"
"Vinmonopolet";"11087601";"GÃ©rard Mugneret Nuits-Saint-Georges Les Boudots 1er Cru";"GÃ©rard Mugneret Nuits-Saint-Georges Les Boudots 1er Cru";"2015";"960";"0.75";"1280";"RÃ¸dvin";"Glass";"13";"9.846154"
"Vinmonopolet";"11087701";"GÃ©rard Mugneret Chambolle-Musigny Les Charmes 1er Cru 2015";"GÃ©rard Mugneret Chambolle-Musigny Les Charmes 1er Cru";"2015";"1100";"0.75";"1466.67";"RÃ¸dvin";"Glass";"13";"11.282051"
"Vinmonopolet";"11087901";"Dom. de Miselle Colombard Gros Manseng 2018";"Dom. de Miselle Colombard Gros Manseng";"2018";"134.9";"0.75";"179.87";"White wine";"Glass";"11.5";"1.564058"
"Vinmonopolet";"11088001";"Dom. de Bellevue Muscadet SÃ¨vre & Maine 2018";"Dom. de Bellevue Muscadet SÃ¨vre & Maine";"2018";"219.9";"0.75";"293.2";"White wine";"Glass";"12.5";"2.3456"
"Vinmonopolet";"11088101";"Sander Riesling Reserve 2017";"Sander Riesling Reserve";"2017";"369.9";"0.75";"493.2";"White wine";"Glass";"13";"3.7938461"
"Vinmonopolet";"11088201";"Sander Riesling Trocken 2018";"Sander Riesling Trocken";"2018";"164.9";"0.75";"219.87";"White wine";"Glass";"12";"1.8322221"
"Vinmonopolet";"11088301";"Corte Vittorio Prosecco Millesimato Extra Dry 2018";"Corte Vittorio Prosecco Millesimato Extra Dry";"2018";"167.7";"0.75";"223.6";"Sparkling wine";"Glass";"11.5";"1.9443477"
"Vinmonopolet";"11088401";"LIV";"LIV";"0";"207.9";"0.7";"297";"Other spirit";"Glass";"20";"1.485"
"Vinmonopolet";"11088502";"Lucky Lips Sour Shot Pink Flamingo";"Lucky Lips Sour Shot Pink Flamingo";"0";"147";"0.5";"294";"LikÃ¸r";"Glass";"17";"1.7294117"
"Vinmonopolet";"11088602";"Lucky Lips Sour Shot Salty Caramel";"Lucky Lips Sour Shot Salty Caramel";"0";"147";"0.5";"294";"LikÃ¸r";"Glass";"17";"1.7294117"
"Vinmonopolet";"11088701";"Santerra Environmental Tempranillo 2018";"Santerra Environmental Tempranillo";"2018";"139.9";"0.75";"186.53";"RÃ¸dvin";"Glass";"13";"1.4348717"
"Vinmonopolet";"11088802";"Lucky Lips Sour Shot Apple";"Lucky Lips Sour Shot Apple";"0";"147";"0.5";"294";"LikÃ¸r";"Glass";"17";"1.7294117"
"Vinmonopolet";"11088901";"Ten. Montecchiesi Sangiovese 2017";"Ten. Montecchiesi Sangiovese";"2017";"169.9";"0.75";"226.53";"RÃ¸dvin";"Glass";"14";"1.6180952"
"Vinmonopolet";"11089001";"Ten. Montecchiesi Preziosaterra 2015";"Ten. Montecchiesi Preziosaterra";"2015";"199.9";"0.75";"266.53";"RÃ¸dvin";"Glass";"14";"1.9038094"
"Vinmonopolet";"11089101";"R.L. Seale's Finest Barbados Rum";"R.L. Seale's Finest Barbados Rum";"0";"679.9";"0.7";"971.29";"Rum";"Glass";"46";"2.1114907"
"Vinmonopolet";"11089201";"Olivares Rosado";"Olivares Rosado";"2018";"149.9";"0.75";"199.87";"RosÃ©vin";"Glass";"13";"1.5374359"
"Vinmonopolet";"11089301";"Olivares Blanco";"Olivares Blanco";"2018";"149.9";"0.75";"199.87";"White wine";"Glass";"12.5";"1.5989332"
"Vinmonopolet";"11089402";"Iron Maiden Trooper Sun and Steel";"Iron Maiden Trooper Sun and Steel";"0";"48";"0.33";"145.45";"Light lager";"Glass";"4.8";"3.0303028"
"Vinmonopolet";"11089502";"To Ãl 3xNUL Citra";"To Ãl 3xNUL Citra";"0";"70.1";"0.33";"212.42";"India pale ale";"Glass";"6.9";"3.078612"
"Vinmonopolet";"11089606";"Dom. La Pascerette des Vignes Bourgogne Pinot Noir";"Dom. La Pascerette des Vignes Bourgogne Pinot Noir";"0";"638";"3";"212.67";"RÃ¸dvin";"Bag-in-box";"13";"1.6358974"
"Vinmonopolet";"11089701";"Rough Day Pinot Noir 2017";"Rough Day Pinot Noir";"2017";"129.9";"0.75";"173.2";"RÃ¸dvin";"Glass";"12.5";"1.3856"
"Vinmonopolet";"11089801";"Fistful of Love SpÃ¤tburgunder RosÃ©";"Fistful of Love SpÃ¤tburgunder RosÃ©";"2018";"254.9";"0.75";"339.87";"RosÃ©vin";"Glass";"11.5";"2.9553623"
"Vinmonopolet";"11089901";"Ch. Thuerry Les Abeillons blanc";"Ch. Thuerry Les Abeillons blanc";"2018";"235.4";"0.75";"313.87";"White wine";"Glass";"12.5";"2.5109332"
"Vinmonopolet";"11090001";"Ch. Thuerry L'Exception rosÃ©";"Ch. Thuerry L'Exception rosÃ©";"2017";"255.3";"0.75";"340.4";"RosÃ©vin";"Glass";"15";"2.2693334"
"Vinmonopolet";"11090101";"Ch. Thuerry Les Abeillons rouge";"Ch. Thuerry Les Abeillons rouge";"2013";"248.9";"0.75";"331.87";"RÃ¸dvin";"Glass";"14";"2.3704762"
"Vinmonopolet";"11090205";"Zudugarai Rose 2018";"Zudugarai Rose";"2018";"299.1";"1.5";"199.4";"RosÃ©vin";"Glass";"11";"1.8127273"
"Vinmonopolet";"11090401";"Marc Pesnot La Folle Blanche 2018";"Marc Pesnot La Folle Blanche";"2018";"289.9";"0.75";"386.53";"White wine";"Glass";"12";"3.221111"
"Vinmonopolet";"11090501";"Marc Pesnot Miss Terre 2018";"Marc Pesnot Miss Terre";"2018";"309.9";"0.75";"413.2";"White wine";"Glass";"12";"3.4433331"
"Vinmonopolet";"11090601";"Marc Pesnot La bohÃ¨me 2018";"Marc Pesnot La bohÃ¨me";"2018";"269.9";"0.75";"359.87";"White wine";"Glass";"12";"2.9988887"
"Vinmonopolet";"11091201";"Patrick Bouju Festejar!";"Patrick Bouju Festejar!";"0";"295";"0.75";"393.33";"Perlende vin, rÃ¸d";"Glass";"10";"3.9333334"
"Vinmonopolet";"11091301";"Patrick Bouju MÃ´l";"Patrick Bouju MÃ´l";"0";"280";"0.75";"373.33";"RÃ¸dvin";"Glass";"13";"2.871795"
"Vinmonopolet";"11091401";"Crasto Douro White 2018";"Crasto Douro White";"2018";"174.9";"0.75";"233.2";"White wine";"Glass";"12";"1.9433333"
"Vinmonopolet";"11091602";"NÃ¸isom Brut IPA";"NÃ¸isom Brut IPA";"0";"69";"0.5";"138";"India pale ale";"Glass";"7.8";"1.7692307"
"Vinmonopolet";"11091701";"NÃ¸isom KÃ¸nnvin Barley Wine";"NÃ¸isom KÃ¸nnvin Barley Wine";"0";"190.2";"0.75";"253.6";"Barley wine	";"Glass";"12.8";"1.9812499"
"Vinmonopolet";"11091801";"Pierre Gimonnet Extra Brut 1er Cru";"Pierre Gimonnet Extra Brut 1er Cru";"0";"424.9";"0.75";"566.53";"Champagne extra brut";"Glass";"12.5";"4.5322666"
"Vinmonopolet";"11092001";"Pierre Gimonnet Rose de Blancs Brut";"Pierre Gimonnet Rose de Blancs Brut";"0";"469.9";"0.75";"626.53";"Champagne, rosÃ©";"Glass";"12.5";"5.0122666"
"Vinmonopolet";"11092101";"Taupenot-Merme Saint Romain Rouge 2017";"Taupenot-Merme Saint Romain Rouge";"2017";"349.9";"0.75";"466.53";"RÃ¸dvin";"Glass";"13";"3.588718"
"Vinmonopolet";"11092201";"Rapet Pernand-Vergelesses Les Combottes 2017";"Rapet Pernand-Vergelesses Les Combottes";"2017";"449.9";"0.75";"599.87";"White wine";"Glass";"13.5";"4.4434566"
"Vinmonopolet";"11092301";"Faiveley Puligny-Montrachet 1er Cru Champ Gain 2017";"Faiveley Puligny-Montrachet 1er Cru Champ Gain";"2017";"634.9";"0.75";"846.53";"White wine";"Glass";"13";"6.511795"
"Vinmonopolet";"11092401";"Faiveley Meursault 1er Cru Charmes 2017";"Faiveley Meursault 1er Cru Charmes";"2017";"799";"0.75";"1065.33";"White wine";"Glass";"13.5";"7.891358"
"Vinmonopolet";"11092501";"Rapet Pernand-Vergelesses En Caradeux 1 er Cru 2017";"Rapet Pernand-Vergelesses En Caradeux 1 er Cru";"2017";"559.8";"0.75";"746.4";"White wine";"Glass";"13.5";"5.5288887"
"Vinmonopolet";"11092601";"Austrian Pepper GrÃ¼ner Veltliner 2018";"Austrian Pepper GrÃ¼ner Veltliner";"2018";"199.7";"0.75";"266.27";"White wine";"Glass";"12";"2.2188888"
"Vinmonopolet";"11092701";"Austrian Cherry Zweigelt 2018";"Austrian Cherry Zweigelt";"2018";"199.3";"0.75";"265.73";"RÃ¸dvin";"Glass";"13";"2.0441027"
"Vinmonopolet";"11092801";"Austrian Rose RosÃ© 2018";"Austrian Rose RosÃ©";"2018";"199.7";"0.75";"266.27";"RosÃ©vin";"Glass";"12";"2.2188888"
"Vinmonopolet";"11092901";"Austrian Plum St. Laurent 2018";"Austrian Plum St. Laurent";"2018";"199.3";"0.75";"265.73";"RÃ¸dvin";"Glass";"13";"2.0441027"
"Vinmonopolet";"11093001";"Austrian Peach Riesling 2018";"Austrian Peach Riesling";"2018";"199.1";"0.75";"265.47";"White wine";"Glass";"13.5";"1.9664198"
"Vinmonopolet";"11093101";"Ch. Bellecroix 2015";"Ch. Bellecroix";"2015";"199.6";"0.75";"266.13";"RÃ¸dvin";"Glass";"12.5";"2.1290667"
"Vinmonopolet";"11093201";"Ch. de la Huste 2006";"Ch. de la Huste";"2006";"349.5";"0.75";"466";"RÃ¸dvin";"Glass";"13";"3.5846155"
"Vinmonopolet";"11093301";"Maucaillou 2016";"Maucaillou";"2016";"299.5";"0.75";"399.33";"RÃ¸dvin";"Glass";"13";"3.071795"
"Vinmonopolet";"11093401";"Ch. de L'Hospital 2017";"Ch. de L'Hospital";"2017";"249.8";"0.75";"333.07";"White wine";"Glass";"13.5";"2.4671605"
"Vinmonopolet";"11093501";"Col Dei Venti Zolle Rosse";"Col Dei Venti Zolle Rosse";"0";"259.9";"0.75";"346.53";"RÃ¸dvin";"Glass";"12";"2.8877778"
"Vinmonopolet";"11093601";"Col Dei Venti Cortese 2018";"Col Dei Venti Cortese";"2018";"199.8";"0.75";"266.4";"White wine";"Glass";"12";"2.22"
"Vinmonopolet";"11093701";"Col Dei Venti Moscato D'Asti ComÃ©te 2018";"Col Dei Venti Moscato D'Asti ComÃ©te";"2018";"169.8";"0.75";"226.4";"Sparkling white wine";"Glass";"5.5";"4.1163635"
"Vinmonopolet";"11093801";"Col Dei Venti Brachetto Girotondo 2018";"Col Dei Venti Brachetto Girotondo";"2018";"179.4";"0.75";"239.2";"Perlende vin, rÃ¸d";"Glass";"6";"3.9866664"
"Vinmonopolet";"11093902";"Stone & Lambrate West Coast IGA";"Stone & Lambrate West Coast IGA";"0";"54.9";"0.33";"160.3";"Special";"Emballasje med pant";"7";"2.3766234"
"Vinmonopolet";"11094602";"Underfundig MjÃ¸d";"Underfundig MjÃ¸d";"0";"269.9";"0.5";"539.8";"MjÃ¸d";"Glass";"11";"4.907273"
"Vinmonopolet";"11094701";"Rapet Pernand-Vergelesses Le Clos de Village 1er Cru 2017";"Rapet Pernand-Vergelesses Le Clos de Village 1er Cru";"2017";"559.8";"0.75";"746.4";"White wine";"Glass";"13.5";"5.5288887"
"Vinmonopolet";"11094802";"VingÃ¥rden i Klagshamn RosÃ© 2018";"VingÃ¥rden i Klagshamn RosÃ©";"2018";"229.9";"0.5";"459.8";"RosÃ©vin";"Glass";"12.5";"3.6783998"
"Vinmonopolet";"11094902";"VingÃ¥rden i Klagshamn Lucky Star RosÃ© 2018";"VingÃ¥rden i Klagshamn Lucky Star RosÃ©";"2018";"229.9";"0.5";"459.8";"RosÃ©vin";"Glass";"12.5";"3.6783998"
"Vinmonopolet";"11095001";"Rapet Pernand-Vergelesses Sous Fretille 1 er Cru 2017";"Rapet Pernand-Vergelesses Sous Fretille 1 er Cru";"2017";"629.9";"0.75";"839.87";"White wine";"Glass";"13.5";"6.221235"
"Vinmonopolet";"11095301";"Bombay Sapphire English Estate LE";"Bombay Sapphire English Estate LE";"0";"439.9";"0.7";"628.43";"Gin";"Glass";"41";"1.5327526"
"Vinmonopolet";"11095401";"Santa Teresa 1796";"Santa Teresa";"0";"614.9";"0.7";"878.43";"Rum";"Glass";"40";"2.1960716"
"Vinmonopolet";"11095602";"Ch. Thuerry Must K 2017";"Ch. Thuerry Must K";"2017";"218.5";"0.5";"437";"White wine";"Glass";"14";"3.1214285"
"Vinmonopolet";"11096101";"I heart Spritz";"I heart Spritz";"0";"114.9";"0.75";"153.2";"Flavoured wine	";"Glass";"7";"2.1885715"
"Vinmonopolet";"11096201";"I heart Hugo";"I heart Hugo";"0";"114.9";"0.75";"153.2";"Flavoured wine	";"Glass";"7";"2.1885715"
"Vinmonopolet";"11096401";"Biscardo Oropasso";"Biscardo Oropasso";"2018";"171.9";"0.75";"229.2";"White wine";"Glass";"13";"1.7630769"
"Vinmonopolet";"11096702";"Merlet Cream de Poire Williams";"Merlet Cream de Poire Williams";"0";"322.4";"0.5";"644.8";"LikÃ¸r";"Glass";"18";"3.5822222"
"Vinmonopolet";"11096802";"Merlet Cream de Peche de Vigne";"Merlet Cream de Peche de Vigne";"0";"357.2";"0.5";"714.4";"LikÃ¸r";"Glass";"18";"3.968889"
"Vinmonopolet";"11096901";"Ballorin Bourgogne Pinot Noir 2017";"Ballorin Bourgogne Pinot Noir";"2017";"299";"0.75";"398.67";"RÃ¸dvin";"Glass";"12.5";"3.1893334"
"Vinmonopolet";"11097101";"Ballorin CÃ´tes de Nuits Le Village 2017";"Ballorin CÃ´tes de Nuits Le Village";"2017";"385";"0.75";"513.33";"RÃ¸dvin";"Glass";"12.5";"4.1066666"
"Vinmonopolet";"11097201";"Dom. des Gandines CrÃ©mant de Bourgogne";"Dom. des Gandines CrÃ©mant de Bourgogne";"2017";"268";"0.75";"357.33";"Sparkling wine";"Glass";"12";"2.9777777"
"Vinmonopolet";"11097302";"Cervisiam Weekend at Berrie's Imperial Cherry Gose";"Cervisiam Weekend at Berrie's Imperial Cherry Gose";"0";"69.9";"0.33";"205.76";"SurÃ¸l";"Emballasje med pant";"6.5";"3.2587411"
"Vinmonopolet";"11097402";"Cervisiam Aylmer New England Style IPA";"Cervisiam Aylmer New England Style IPA";"0";"69.9";"0.33";"205.76";"India pale ale";"Emballasje med pant";"6.8";"3.114973"
"Vinmonopolet";"11097501";"Les Hautes Terres Les Autres Terres Blanc 2018";"Les Hautes Terres Les Autres Terres Blanc";"2018";"224";"0.75";"298.67";"White wine";"Glass";"13";"2.297436"
"Vinmonopolet";"11097601";"Faiveley Meursault 1er Cru Blagny 2017";"Faiveley Meursault 1er Cru Blagny";"2017";"499.8";"0.75";"666.4";"White wine";"Glass";"13";"5.126154"
"Vinmonopolet";"11097605";"Faiveley Meursault 1er Cru Blagny 2017";"Faiveley Meursault 1er Cru Blagny";"2017";"1049.8";"1.5";"699.87";"White wine";"Glass";"13";"5.38359"
"Vinmonopolet";"11097701";"Faiveley Chassagne-Montrachet 1er Cru Morgeot 2017";"Faiveley Chassagne-Montrachet 1er Cru Morgeot";"2017";"694.9";"0.75";"926.53";"White wine";"Glass";"13.5";"6.86321"
"Vinmonopolet";"11097801";"Piollot Come des Tallants 2015";"Piollot Come des Tallants";"2015";"499.9";"0.75";"666.53";"Champagne extra brut";"Glass";"12";"5.5544443"
"Vinmonopolet";"11097901";"Piollot Colas Robin Brut Nature 2014";"Piollot Colas Robin Brut Nature";"2014";"499.9";"0.75";"666.53";"Champagne extra brut";"Glass";"12";"5.5544443"
"Vinmonopolet";"11098001";"Roger Manceaux CuvÃ©e de RÃ©serve Brut";"Roger Manceaux CuvÃ©e de RÃ©serve Brut";"0";"300.8";"0.75";"401.07";"Champagne, brut";"Glass";"12";"3.342222"
"Vinmonopolet";"11098402";"Sorelle Bronca Valdobbiadene Prosecco Superiore Brut";"Sorelle Bronca Valdobbiadene Prosecco Superiore Brut";"0";"126";"0.38";"336";"Sparkling wine";"Glass";"11";"3.014354"
"Vinmonopolet";"11098501";"Thunder Bitch";"Thunder Bitch";"0";"359.9";"0.7";"514.14";"LikÃ¸r";"Glass";"30";"1.7138095"
"Vinmonopolet";"11098601";"Dopff CrÃ©mant d'Alsace Brut Nature";"Dopff CrÃ©mant d'Alsace Brut Nature";"0";"229";"0.75";"305.33";"Sparkling wine";"Glass";"12";"2.5444446"
"Vinmonopolet";"11098701";"Dom. Chapel Beaujolais-Villages 2018";"Dom. Chapel Beaujolais-Villages";"2018";"237.5";"0.75";"316.67";"RÃ¸dvin";"Glass";"12.5";"2.5333333"
"Vinmonopolet";"11098705";"Dom. Chapel Beaujolais-Villages 2018";"Dom. Chapel Beaujolais-Villages";"2018";"479.9";"1.5";"319.93";"RÃ¸dvin";"Glass";"12.5";"2.5594666"
"Vinmonopolet";"11098801";"Josef Fischer GrÃ¼ner Veltliner Federspiel Rossatz 2018";"Josef Fischer GrÃ¼ner Veltliner Federspiel Rossatz";"2018";"153";"0.75";"204";"White wine";"Glass";"12";"1.7"
"Vinmonopolet";"11098901";"Rapet Corton-Charlemagne Grand Cru 2017";"Rapet Corton-Charlemagne Grand Cru";"2017";"1399.9";"0.75";"1866.53";"White wine";"Glass";"13.5";"13.826173"
"Vinmonopolet";"11099101";"Rapet Savigny-Les-Beaune Aux Fournaux 1 er Cru 2017";"Rapet Savigny-Les-Beaune Aux Fournaux 1 er Cru";"2017";"599.9";"0.75";"799.87";"RÃ¸dvin";"Glass";"13.5";"5.9249387"
"Vinmonopolet";"11099206";"No.1 Premium Dry Gin";"No.1 Premium Dry Gin";"0";"1327";"3";"442.33";"Gin";"Bag-in-box";"37.5";"1.1795555"
"Vinmonopolet";"11099401";"Col Dei Venti Infiore Spumante Brut";"Col Dei Venti Infiore Spumante Brut";"0";"179.6";"0.75";"239.47";"Sparkling wine";"Glass";"11.5";"2.082319"
"Vinmonopolet";"11099701";"Matthias MÃ¼ller Rheinschiefer Riesling Trocken 2017";"Matthias MÃ¼ller Rheinschiefer Riesling Trocken";"2017";"243";"0.75";"324";"White wine";"Glass";"12.5";"2.592"
"Vinmonopolet";"11099801";"J. de Telmont Heritage 1996";"J. de Telmont Heritage";"1996";"1499.8";"0.75";"1999.73";"Champagne, brut";"Glass";"12";"16.664446"
"Vinmonopolet";"11099901";"J. de Telmont O.R. 1735 2004";"J. de Telmont O.R.";"2004";"999.9";"0.75";"1333.2";"Champagne, brut";"Glass";"12";"11.110001"
"Vinmonopolet";"11100001";"Fjor-n Hvitvin";"Fjor-n Hvitvin";"2018";"150";"0.75";"200";"White wine";"Glass";"11.5";"1.7391304"
"Vinmonopolet";"11100101";"Fjor-n RosÃ© Grenache";"Fjor-n RosÃ© Grenache";"2018";"155";"0.75";"206.67";"RosÃ©vin";"Glass";"11.5";"1.7971015"
"Vinmonopolet";"11100201";"Blankbottle Familiemoord 2018";"Blankbottle Familiemoord";"2018";"319";"0.75";"425.33";"RÃ¸dvin";"Glass";"13.5";"3.1506174"
"Vinmonopolet";"11100302";"De Tvende Cirque de Saison";"De Tvende Cirque de Saison";"0";"58.9";"0.33";"172.42";"Saison farmhouse ale";"Emballasje med pant";"6.5";"2.7459207"
"Vinmonopolet";"11100402";"Graff Danktastic Double IPA";"Graff Danktastic Double IPA";"0";"69.9";"0.33";"211.82";"India pale ale";"Glass";"7.5";"2.8242424"
"Vinmonopolet";"11100602";"Stigbergets Flamingo Juice Mango Pepper Gose";"Stigbergets Flamingo Juice Mango Pepper Gose";"0";"67.9";"0.33";"199.7";"SurÃ¸l";"Emballasje med pant";"5";"4.1151514"
"Vinmonopolet";"11100702";"Stigbergets/Cervisiam Survival of the Hoppiest Imperial Spelt IPA";"Stigbergets/Cervisiam Survival of the Hoppiest Imperial Spelt IPA";"0";"99.9";"0.44";"222.5";"India pale ale";"Emballasje med pant";"9";"2.5227273"
"Vinmonopolet";"11100801";"Bacardi Gran Reserva Diez";"Bacardi Gran Reserva Diez";"0";"554.9";"0.7";"792.71";"Rum";"Glass";"40";"1.9817859"
"Vinmonopolet";"11100906";"No.1 Premium Vodka";"No.1 Premium Vodka";"0";"1245.8";"3";"415.27";"Vodka";"Bag-in-box";"37.5";"1.1073778"
"Vinmonopolet";"11101001";"Charton et Trebuchet CrÃ©mant de Bourgogne RosÃ©";"Charton et Trebuchet CrÃ©mant de Bourgogne RosÃ©";"2017";"189.9";"0.75";"253.2";"Musserende vin, rosÃ©";"Glass";"12";"2.11"
"Vinmonopolet";"11101101";"L'Ãpicurieux GamaylÃ©on Beaujolais-LantigniÃ© 2018";"L'Ãpicurieux GamaylÃ©on Beaujolais-LantigniÃ©";"2018";"259.9";"0.75";"346.53";"RÃ¸dvin";"Glass";"12";"2.8877778"
"Vinmonopolet";"11101201";"Dom. Saint-Cyr ChÃ©nas Le Journets 2017";"Dom. Saint-Cyr ChÃ©nas Le Journets";"2017";"339.9";"0.75";"453.2";"RÃ¸dvin";"Glass";"13";"3.4861538"
"Vinmonopolet";"11101301";"Saurwein NOM Pinot Noir 2018";"Saurwein NOM Pinot Noir";"2018";"419.9";"0.75";"559.87";"RÃ¸dvin";"Glass";"13.5";"4.1471605"
"Vinmonopolet";"11101401";"Saurwein Om Pinot Noir 2018";"Saurwein Om Pinot Noir";"2018";"419.9";"0.75";"559.87";"RÃ¸dvin";"Glass";"13.5";"4.1471605"
"Vinmonopolet";"11101501";"Parajes del Valle Monastrell 2018";"Parajes del Valle Monastrell";"2018";"159.9";"0.75";"213.2";"RÃ¸dvin";"Glass";"13.5";"1.5792592"
"Vinmonopolet";"11101601";"Els Vinyerons Lluerna 2018";"Els Vinyerons Lluerna";"2018";"179.9";"0.75";"239.87";"White wine";"Glass";"12";"1.9988889"
"Vinmonopolet";"11101701";"Els Vinyerons Saltarmart 2018";"Els Vinyerons Saltarmart";"2018";"179.9";"0.75";"239.87";"RÃ¸dvin";"Glass";"12.5";"1.9189333"
"Vinmonopolet";"11101801";"Masia Salat Brut RosÃ© 2017";"Masia Salat Brut RosÃ©";"2017";"139.9";"0.75";"186.53";"Musserende vin, rosÃ©";"Glass";"11.5";"1.622029"
"Vinmonopolet";"11102305";"CardÃ¨to Orvieto";"CardÃ¨to Orvieto";"2018";"249";"1.5";"166";"White wine";"Glass";"12";"1.3833333"
"Vinmonopolet";"11102401";"Blush by Eli Kari";"Blush by Eli Kari";"0";"549";"0.7";"784.29";"Gin";"Glass";"40";"1.9607143"
"Vinmonopolet";"11102502";"NÃ¸isom Britisk Brown Ale";"NÃ¸isom Britisk Brown Ale";"0";"59.4";"0.5";"118.8";"Brown ale";"Glass";"5.8";"2.048276"
"Vinmonopolet";"11102601";"J.B. Becker Wallufer Walkenberg Riesling Kabinett Trocken 2017";"J.B. Becker Wallufer Walkenberg Riesling Kabinett Trocken";"2017";"268";"0.75";"357.33";"White wine";"Glass";"11.5";"3.1072464"
"Vinmonopolet";"11102701";"Les HÃ©ritiers Saint-Genys Bourgogne AligotÃ© Blanc";"Les HÃ©ritiers Saint-Genys Bourgogne AligotÃ© Blanc";"2016";"249.9";"0.75";"333.2";"White wine";"Glass";"12.5";"2.6655998"
"Vinmonopolet";"11102901";"Les HÃ©ritiers Saint-Genys Maranges 1er Cru Clos des LoyÃ¨res Rouge 2016";"Les HÃ©ritiers Saint-Genys Maranges 1er Cru Clos des LoyÃ¨res Rouge";"2016";"329.9";"0.75";"439.87";"RÃ¸dvin";"Glass";"13";"3.3835897"
"Vinmonopolet";"11103001";"Ch. Capion Le Songe d' ÃocÃ¨ne 2016";"Ch. Capion Le Songe d' ÃocÃ¨ne";"2016";"789.9";"0.75";"1053.2";"White wine";"Glass";"13";"8.101539"
"Vinmonopolet";"11103101";"Ch. Capion Le Chemin des Garennes 2016";"Ch. Capion Le Chemin des Garennes";"2016";"269.9";"0.75";"359.87";"RÃ¸dvin";"Glass";"14.5";"2.481839"
"Vinmonopolet";"11103201";"Ch. Capion Languedoc 2016";"Ch. Capion Languedoc";"2016";"429.9";"0.75";"573.2";"White wine";"Glass";"14";"4.0942855"
"Vinmonopolet";"11103301";"Ch. Capion Terrasses du Larzac 2016";"Ch. Capion Terrasses du Larzac";"2016";"434.9";"0.75";"579.87";"RÃ¸dvin";"Glass";"15";"3.8657777"
"Vinmonopolet";"11103401";"Ch. Capion Le Songe d' ÃocÃ¨ne 2016";"Ch. Capion Le Songe d' ÃocÃ¨ne";"2016";"789.9";"0.75";"1053.2";"RÃ¸dvin";"Glass";"14.5";"7.2634487"
"Vinmonopolet";"11103502";"Jikiun Harmony Sour KÃ¶lsch";"Jikiun Harmony Sour KÃ¶lsch";"0";"58.9";"0.33";"172.42";"SurÃ¸l";"Emballasje med pant";"5";"3.569697"
"Vinmonopolet";"11103602";"Jikiun Horiatiki Saison";"Jikiun Horiatiki Saison";"0";"59.9";"0.33";"175.45";"Saison farmhouse ale";"Emballasje med pant";"6.5";"2.7925408"
"Vinmonopolet";"11103701";"Wolfburn Northland Single Malt Scotch Whisky";"Wolfburn Northland Single Malt Scotch Whisky";"0";"699.9";"0.7";"999.86";"Whisky";"Glass";"46";"2.1736026"
"Vinmonopolet";"11103801";"Wolfburn Aurora Single Malt Scotch Whisky";"Wolfburn Aurora Single Malt Scotch Whisky";"0";"699.9";"0.7";"999.86";"Whisky";"Glass";"46";"2.1736026"
"Vinmonopolet";"11103901";"Wolfburn Morven Single Malt Scotch Whisky";"Wolfburn Morven Single Malt Scotch Whisky";"0";"699.9";"0.7";"999.86";"Whisky";"Glass";"46";"2.1736026"
"Vinmonopolet";"11104001";"SolhÃ¸i Flytende Solskinn sider 2018";"SolhÃ¸i Flytende Solskinn sider";"2018";"179.9";"0.75";"239.87";"Cider";"Glass";"7.5";"3.1982222"
"Vinmonopolet";"11104102";"PÃµhjala Karneval Imperial Stout";"PÃµhjala Karneval Imperial Stout";"0";"69.9";"0.33";"211.82";"Porter and stout";"Glass";"10.9";"1.9432861"
"Vinmonopolet";"11104202";"PÃµhjala Orange Gose";"PÃµhjala Orange Gose";"0";"49.9";"0.33";"151.21";"Special";"Glass";"5.5";"2.7493112"
"Vinmonopolet";"11104301";"3 Fonteinen Oude Geuze CuvÃ©e Armand & Gaston";"3 Fonteinen Oude Geuze CuvÃ©e Armand & Gaston";"0";"249.9";"0.75";"333.2";"SurÃ¸l";"Glass";"6.5";"5.126154"
"Vinmonopolet";"11104402";"PÃµhjala Vahtra Imperial Stout Cellar Series";"PÃµhjala Vahtra Imperial Stout Cellar Series";"0";"99.9";"0.33";"302.73";"Porter and stout";"Glass";"10.8";"2.8030303"
"Vinmonopolet";"11104501";"Silly Pineapple";"Silly Pineapple";"0";"219.9";"0.7";"314.14";"LikÃ¸r";"Glass";"16.4";"1.9155053"
"Vinmonopolet";"11104701";"SmÃ¥ Sure Jungle Fruits";"SmÃ¥ Sure Jungle Fruits";"0";"299.9";"1";"299.9";"LikÃ¸r";"Glass";"16.4";"1.8286586"
"Vinmonopolet";"11105002";"Brewski Disco Danke Imperial Berliner Weisse";"Brewski Disco Danke Imperial Berliner Weisse";"0";"59.9";"0.33";"181.52";"SurÃ¸l";"Metall";"6";"3.0252526"
"Vinmonopolet";"11105102";"Brewski Silent Whisper Imperial Coconut Stout";"Brewski Silent Whisper Imperial Coconut Stout";"0";"79.9";"0.33";"242.12";"Porter and stout";"Metall";"10";"2.421212"
"Vinmonopolet";"11105202";"Brewski x Amager Bryghus Sour Envy IPA";"Brewski x Amager Bryghus Sour Envy IPA";"0";"49.9";"0.33";"151.21";"India pale ale";"Metall";"6";"2.520202"
"Vinmonopolet";"11105401";"Dom. Saint-Cyr Aligo";"Dom. Saint-Cyr Aligo";"2018";"259.9";"0.75";"346.53";"White wine";"Glass";"13";"2.665641"
"Vinmonopolet";"11105501";"Rings 365 Tage Riesling";"Rings 365 Tage Riesling";"2018";"184.9";"1";"184.9";"White wine";"Glass";"11.5";"1.607826"
"Vinmonopolet";"11105601";"Jaimee Motley Argillet Mondeuse";"Jaimee Motley Argillet Mondeuse";"2017";"429.9";"0.75";"573.2";"RÃ¸dvin";"Glass";"12.1";"4.73719"
"Vinmonopolet";"11105701";"Jaimee Motley Norgard Vineyard Chenin Blanc";"Jaimee Motley Norgard Vineyard Chenin Blanc";"2017";"359.9";"0.75";"479.87";"White wine";"Glass";"12.1";"3.96584"
"Vinmonopolet";"11105801";"Jaimee Motley Rorick Heritage Vineyard Mondeuse RosÃ©";"Jaimee Motley Rorick Heritage Vineyard Mondeuse RosÃ©";"2018";"299.9";"0.75";"399.87";"RosÃ©vin";"Glass";"11.8";"3.3887005"
"Vinmonopolet";"11106101";"William Fevre Chablis Grand Cru VaudÃ©sir 2017";"William Fevre Chablis Grand Cru VaudÃ©sir";"2017";"769.9";"0.75";"1026.53";"White wine";"Glass";"13";"7.8964105"
"Vinmonopolet";"11106201";"William Fevre Chablis Premier Cru Vaillons 2017";"William Fevre Chablis Premier Cru Vaillons";"2017";"394.9";"0.75";"526.53";"White wine";"Glass";"13";"4.0502563"
"Vinmonopolet";"11106301";"William Fevre Chablis Premier Cru Montmains 2017";"William Fevre Chablis Premier Cru Montmains";"2017";"394.9";"0.75";"526.53";"White wine";"Glass";"12.5";"4.2122664"
"Vinmonopolet";"11106501";"Ch. Picque Caillou Blanc 2017";"Ch. Picque Caillou Blanc";"2017";"325";"0.75";"433.33";"White wine";"Glass";"12.5";"3.4666667"
"Vinmonopolet";"11106602";"Spritz Cocktail";"Spritz Cocktail";"0";"39.9";"0.28";"145.09";"Flavoured wine	";"Glass";"8.5";"1.6764706"
"Vinmonopolet";"11106701";"Select Bitter Aperitivo";"Select Bitter Aperitivo";"0";"269";"0.7";"384.29";"Bitter	";"Glass";"17.5";"2.1959183"
"Vinmonopolet";"11107901";"Le Trou Du Diable La Bretteuse";"Le Trou Du Diable La Bretteuse";"0";"229";"0.75";"305.33";"India pale ale";"Glass";"7.5";"4.071111"
"Vinmonopolet";"11108201";"Le Trou Du Diable La Suite de Fibonacci XIII";"Le Trou Du Diable La Suite de Fibonacci XIII";"0";"199.9";"0.75";"266.53";"SurÃ¸l";"Glass";"7.5";"3.5537777"
"Vinmonopolet";"11108301";"Altoviso Premium Brut";"Altoviso Premium Brut";"0";"167.6";"0.75";"223.47";"Sparkling wine";"Glass";"12.5";"1.7877334"
"Vinmonopolet";"11108401";"Altoviso Beira Atlantico Tinto";"Altoviso Beira Atlantico Tinto";"2016";"154.9";"0.75";"206.53";"RÃ¸dvin";"Glass";"13";"1.5887179"
"Vinmonopolet";"11108501";"Eulogio Pomares MaceraciÃ³n con Pieles 2017";"Eulogio Pomares MaceraciÃ³n con Pieles";"2017";"450";"0.75";"600";"White wine";"Glass";"12.5";"4.8"
"Vinmonopolet";"11108601";"Eulogio Pomares Carralcoba CaiÃ±o 2017";"Eulogio Pomares Carralcoba CaiÃ±o";"2017";"325";"0.75";"433.33";"RÃ¸dvin";"Glass";"11";"3.939394"
"Vinmonopolet";"11108701";"Zarate CaiÃ±o Tinto 2017";"Zarate CaiÃ±o Tinto";"2017";"295";"0.75";"393.33";"RÃ¸dvin";"Glass";"11";"3.5757575"
"Vinmonopolet";"11108801";"Zarate Fontecon 2017";"Zarate Fontecon";"2017";"290";"0.75";"386.67";"RosÃ©vin";"Glass";"11.5";"3.3623188"
"Vinmonopolet";"11108906";"Soalheiro Allo";"Soalheiro Allo";"2018";"459.9";"3";"153.3";"White wine";"Bag-in-box";"11.5";"1.3330435"
"Vinmonopolet";"11109001";"Nudo Soave";"Nudo Soave";"2019";"179.9";"0.75";"239.87";"White wine";"Glass";"12";"1.9988889"
"Vinmonopolet";"11109101";"Terredirai Pinot Grigio delle Venezie";"Terredirai Pinot Grigio delle Venezie";"2018";"145";"0.75";"193.33";"White wine";"Glass";"12";"1.6111112"
"Vinmonopolet";"11113301";"Master's London Dry Gin";"Master's London Dry Gin";"0";"429.9";"0.7";"614.14";"Gin";"Glass";"40";"1.5353571"
"Vinmonopolet";"11113802";"Bryggerhuset Montseny Dubbel IPA";"Bryggerhuset Montseny Dubbel IPA";"0";"44.9";"0.33";"136.06";"India pale ale";"Glass";"8";"1.7007576"
"Vinmonopolet";"11114201";"Medoff Classic";"Medoff Classic";"0";"336.4";"0.7";"480.57";"Vodka";"Glass";"40";"1.2014285"
"Vinmonopolet";"11114302";"Medoff Royal";"Medoff Royal";"0";"252.1";"0.5";"504.2";"Vodka";"Glass";"40";"1.2605001"
"Vinmonopolet";"11114701";"Riffel Silvaner Trocken 2017";"Riffel Silvaner Trocken";"2017";"219.9";"0.75";"293.2";"White wine";"Glass";"11.5";"2.549565"
"Vinmonopolet";"11115102";"MG Spirits Mojito";"MG Spirits Mojito";"0";"59.9";"0.28";"217.82";"Other spirit";"Glass";"5.5";"3.8896105"
"Vinmonopolet";"11115202";"MG Spirits Vodka Orange";"MG Spirits Vodka Orange";"0";"59.9";"0.28";"217.82";"Other spirit";"Glass";"5.5";"3.8896105"
"Vinmonopolet";"11115302";"MG Spirits Gin Tonic";"MG Spirits Gin Tonic";"0";"59.9";"0.28";"217.82";"Other spirit";"Glass";"5.5";"3.8896105"
"Vinmonopolet";"11115401";"That Boutique-y Gin Company Spit-Roasted Pineapple Gin";"That Boutique-y Gin Company Spit-Roasted Pineapple Gin";"0";"579.9";"0.7";"828.43";"Gin";"Glass";"46";"1.8009318"
"Vinmonopolet";"11115601";"Vigna Preziosa Prosecco Brut";"Vigna Preziosa Prosecco Brut";"0";"199";"0.75";"265.33";"Sparkling wine";"Glass";"11.5";"2.3072464"
"Vinmonopolet";"11116001";"Bodrog Dry Tokaj 2018";"Bodrog Dry Tokaj";"2018";"150";"0.75";"200";"White wine";"Glass";"12.5";"1.6"
"Vinmonopolet";"11116101";"Sauska Tokaji Furmint 2018";"Sauska Tokaji Furmint";"2018";"169.9";"0.75";"226.53";"White wine";"Glass";"13";"1.7425641"
"Vinmonopolet";"11116301";"Dom. Pichard Madiran 2012";"Dom. Pichard Madiran";"2012";"300";"0.75";"400";"RÃ¸dvin";"Glass";"14";"2.857143"
"Vinmonopolet";"11116401";"Sidewood ChloÃ© CuvÃ©e";"Sidewood ChloÃ© CuvÃ©e";"2014";"199.9";"0.75";"266.53";"Sparkling wine";"Glass";"11.5";"2.317681"
"Vinmonopolet";"11117001";"Maison Harbour Bourgogne Chardonnay 2017";"Maison Harbour Bourgogne Chardonnay";"2017";"417.6";"0.75";"556.8";"White wine";"Glass";"13";"4.283077"
"Vinmonopolet";"11117101";"Maison Harbour Santenay 1er Cru Les Gravieres 2017";"Maison Harbour Santenay 1er Cru Les Gravieres";"2017";"579.5";"0.75";"772.67";"White wine";"Glass";"13";"5.9435897"
"Vinmonopolet";"11120601";"BersÃ¥ 2018";"BersÃ¥";"2018";"238.6";"0.75";"318.13";"White wine";"Glass";"14.5";"2.1940231"
"Vinmonopolet";"11121301";"Casa Primicia Graciano 2018";"Casa Primicia Graciano";"2018";"169.9";"0.75";"226.53";"RÃ¸dvin";"Glass";"13.5";"1.6780246"
"Vinmonopolet";"11121701";"Vega Vella 2018";"Vega Vella";"2018";"149.9";"0.75";"199.87";"RÃ¸dvin";"Glass";"14";"1.427619"
"Vinmonopolet";"11121801";"Cant. Nebbiolo Vigna Valmaggiore Nebbiolo d'Alba 2017";"Cant. Nebbiolo Vigna Valmaggiore Nebbiolo d'Alba";"2017";"219.9";"0.75";"293.2";"RÃ¸dvin";"Glass";"14.5";"2.022069"
"Vinmonopolet";"11122001";"Josef Fischer Ried Kreuzberg GrÃ¼ner Veltliner Smaragd 2018";"Josef Fischer Ried Kreuzberg GrÃ¼ner Veltliner Smaragd";"2018";"279.8";"0.75";"373.07";"White wine";"Glass";"14";"2.6647618"
"Vinmonopolet";"11122102";"Geiranger Bryggeri Store Kniven Brown Ale";"Geiranger Bryggeri Store Kniven Brown Ale";"0";"47.9";"0.33";"145.15";"Brown ale";"Glass";"5.5";"2.6391184"
"Vinmonopolet";"11122301";"Torlesse GewÃ¼rztraminer 2018";"Torlesse GewÃ¼rztraminer";"2018";"175";"0.75";"233.33";"White wine";"Glass";"14";"1.6666666"
"Vinmonopolet";"11122601";"Maison Harbour Savigny-les-Beaune 1er Cru Dominode 2017";"Maison Harbour Savigny-les-Beaune 1er Cru Dominode";"2017";"641.7";"0.75";"855.6";"RÃ¸dvin";"Glass";"12.5";"6.8448"
"Vinmonopolet";"11122701";"Maison Harbour Gevrey-Chambertin La Justice 2017";"Maison Harbour Gevrey-Chambertin La Justice";"2017";"720.3";"0.75";"960.4";"RÃ¸dvin";"Glass";"13";"7.387692"
"Vinmonopolet";"11122801";"Maison Harbour Gevrey-Chambertin La Combe au Moine 2017";"Maison Harbour Gevrey-Chambertin La Combe au Moine";"2017";"903.5";"0.75";"1204.67";"RÃ¸dvin";"Glass";"12.5";"9.637333"
"Vinmonopolet";"11122901";"Maison Harbour Corton Grand Cru 2017";"Maison Harbour Corton Grand Cru";"2017";"1030";"0.75";"1373.33";"RÃ¸dvin";"Glass";"13";"10.564102"
"Vinmonopolet";"11123001";"Dezzani Barbera d'Asti Superiore";"Dezzani Barbera d'Asti Superiore";"0";"129.9";"0.75";"173.2";"RÃ¸dvin";"Glass";"13";"1.3323076"
"Vinmonopolet";"11123102";"Haandbryggeriet Karaoke Cowboy";"Haandbryggeriet Karaoke Cowboy";"0";"82.3";"0.44";"182.5";"India pale ale";"Emballasje med pant";"8";"2.3380682"
"Vinmonopolet";"11123202";"Ninki-ichi Yuzu Sake";"Ninki-ichi Yuzu Sake";"0";"234.9";"0.5";"469.8";"Sake";"Glass";"8";"5.8725"
"Vinmonopolet";"11123301";"Ch. Peyros Madiran Vieilles Vignes 2015";"Ch. Peyros Madiran Vieilles Vignes";"2015";"242.9";"0.75";"323.87";"RÃ¸dvin";"Glass";"14";"2.3133333"
"Vinmonopolet";"11123502";"St. Hallvards Statler & Waldorf Barley Wine";"St. Hallvards Statler & Waldorf Barley Wine";"0";"79.9";"0.33";"242.12";"Barley wine	";"Glass";"11";"2.2011018"
"Vinmonopolet";"11123602";"Klokk & Co Chinook NEIPA";"Klokk & Co Chinook NEIPA";"2019";"51.9";"0.33";"151.21";"India pale ale";"Emballasje med pant";"6";"2.621212"
"Vinmonopolet";"11123706";"Welmoed Shiraz Pinotage Grenache 2018";"Welmoed Shiraz Pinotage Grenache";"2018";"329.9";"2.25";"146.62";"RÃ¸dvin";"Bag-in-box";"14";"1.0473015"
"Vinmonopolet";"11123801";"FlÃ¤die Aniara 2018";"FlÃ¤die Aniara";"2018";"237";"0.75";"316";"White wine";"Glass";"12";"2.6333334"
"Vinmonopolet";"11124001";"Leitz RÃ¼desheimer Berg Rottland GG 2018";"Leitz RÃ¼desheimer Berg Rottland GG";"2018";"409.9";"0.75";"546.53";"White wine";"Glass";"13";"4.2041025"
"Vinmonopolet";"11124101";"Bassermann-Jordan Jesuitengarten Riesling Grosses GewÃ¤chs 2018";"Bassermann-Jordan Jesuitengarten Riesling Grosses GewÃ¤chs";"2018";"449.9";"0.75";"599.87";"White wine";"Glass";"12.5";"4.7989335"
"Vinmonopolet";"11124201";"Charles Sparr Mambourg GewÃ¼rztraminer Grand Cru 2017";"Charles Sparr Mambourg GewÃ¼rztraminer Grand Cru";"2017";"279";"0.75";"372";"White wine";"Glass";"15.5";"2.4"
"Vinmonopolet";"11124301";"Unger Gaisberg Kremstal Reserve Riesling 2018";"Unger Gaisberg Kremstal Reserve Riesling";"2018";"224";"0.75";"298.67";"White wine";"Glass";"13";"2.297436"
"Vinmonopolet";"11124401";"Unger Gottchelle Kremstal Reserve GrÃ¼ner Veltliner";"Unger Gottchelle Kremstal Reserve GrÃ¼ner Veltliner";"2018";"209.9";"0.75";"279.87";"White wine";"Glass";"13";"2.1528203"
"Vinmonopolet";"11124501";"Prinz Hallgartner Jungfer Riesling Trocken GG";"Prinz Hallgartner Jungfer Riesling Trocken GG";"2018";"391.8";"0.75";"522.4";"White wine";"Glass";"13.5";"3.8696296"
"Vinmonopolet";"11124601";"KyrÃ¶ Koskue Gin";"KyrÃ¶ Koskue Gin";"0";"549.4";"0.7";"784.86";"Gin";"Glass";"42.6";"1.8423878"
"Vinmonopolet";"11125007";"Ch. Minuty Rose et Or 2018";"Ch. Minuty Rose et Or";"2018";"4125";"6";"687.5";"RosÃ©vin";"Glass";"12.5";"5.5"
"Vinmonopolet";"11125201";"La Palazzetta Rosso di Montalcino 2018";"La Palazzetta Rosso di Montalcino";"2018";"300";"0.75";"400";"RÃ¸dvin";"Glass";"14.5";"2.7586207"
"Vinmonopolet";"11125501";"Shirakawago Shasanigori";"Shirakawago Shasanigori";"0";"246.9";"0.72";"342.92";"Sake";"Glass";"15.3";"2.2412853"
"Vinmonopolet";"11125601";"Paul John Bold Single Malt Whisky";"Paul John Bold Single Malt Whisky";"0";"589.9";"0.7";"842.71";"Whisky";"Glass";"46";"1.8319877"
"Vinmonopolet";"11126901";"Marcel Hugg Altenberg de Bergheim Grand Cru GewÃ¼rztraminer Vieilles Vignes 2016";"Marcel Hugg Altenberg de Bergheim Grand Cru GewÃ¼rztraminer Vieilles Vignes";"2016";"349.9";"0.75";"466.53";"White wine";"Glass";"13.5";"3.4558024"
"Vinmonopolet";"11127001";"Rancho Alexander Russian River Pinot Noir 2018";"Rancho Alexander Russian River Pinot Noir";"2018";"209.9";"0.75";"279.87";"RÃ¸dvin";"Glass";"14";"1.9990475"
"Vinmonopolet";"11127101";"La CÃ´te ÃtoilÃ©e Brouilly Pierreux 2017";"La CÃ´te ÃtoilÃ©e Brouilly Pierreux";"2017";"199.9";"0.75";"266.53";"RÃ¸dvin";"Glass";"13";"2.0502563"
"Vinmonopolet";"11127201";"La CÃ´te ÃtoilÃ©e CÃ´te de Brouilly CuvÃ©e PremiÃ¨re 2017";"La CÃ´te ÃtoilÃ©e CÃ´te de Brouilly CuvÃ©e PremiÃ¨re";"2017";"209.9";"0.75";"279.87";"RÃ¸dvin";"Glass";"13";"2.1528203"
"Vinmonopolet";"11127306";"Petit Tracteur";"Petit Tracteur";"2018";"459.9";"3";"153.3";"RÃ¸dvin";"Bag-in-box";"13.5";"1.1355555"
"Vinmonopolet";"11129305";"Leitz Rudesheimer Berg Roseneck Riesling 2016";"Leitz Rudesheimer Berg Roseneck Riesling";"2016";"825";"1.5";"550";"White wine";"Glass";"12.5";"4.4"
"Vinmonopolet";"11129505";"Leitz Rudesheimer Berg Kaisersteinfels R 2016";"Leitz Rudesheimer Berg Kaisersteinfels R";"2016";"849";"1.5";"566";"White wine";"Glass";"12";"4.7166667"
"Vinmonopolet";"11129705";"Leitz Rudesheimer Berg Rottland Riesling 2016";"Leitz Rudesheimer Berg Rottland Riesling";"2016";"865";"1.5";"576.67";"White wine";"Glass";"12.5";"4.613333"
"Vinmonopolet";"11129805";"Leitz Rudesheimer Berg Schlossberg Riesl 2016";"Leitz Rudesheimer Berg Schlossberg Riesl";"2016";"865";"1.5";"576.67";"White wine";"Glass";"12.5";"4.613333"
"Vinmonopolet";"11134301";"Zind-Humbrecht Gewurztraminer Hengst Grand Cru 2016";"Zind-Humbrecht Gewurztraminer Hengst Grand Cru";"2016";"448.9";"0.75";"598.53";"White wine";"Glass";"14";"4.275238"
"Vinmonopolet";"11134401";"Allram Heiligenstein Erste Lage Riesling 2018";"Allram Heiligenstein Erste Lage Riesling";"2018";"264.7";"0.75";"352.93";"White wine";"Glass";"13";"2.714872"
"Vinmonopolet";"11139101";"Brett-Elle Oude Geuze";"Brett-Elle Oude Geuze";"0";"179.6";"0.75";"239.47";"SurÃ¸l";"Glass";"6";"3.9911113"
"Vinmonopolet";"11140705";"C. Moreau Chablis Grand Cru Les Clos des Hospices";"C. Moreau Chablis Grand Cru Les Clos des Hospices";"2017";"1480";"1.5";"986.67";"White wine";"Glass";"13";"7.5897436"
"Vinmonopolet";"11140801";"The Boutique Selection Barbaresco Riserva";"The Boutique Selection Barbaresco Riserva";"2014";"199.9";"0.75";"266.53";"RÃ¸dvin";"Glass";"14";"1.9038094"
"Vinmonopolet";"11140901";"Senesi Aretini 8 Vigne";"Senesi Aretini 8 Vigne";"2018";"139.9";"0.75";"186.53";"RÃ¸dvin";"Glass";"12.5";"1.4922667"
"Vinmonopolet";"11141001";"Luigi Leonardo Primitivo";"Luigi Leonardo Primitivo";"2018";"149";"0.75";"198.67";"RÃ¸dvin";"Glass";"13";"1.5282052"
"Vinmonopolet";"11142402";"Broken Bones Navy Strength Gin";"Broken Bones Navy Strength Gin";"0";"993.9";"0.5";"1987.8";"Gin";"Glass";"57";"3.4873686"
"Vinmonopolet";"11142502";"Broken Bones London Dry Gin";"Broken Bones London Dry Gin";"0";"792.9";"0.5";"1585.8";"Gin";"Glass";"45";"3.5240002"
"Vinmonopolet";"11143301";"GarzÃ³n Single Vineyard Tannat";"GarzÃ³n Single Vineyard Tannat";"2017";"385";"0.75";"513.33";"RÃ¸dvin";"Glass";"14.5";"3.5402298"
"Vinmonopolet";"11143401";"GarzÃ³n Single Vineyard Pinot Noir";"GarzÃ³n Single Vineyard Pinot Noir";"2017";"385";"0.75";"513.33";"RÃ¸dvin";"Glass";"14.5";"3.5402298"
"Vinmonopolet";"11143501";"GarzÃ³n Marselan Reserve";"GarzÃ³n Marselan Reserve";"2017";"259.9";"0.75";"346.53";"RÃ¸dvin";"Glass";"14.5";"2.389885"
"Vinmonopolet";"11143701";"GarzÃ³n Balasto";"GarzÃ³n Balasto";"2016";"985";"0.75";"1313.33";"RÃ¸dvin";"Glass";"14.5";"9.057471"
"Vinmonopolet";"11144301";"Zillinger Elementar GrÃ¼ner Veltliner 2015";"Zillinger Elementar GrÃ¼ner Veltliner";"2015";"519.9";"0.75";"693.2";"White wine";"Glass";"11.5";"6.0278263"
"Vinmonopolet";"11144401";"El Renegado Bobal 2018";"El Renegado Bobal";"2018";"134.9";"0.75";"179.87";"RÃ¸dvin";"Glass";"13";"1.3835896"
"Vinmonopolet";"11144601";"Rupert & Rothschild Baroness Nadine 2018";"Rupert & Rothschild Baroness Nadine";"2018";"254";"0.75";"338.67";"White wine";"Glass";"13";"2.6051283"
"Vinmonopolet";"11149401";"Pierre Chavin Rouge 2017";"Pierre Chavin Rouge";"2017";"115";"0.75";"153.33";"RÃ¸dvin";"Glass";"12.5";"1.2266667"
"Vinmonopolet";"11149501";"Remy Martin VSOP";"Remy Martin VSOP";"0";"539.9";"0.7";"771.29";"Grape spirit";"Glass";"40";"1.9282144"
"Vinmonopolet";"11149601";"Picaflor Mezcal Artesanal Espadin 100% Agave";"Picaflor Mezcal Artesanal Espadin 100% Agave";"0";"664.9";"0.7";"949.86";"Fruit spirit";"Glass";"43";"2.2089703"
"Vinmonopolet";"11149705";"Briday Pommard 1er Cru Les Chanlins 2017";"Briday Pommard 1er Cru Les Chanlins";"2017";"1295";"1.5";"863.33";"RÃ¸dvin";"Glass";"13";"6.6410255"
"Vinmonopolet";"11149801";"Dom. Briday Bourgogne Blanc";"Dom. Briday Bourgogne Blanc";"2016";"245";"0.75";"326.67";"White wine";"Glass";"13.5";"2.419753"
"Vinmonopolet";"11149901";"Wemyss The Hive Batch Strength Batch No. 02";"Wemyss The Hive Batch Strength Batch No. 02";"0";"855";"0.7";"1221.43";"Whisky";"Glass";"55.5";"2.2007723"
"Vinmonopolet";"11150601";"J. de Telmont Brut Sans Soufre 2012";"J. de Telmont Brut Sans Soufre";"2012";"579.8";"0.75";"773.07";"Champagne, brut";"Glass";"12";"6.442222"
"Vinmonopolet";"11151001";"Kinn SÃ¦lebot PorterÃ¸l";"Kinn SÃ¦lebot PorterÃ¸l";"0";"89.9";"0.75";"119.87";"Porter and stout";"Glass";"5.5";"2.179394"
"Vinmonopolet";"11151102";"De Dochter van de Korenaar L'ensemble di Montalcino";"De Dochter van de Korenaar L'ensemble di Montalcino";"0";"119.9";"0.33";"363.33";"Barley wine	";"Glass";"13";"2.7948718"
"Vinmonopolet";"11151201";"Pedro del Castillo red blend";"Pedro del Castillo red blend";"2017";"139.9";"0.75";"186.53";"RÃ¸dvin";"Glass";"13.1";"1.4239185"
"Vinmonopolet";"11153701";"Wemyss Peat Chimney Batch Strength Batch 2";"Wemyss Peat Chimney Batch Strength Batch 2";"0";"889";"0.7";"1270";"Whisky";"Glass";"57";"2.2280703"
"Vinmonopolet";"11153801";"Olivares Altos de la Hoya Pie Franco Monastrell";"Olivares Altos de la Hoya Pie Franco Monastrell";"2017";"169.9";"0.75";"226.53";"RÃ¸dvin";"Glass";"14.5";"1.5622988"
"Vinmonopolet";"11153902";"Olivares Pie Franco Dulce Monastrell";"Olivares Pie Franco Dulce Monastrell";"2016";"319.9";"0.5";"639.8";"Fortified wine";"Glass";"16";"3.99875"
"Vinmonopolet";"11154001";"Cono Sur Bicicleta Pinot Noir 2018";"Cono Sur Bicicleta Pinot Noir";"2018";"139.9";"0.75";"186.53";"RÃ¸dvin";"Glass";"13.5";"1.3817283"
"Vinmonopolet";"11154101";"Kopke Colheita 1979";"Kopke Colheita";"1979";"880.9";"0.75";"1174.53";"Port wine";"Glass";"20";"5.872667"
"Vinmonopolet";"11154201";"Ricossa Barbera Nizza 2015";"Ricossa Barbera Nizza";"2015";"249.9";"0.75";"333.2";"RÃ¸dvin";"Glass";"14";"2.3799999"
"Vinmonopolet";"11155001";"Brand Wilder Satz";"Brand Wilder Satz";"2018";"219.9";"0.75";"293.2";"White wine";"Glass";"11";"2.6654544"
"Vinmonopolet";"11155201";"Signorelli Amarone della Valpolicella Organic";"Signorelli Amarone della Valpolicella Organic";"2012";"299";"0.75";"398.67";"RÃ¸dvin";"Glass";"14.5";"2.7494252"
"Vinmonopolet";"11156701";"Kinn Rekved nr. 8 TyttebÃ¦r";"Kinn Rekved nr. 8 TyttebÃ¦r";"0";"149.9";"0.75";"199.87";"SurÃ¸l";"Glass";"6";"3.331111"
"Vinmonopolet";"11157101";"Sept Syrah de Nehla 2017";"Sept Syrah de Nehla";"2017";"979.9";"0.75";"1306.53";"RÃ¸dvin";"Glass";"15.5";"8.429248"
"Vinmonopolet";"11157201";"Sept Obeideh 2017";"Sept Obeideh";"2017";"389.9";"0.75";"519.87";"White wine";"Glass";"12.5";"4.158933"
"Vinmonopolet";"11157301";"Sept Cuvee e du Soleil 2017";"Sept Cuvee e du Soleil";"2017";"389.9";"0.75";"519.87";"RÃ¸dvin";"Glass";"14.5";"3.5852873"
"Vinmonopolet";"11157401";"Sept Cabernet Sauvignon de Nehla 2016";"Sept Cabernet Sauvignon de Nehla";"2016";"689.9";"0.75";"919.87";"RÃ¸dvin";"Glass";"15";"6.132445"
"Vinmonopolet";"11158601";"Giulia Negri Barolo La Tartufaia 2016";"Giulia Negri Barolo La Tartufaia";"2016";"439.9";"0.75";"586.53";"RÃ¸dvin";"Glass";"14";"4.1895237"
"Vinmonopolet";"11158701";"Giulia Negri Barolo Serradenari 2013";"Giulia Negri Barolo Serradenari";"2013";"539.9";"0.75";"719.87";"RÃ¸dvin";"Glass";"14";"5.141905"
"Vinmonopolet";"11158801";"Ca' del Baio Barbaresco Vallegrande 2016";"Ca' del Baio Barbaresco Vallegrande";"2016";"349.9";"0.75";"466.53";"RÃ¸dvin";"Glass";"15";"3.110222"
"Vinmonopolet";"11158901";"Ca' del Baio Barbaresco Pora 2016";"Ca' del Baio Barbaresco Pora";"2016";"499.9";"0.75";"666.53";"RÃ¸dvin";"Glass";"15";"4.4435554"
"Vinmonopolet";"11159001";"Ca' del Baio Dolcetto d'Alba Lodoli 2019";"Ca' del Baio Dolcetto d'Alba Lodoli";"2019";"189.9";"0.75";"253.2";"RÃ¸dvin";"Glass";"12.5";"2.0256"
"Vinmonopolet";"11159103";"Ullins Oneshot 22";"Ullins Oneshot 22";"0";"49";"0.1";"490";"LikÃ¸r";"Plast";"22";"2.2272727"
"Vinmonopolet";"11159201";"Alain Jaume Dom. du Clos de Sixte Lirac";"Alain Jaume Dom. du Clos de Sixte Lirac";"2015";"259.9";"0.75";"346.53";"RÃ¸dvin";"Glass";"15";"2.3102221"
"Vinmonopolet";"11159301";"Il Portone Pinot Grigio";"Il Portone Pinot Grigio";"0";"139.9";"0.75";"186.53";"White wine";"Glass";"12";"1.5544444"
"Vinmonopolet";"11159401";"Terre del Barolo Biologico";"Terre del Barolo Biologico";"2016";"375";"0.75";"500";"RÃ¸dvin";"Glass";"13.5";"3.7037036"
"Vinmonopolet";"11159501";"Poggio Landi Brunello di Montalcino 2013";"Poggio Landi Brunello di Montalcino";"2013";"439.9";"0.75";"586.53";"RÃ¸dvin";"Glass";"14";"4.1895237"
"Vinmonopolet";"11159601";"Poggio Landi Rosso di Montalcino 2017";"Poggio Landi Rosso di Montalcino";"2017";"249.9";"0.75";"333.2";"RÃ¸dvin";"Glass";"13.5";"2.468148"
"Vinmonopolet";"11159801";"Rennersistas Superglitzer";"Rennersistas Superglitzer";"2018";"239.9";"0.75";"319.87";"RÃ¸dvin";"Glass";"12";"2.6655555"
"Vinmonopolet";"11159902";"Ch. Musar 1996";"Ch. Musar";"1996";"289.9";"0.38";"773.07";"RÃ¸dvin";"Glass";"13";"5.868421"
"Vinmonopolet";"11160005";"Alberto Nani Prosecco Extra Dry";"Alberto Nani Prosecco Extra Dry";"0";"339.9";"1.5";"226.6";"Sparkling wine";"Glass";"11";"2.06"
"Vinmonopolet";"11160101";"Bad Santa Juleriesling 2018";"Bad Santa Juleriesling";"2018";"179.9";"0.75";"239.87";"White wine";"Glass";"12";"1.9988889"
"Vinmonopolet";"11160201";"Tierhoek Grenache 2017 2017";"Tierhoek Grenache";"2017";"280.3";"0.75";"373.73";"RÃ¸dvin";"Glass";"13";"2.8748717"
"Vinmonopolet";"11160302";"Banyuls Rimage 2018";"Banyuls Rimage";"2018";"251";"0.5";"502";"Fortified wine";"Glass";"16.5";"3.0424242"
"Vinmonopolet";"11160901";"Pertois-Moriset L'Assemblage Brut";"Pertois-Moriset L'Assemblage Brut";"0";"329.9";"0.75";"439.87";"Champagne, brut";"Glass";"12";"3.6655555"
"Vinmonopolet";"11161102";"AttÃ¥t bringebÃ¦rlikÃ¸r";"AttÃ¥t bringebÃ¦rlikÃ¸r";"2019";"321.7";"0.5";"643.4";"LikÃ¸r";"Glass";"18";"3.5744445"
"Vinmonopolet";"11161301";"Lindeman's Riesling 2018";"Lindeman's Riesling";"2018";"114.9";"0.75";"149.2";"White wine";"Emballasje med pant";"11.5";"1.332174"
"Vinmonopolet";"11161401";"Lindeman's Shiraz Cabernet 2019";"Lindeman's Shiraz Cabernet";"2019";"114.9";"0.75";"149.2";"RÃ¸dvin";"Emballasje med pant";"13.5";"1.1348149"
"Vinmonopolet";"11161501";"Ch. Tour de Mirambeau Bordeaux";"Ch. Tour de Mirambeau Bordeaux";"2017";"145";"0.75";"193.33";"RÃ¸dvin";"Glass";"13.5";"1.4320987"
"Vinmonopolet";"11161601";"RÃ©va Grey Langhe Bianco";"RÃ©va Grey Langhe Bianco";"2018";"265";"0.75";"353.33";"White wine";"Glass";"13";"2.7179487"
"Vinmonopolet";"11161701";"Pietramore Trebbiano Pet Nat 2018";"Pietramore Trebbiano Pet Nat";"2018";"194.9";"0.75";"259.87";"Sparkling white wine";"Glass";"12";"2.1655555"
"Vinmonopolet";"11161801";"BK Wines Grenache 2018";"BK Wines Grenache";"2018";"274.5";"0.75";"366";"RÃ¸dvin";"Glass";"12.5";"2.928"
"Vinmonopolet";"11161901";"Bord'Oh 2018";"Bord'Oh";"2018";"159.9";"0.75";"213.2";"RÃ¸dvin";"Glass";"14";"1.5228571"
"Vinmonopolet";"11162101";"Pauillac de Latour 2014";"Pauillac de Latour";"2014";"950";"0.75";"1266.67";"RÃ¸dvin";"Glass";"13";"9.743589"
"Vinmonopolet";"11162201";"Gancia Blanc de Blancs";"Gancia Blanc de Blancs";"0";"139.9";"0.75";"186.53";"Sparkling wine";"Glass";"11.5";"1.622029"
"Vinmonopolet";"11162301";"Charles Orban Blancs de Noirs";"Charles Orban Blancs de Noirs";"0";"319.9";"0.75";"426.53";"Champagne, brut";"Glass";"12";"3.5544443"
"Vinmonopolet";"11163306";"Bord'Oh";"Bord'Oh";"2018";"499.9";"3";"166.63";"RÃ¸dvin";"Bag-in-box";"14";"1.1902381"
"Vinmonopolet";"11163402";"Grevinnen & Hovmesteren Norsk akevitt";"Grevinnen & Hovmesteren Norsk akevitt";"0";"349.9";"0.5";"699.8";"Aquavit";"Glass";"40";"1.7494999"
"Vinmonopolet";"11163501";"Sour Fisk Cryptonite";"Sour Fisk Cryptonite";"0";"215";"0.7";"307.14";"LikÃ¸r";"Glass";"15";"2.047619"
"Vinmonopolet";"11163601";"Biondi-Santi Brunello di Montalcino 2013";"Biondi-Santi Brunello di Montalcino";"2013";"1295";"0.75";"1726.67";"RÃ¸dvin";"Glass";"13.5";"12.790123"
"Vinmonopolet";"11163701";"Tequila Corralejo Reposado";"Tequila Corralejo Reposado";"0";"599.9";"0.7";"857";"Fruit spirit";"Glass";"38";"2.2552633"
"Vinmonopolet";"11163801";"Greenall's Wild Berry Pink Gin";"Greenall's Wild Berry Pink Gin";"0";"395";"0.7";"564.29";"Gin";"Glass";"37.5";"1.5047619"
"Vinmonopolet";"11163901";"Writers' Tears Copper Pot";"Writers' Tears Copper Pot";"0";"539.9";"0.7";"771.29";"Whisky";"Glass";"40";"1.9282144"
"Vinmonopolet";"11164201";"Zubrowka Bison Grass Vodka";"Zubrowka Bison Grass Vodka";"0";"365";"0.7";"521.43";"Other spirit";"Glass";"37.5";"1.3904762"
"Vinmonopolet";"11164301";"Galil Mountain Syrah";"Galil Mountain Syrah";"2018";"199.9";"0.75";"266.53";"RÃ¸dvin";"Glass";"14.5";"1.8381609"
"Vinmonopolet";"11164402";"Norske Akevitters Venner Jubileumsakevitt 20 Ã¥r";"Norske Akevitters Venner Jubileumsakevitt 20 Ã¥r";"0";"466";"0.5";"932";"Aquavit";"Glass";"40";"2.33"
"Vinmonopolet";"11164501";"Smalahove Akevitt 2019";"Smalahove Akevitt";"2019";"495";"0.7";"707.14";"Aquavit";"Glass";"43";"1.6445183"
"Vinmonopolet";"11164601";"Fettercairn 12 YO";"Fettercairn 12 YO";"0";"699.9";"0.7";"999.86";"Whisky";"Glass";"40";"2.499643"
"Vinmonopolet";"11164701";"Rupert & Rothschild Baron Edmond 2015";"Rupert & Rothschild Baron Edmond";"2015";"359.9";"0.75";"479.87";"RÃ¸dvin";"Glass";"14.5";"3.309425"
"Vinmonopolet";"11164801";"Rupert & Rothschild Classique 2016";"Rupert & Rothschild Classique";"2016";"209";"0.75";"278.67";"RÃ¸dvin";"Glass";"13.5";"2.0641975"
"Vinmonopolet";"11164903";"NIO Negroni";"NIO Negroni";"0";"75";"0.1";"750";"Other spirit";"Pouch";"20.6";"3.6407766"
"Vinmonopolet";"11165003";"NIO Cosmopolitan";"NIO Cosmopolitan";"0";"75";"0.1";"750";"Other spirit";"Pouch";"21";"3.5714285"
"Vinmonopolet";"11165203";"NIO Tommy's Margarita";"NIO Tommy's Margarita";"0";"75";"0.1";"750";"Other spirit";"Pouch";"20";"3.75"
"Vinmonopolet";"11165305";"Tamellini Extra Brut Millesimato 2010";"Tamellini Extra Brut Millesimato";"2010";"444.9";"1.5";"296.6";"Sparkling wine";"Glass";"12";"2.4716666"
"Vinmonopolet";"11165401";"Domdechant Werner KirchenstÃ¼ck Hochheim Riesling GG 2016";"Domdechant Werner KirchenstÃ¼ck Hochheim Riesling GG";"2016";"399.9";"0.75";"533.2";"White wine";"Glass";"13.5";"3.9496295"
"Vinmonopolet";"11165501";"Federico Paternina Tempranillo";"Federico Paternina Tempranillo";"2018";"120.8";"0.75";"161.07";"RÃ¸dvin";"Glass";"13.5";"1.1930865"
"Vinmonopolet";"11165601";"Ch. Le Grand Verdus Bordeaux SupÃ©rieur Reserve 2016";"Ch. Le Grand Verdus Bordeaux SupÃ©rieur Reserve";"2016";"225.9";"0.75";"301.2";"RÃ¸dvin";"Glass";"13.5";"2.231111"
"Vinmonopolet";"11165701";"MarquÃ©s de la Concordia Tempranillo Blanco";"MarquÃ©s de la Concordia Tempranillo Blanco";"2018";"149.9";"0.75";"199.87";"White wine";"Glass";"12.5";"1.5989332"
"Vinmonopolet";"11165801";"Cave De Lugny Macon Chardonnay Reserve";"Cave De Lugny Macon Chardonnay Reserve";"2018";"209.9";"0.75";"279.87";"White wine";"Glass";"13";"2.1528203"
"Vinmonopolet";"11165901";"MT Beautiful Pinot Noir 2017";"MT Beautiful Pinot Noir";"2017";"269.9";"0.75";"359.87";"RÃ¸dvin";"Glass";"13";"2.7682052"
"Vinmonopolet";"11166001";"Martin Muthenthaler MÃ¼hldorfer Riesling";"Martin Muthenthaler MÃ¼hldorfer Riesling";"2018";"299.9";"0.75";"399.87";"White wine";"Glass";"12";"3.3322222"
"Vinmonopolet";"11166101";"Bien Nacido Estate Pinot Noir";"Bien Nacido Estate Pinot Noir";"2015";"595.9";"0.75";"794.53";"RÃ¸dvin";"Glass";"13";"6.111795"
"Vinmonopolet";"11166201";"Bien Nacido LXXIII Pinot Noir";"Bien Nacido LXXIII Pinot Noir";"2016";"875";"0.75";"1166.67";"RÃ¸dvin";"Glass";"13.5";"8.641975"
"Vinmonopolet";"11166301";"RosÃ© de Chevalier 2018";"RosÃ© de Chevalier";"2018";"229.8";"0.75";"306.4";"RosÃ©vin";"Glass";"13";"2.356923"
"Vinmonopolet";"11166601";"Joyce Submarine Canyon Monterey Chardonnay";"Joyce Submarine Canyon Monterey Chardonnay";"2018";"250";"0.75";"333.33";"White wine";"Glass";"13.5";"2.4691358"
"Vinmonopolet";"11166701";"Joyce Submarine Canyon Monterey Pinot Noir";"Joyce Submarine Canyon Monterey Pinot Noir";"2018";"250";"0.75";"333.33";"RÃ¸dvin";"Glass";"13.8";"2.415459"
"Vinmonopolet";"11166801";"Joyce Alluvial Fan Monterey Riesling Dry";"Joyce Alluvial Fan Monterey Riesling Dry";"2018";"249.9";"0.75";"333.2";"White wine";"Glass";"12.5";"2.6655998"
"Vinmonopolet";"11166901";"Joyce Cedar Lane Arroyo Seco AlbariÃ±o";"Joyce Cedar Lane Arroyo Seco AlbariÃ±o";"2018";"249.9";"0.75";"333.2";"White wine";"Glass";"12";"2.7766666"
"Vinmonopolet";"11167001";"Dom. Faiveley Charmes Chambertin Grand Cru 2017";"Dom. Faiveley Charmes Chambertin Grand Cru";"2017";"1450";"0.75";"1933.33";"RÃ¸dvin";"Glass";"13";"14.871795"
"Vinmonopolet";"11167101";"Dom. Faiveley Gevrey-Chambertin 1er Cru Lavaux Saint-Jacques 2017";"Dom. Faiveley Gevrey-Chambertin 1er Cru Lavaux Saint-Jacques";"2017";"779.9";"0.75";"1039.87";"RÃ¸dvin";"Glass";"13";"7.998975"
"Vinmonopolet";"11167201";"Dom. Faiveley Mazis Chambertin Grand Cru 2017";"Dom. Faiveley Mazis Chambertin Grand Cru";"2017";"1750";"0.75";"2333.33";"RÃ¸dvin";"Glass";"13";"17.948717"
"Vinmonopolet";"11167301";"Dom. Faiveley Nuits-Saint-Georges Premier Cru Les PÃ´rets-Saint-Georges 2017";"Dom. Faiveley Nuits-Saint-Georges Premier Cru Les PÃ´rets-Saint-Georges";"2017";"625";"0.75";"833.33";"RÃ¸dvin";"Glass";"13.5";"6.1728396"
"Vinmonopolet";"11167401";"Dom. Faiveley Volnay 1er Cru Santenots 2017";"Dom. Faiveley Volnay 1er Cru Santenots";"2017";"615";"0.75";"820";"RÃ¸dvin";"Glass";"13";"6.3076925"
"Vinmonopolet";"11167501";"Dom. Faiveley Nuits-Saint-Georges Premier Cru Les Pruliers 2017";"Dom. Faiveley Nuits-Saint-Georges Premier Cru Les Pruliers";"2017";"575";"0.75";"766.67";"RÃ¸dvin";"Glass";"13.5";"5.6790123"
"Vinmonopolet";"11167601";"Morey Bourgogne Chardonnay";"Morey Bourgogne Chardonnay";"2017";"279.9";"0.75";"373.2";"White wine";"Glass";"13";"2.8707693"
"Vinmonopolet";"11167801";"Morey Santenay Les HÃ¢tes";"Morey Santenay Les HÃ¢tes";"2017";"349.9";"0.75";"466.53";"RÃ¸dvin";"Glass";"13";"3.588718"
"Vinmonopolet";"11167901";"Morey Chassagne-Montrachet Vieilles Vignes";"Morey Chassagne-Montrachet Vieilles Vignes";"2018";"449.9";"0.75";"599.87";"White wine";"Glass";"13";"4.614359"
"Vinmonopolet";"11168001";"Morey Chassagne-Montrachet 1er Cru Les Embrazees";"Morey Chassagne-Montrachet 1er Cru Les Embrazees";"2017";"599.9";"0.75";"799.87";"White wine";"Glass";"13.5";"5.9249387"
"Vinmonopolet";"11168101";"Morey Chassagne-Montrachet 1er Cru Morgeot";"Morey Chassagne-Montrachet 1er Cru Morgeot";"2017";"599.9";"0.75";"799.87";"White wine";"Glass";"13.5";"5.9249387"
"Vinmonopolet";"11168201";"Dauvergne et Ranvier Cairanne Grand Vin 2018";"Dauvergne et Ranvier Cairanne Grand Vin";"2018";"200";"0.75";"266.67";"RÃ¸dvin";"Glass";"15";"1.7777778"
"Vinmonopolet";"11169001";"Weing. Knewitz Nieder-Hilbersheim Riesling Eisenerz 2018";"Weing. Knewitz Nieder-Hilbersheim Riesling Eisenerz";"2018";"259.9";"0.75";"346.53";"White wine";"Glass";"12.5";"2.7722666"
"Vinmonopolet";"11169201";"Fratelli Abrigo Diano d'Alba 2018 2019";"Fratelli Abrigo Diano d'Alba";"2019";"139.9";"0.75";"186.53";"RÃ¸dvin";"Glass";"12.5";"1.4922667"
"Vinmonopolet";"11169301";"Farmers Market White";"Farmers Market White";"2018";"129.9";"0.75";"173.2";"White wine";"Glass";"13.5";"1.2829629"
"Vinmonopolet";"11169401";"Farmers Market RosÃ©";"Farmers Market RosÃ©";"2018";"129.9";"0.75";"173.2";"RosÃ©vin";"Glass";"13.5";"1.2829629"
"Vinmonopolet";"11169501";"Castelmondo Prosecco Extra Dry";"Castelmondo Prosecco Extra Dry";"2018";"119.9";"0.75";"159.87";"Sparkling wine";"Glass";"11";"1.4533334"
"Vinmonopolet";"11169601";"SchÃ¤tzel Riesling Kabinett";"SchÃ¤tzel Riesling Kabinett";"2018";"215.7";"0.75";"287.6";"White wine";"Glass";"8";"3.595"
"Vinmonopolet";"11169701";"Messmer SpÃ¤tburgunder Trocken";"Messmer SpÃ¤tburgunder Trocken";"2015";"175";"0.75";"233.33";"RÃ¸dvin";"Glass";"13";"1.7948718"
"Vinmonopolet";"11169901";"Bien Nacido The Captain Pinot Noir";"Bien Nacido The Captain Pinot Noir";"2016";"875";"0.75";"1166.67";"RÃ¸dvin";"Glass";"13";"8.974359"
"Vinmonopolet";"11170001";"Torbreck Hillside Vineyard Grenache";"Torbreck Hillside Vineyard Grenache";"2016";"595.9";"0.75";"794.53";"RÃ¸dvin";"Glass";"15.5";"5.126022"
"Vinmonopolet";"11170105";"Delane Cremant de Bourgogne Blanc de Noirs";"Delane Cremant de Bourgogne Blanc de Noirs";"0";"389.9";"1.5";"259.93";"Sparkling wine";"Glass";"12";"2.166111"
"Vinmonopolet";"11170201";"Mud House Claim 431 Vineyard Pinot Noir";"Mud House Claim 431 Vineyard Pinot Noir";"2016";"209.9";"0.75";"279.87";"RÃ¸dvin";"Glass";"13";"2.1528203"
"Vinmonopolet";"11170601";"Bien Nacido Well Born Pinot Noir";"Bien Nacido Well Born Pinot Noir";"2018";"299.9";"0.75";"399.87";"RÃ¸dvin";"Glass";"13";"3.0758975"
"Vinmonopolet";"11170705";"Torbreck The Laird";"Torbreck The Laird";"2013";"9000";"1.5";"6000";"RÃ¸dvin";"Glass";"15";"40"
"Vinmonopolet";"11170801";"EsporÃ£o Colheita Tinto";"EsporÃ£o Colheita Tinto";"2018";"175";"0.75";"233.33";"RÃ¸dvin";"Glass";"14.5";"1.6091954"
"Vinmonopolet";"11170901";"EsporÃ£o Blanco 2019";"EsporÃ£o Blanco";"2019";"175";"0.75";"233.33";"White wine";"Glass";"13.5";"1.7283951"
"Vinmonopolet";"11171101";"Dr. Crusius Norheimer in der Kirschheck 2016";"Dr. Crusius Norheimer in der Kirschheck";"2016";"299.8";"0.75";"399.73";"White wine";"Glass";"12.5";"3.1978664"
"Vinmonopolet";"11171201";"Dr. Crusius Steinberg GG 2018";"Dr. Crusius Steinberg GG";"2018";"324";"0.75";"432";"White wine";"Glass";"12.5";"3.456"
"Vinmonopolet";"11171301";"Monte Castelon Valpolicella Classico";"Monte Castelon Valpolicella Classico";"2018";"174.9";"0.75";"233.2";"RÃ¸dvin";"Glass";"12.5";"1.8656"
"Vinmonopolet";"11171401";"Monte Castelon Valpolicella Ripasso Classico";"Monte Castelon Valpolicella Ripasso Classico";"2017";"219";"0.75";"292";"RÃ¸dvin";"Glass";"14";"2.0857143"
"Vinmonopolet";"11171501";"Wildcard Shiraz Cabernet";"Wildcard Shiraz Cabernet";"2017";"139.9";"0.75";"186.53";"RÃ¸dvin";"Glass";"13.5";"1.3817283"
"Vinmonopolet";"11171601";"Massolino Barolo Vigna Rionda Riserva 2013";"Massolino Barolo Vigna Rionda Riserva";"2013";"1100";"0.75";"1466.67";"RÃ¸dvin";"Glass";"14";"10.476191"
"Vinmonopolet";"11171702";"BrewDog Zombie Cake Praline Chocolate Porter";"BrewDog Zombie Cake Praline Chocolate Porter";"0";"47.9";"0.33";"139.09";"Porter and stout";"Emballasje med pant";"5";"2.9030304"
"Vinmonopolet";"11171801";"Berthier Coteaux du Giennois Blanc";"Berthier Coteaux du Giennois Blanc";"2018";"189.9";"0.75";"253.2";"White wine";"Glass";"12.5";"2.0256"
"Vinmonopolet";"11171901";"Berthier Domaine de Montbenoit";"Berthier Domaine de Montbenoit";"2017";"189.9";"0.75";"253.2";"RÃ¸dvin";"Glass";"12.5";"2.0256"
"Vinmonopolet";"11172001";"Berthier Muscadet";"Berthier Muscadet";"2018";"150.5";"0.75";"200.67";"White wine";"Glass";"12";"1.6722223"
"Vinmonopolet";"11172101";"Berthier L'Instant Pinot Noir";"Berthier L'Instant Pinot Noir";"2018";"149.9";"0.75";"199.87";"RÃ¸dvin";"Glass";"12.5";"1.5989332"
"Vinmonopolet";"11172201";"Berthier L'InÃ©dit Pinot Noir";"Berthier L'InÃ©dit Pinot Noir";"2015";"269";"0.75";"358.67";"RÃ¸dvin";"Glass";"12.5";"2.8693333"
"Vinmonopolet";"11172301";"Sorgin Yellow Gin";"Sorgin Yellow Gin";"0";"566.4";"0.7";"809.14";"Gin";"Glass";"42";"1.9265307"
"Vinmonopolet";"11172401";"LÃ©once Extra Dry";"LÃ©once Extra Dry";"0";"199.9";"0.75";"266.53";"Vermouth";"Glass";"16";"1.6658332"
"Vinmonopolet";"11172501";"Pietro di Campo Festoso Blanc de Blancs Brut";"Pietro di Campo Festoso Blanc de Blancs Brut";"0";"129.9";"0.75";"173.2";"Sparkling wine";"Glass";"11";"1.5745454"
"Vinmonopolet";"11172601";"Pey Blanc Pluriel 2018";"Pey Blanc Pluriel";"2018";"169.9";"0.75";"226.53";"RosÃ©vin";"Glass";"12.5";"1.8122666"
"Vinmonopolet";"11172701";"Pey Blanc N1 2018";"Pey Blanc N1";"2018";"198";"0.75";"264";"RosÃ©vin";"Glass";"12.5";"2.112"
"Vinmonopolet";"11172802";"Wettre We'll always have munich Red Ale";"Wettre We'll always have munich Red Ale";"0";"89.9";"0.5";"179.8";"Red/amber";"Glass";"7.5";"2.3973334"
"Vinmonopolet";"11172902";"Wettre I Comet Farmhouse IPA";"Wettre I Comet Farmhouse IPA";"0";"69";"0.44";"156.82";"India pale ale";"Glass";"6";"2.6136365"
"Vinmonopolet";"11173002";"Wettre Ginger Trippel";"Wettre Ginger Trippel";"0";"99.9";"0.5";"199.8";"Special";"Glass";"8.5";"2.3505883"
"Vinmonopolet";"11173101";"Pey Blanc Les CyprÃ©s 2018";"Pey Blanc Les CyprÃ©s";"2018";"139.9";"0.75";"186.53";"RosÃ©vin";"Glass";"12.5";"1.4922667"
"Vinmonopolet";"11173201";"Faiveley Beaune 1er Cru Clos de l'Ãcu 2017";"Faiveley Beaune 1er Cru Clos de l'Ãcu";"2017";"425";"0.75";"566.67";"RÃ¸dvin";"Glass";"13.5";"4.1975307"
"Vinmonopolet";"11173401";"ViÃ±a Arana Gran Reserva";"ViÃ±a Arana Gran Reserva";"2012";"329.9";"0.75";"439.87";"RÃ¸dvin";"Glass";"13.5";"3.2582715"
"Vinmonopolet";"11173501";"Ulterior Albillo Real";"Ulterior Albillo Real";"2017";"219.9";"0.75";"293.2";"White wine";"Glass";"12";"2.4433331"
"Vinmonopolet";"11173601";"Sella & Mosca Alghero Torbato Spumante Brut";"Sella & Mosca Alghero Torbato Spumante Brut";"2017";"195";"0.75";"260";"Sparkling wine";"Glass";"12.5";"2.08"
"Vinmonopolet";"11173801";"Rebourgeon-Mure Volnay 1er Cru Santenots 2017";"Rebourgeon-Mure Volnay 1er Cru Santenots";"2017";"499.6";"0.75";"666.13";"RÃ¸dvin";"Glass";"13";"5.1241026"
"Vinmonopolet";"11173901";"Rebourgeon-Mure Pommard 1er Cru Grands Ãpenots 2017";"Rebourgeon-Mure Pommard 1er Cru Grands Ãpenots";"2017";"699.7";"0.75";"932.93";"RÃ¸dvin";"Glass";"13";"7.17641"
"Vinmonopolet";"11174001";"Rebourgeon-Mure Pommard 1er Cru Clos des Charmots";"Rebourgeon-Mure Pommard 1er Cru Clos des Charmots";"2017";"505";"0.75";"673.33";"RÃ¸dvin";"Glass";"13";"5.179487"
"Vinmonopolet";"11174101";"Siro Pacenti Pelagrilli Brunello di Montalcino 2014";"Siro Pacenti Pelagrilli Brunello di Montalcino";"2014";"429.3";"0.75";"572.4";"RÃ¸dvin";"Glass";"14.5";"3.947586"
"Vinmonopolet";"11174201";"Siro Pacenti Vecchie Vigne Brunello di Montalcino 2014";"Siro Pacenti Vecchie Vigne Brunello di Montalcino";"2014";"669.7";"0.75";"892.93";"RÃ¸dvin";"Glass";"14.5";"6.158161"
"Vinmonopolet";"11174301";"Rebourgeon-Mure Volnay 1er Cru Les Mitans 2017";"Rebourgeon-Mure Volnay 1er Cru Les Mitans";"2017";"579";"0.75";"772";"RÃ¸dvin";"Glass";"13";"5.9384613"
"Vinmonopolet";"11174401";"Pago de los Capellanes Parcela el PicÃ³n 2014";"Pago de los Capellanes Parcela el PicÃ³n";"2014";"1267";"0.75";"1689.33";"RÃ¸dvin";"Glass";"14.5";"11.650575"
"Vinmonopolet";"11174702";"Stewart Brewing First World Problems";"Stewart Brewing First World Problems";"0";"43.5";"0.33";"131.82";"India pale ale";"Metall";"6.2";"2.1260996"
"Vinmonopolet";"11175001";"MarquÃ©s de GriÃ±Ã³n Reserva";"MarquÃ©s de GriÃ±Ã³n Reserva";"2015";"140.9";"0.75";"187.87";"RÃ¸dvin";"Glass";"14";"1.3419048"
"Vinmonopolet";"11175101";"Burzi Barbera d'Alba Plaustra";"Burzi Barbera d'Alba Plaustra";"2017";"219";"0.75";"292";"RÃ¸dvin";"Glass";"15";"1.9466667"
"Vinmonopolet";"11175206";"Wine Crush Punch";"Wine Crush Punch";"0";"216.9";"1.5";"144.6";"Flavoured wine	";"Pouch";"10";"1.446"
"Vinmonopolet";"11175301";"Christmas CuvÃ©e";"Christmas CuvÃ©e";"2017";"199.9";"0.75";"266.53";"RÃ¸dvin";"Glass";"12.5";"2.1322665"
"Vinmonopolet";"11175501";"Marques de GriÃ±Ã³n Las Garnachas de El RincÃ³n";"Marques de GriÃ±Ã³n Las Garnachas de El RincÃ³n";"2018";"167.5";"0.75";"223.33";"RÃ¸dvin";"Glass";"14";"1.5952381"
"Vinmonopolet";"11175601";"Marques de GriÃ±Ã³n El RincÃ³n Syrah y Garnacha";"Marques de GriÃ±Ã³n El RincÃ³n Syrah y Garnacha";"2015";"190.9";"0.75";"254.53";"RÃ¸dvin";"Glass";"14";"1.8180952"
"Vinmonopolet";"11175701";"Henri Magnien Gevrey-Chambertin 2017";"Henri Magnien Gevrey-Chambertin";"2017";"499.9";"0.75";"666.53";"RÃ¸dvin";"Glass";"13.5";"4.937284"
"Vinmonopolet";"11175801";"Henri Magnien Gevrey-Chambertin Vieilles Vignes 2017";"Henri Magnien Gevrey-Chambertin Vieilles Vignes";"2017";"569.9";"0.75";"759.87";"RÃ¸dvin";"Glass";"13.5";"5.628642"
"Vinmonopolet";"11175901";"Henri Magnien Gevrey-Chambertin 1er Cru Les Champeaux 2017";"Henri Magnien Gevrey-Chambertin 1er Cru Les Champeaux";"2017";"639.9";"0.75";"853.2";"RÃ¸dvin";"Glass";"13.5";"6.32"
"Vinmonopolet";"11176001";"Henri Magnien Gevrey-Chambertin 1er Cru Estournelles Saint-Jacques 2017";"Henri Magnien Gevrey-Chambertin 1er Cru Estournelles Saint-Jacques";"2017";"919.9";"0.75";"1226.53";"RÃ¸dvin";"Glass";"13.5";"9.085432"
"Vinmonopolet";"11176101";"Henri Magnien Gevrey-Chambertin 1er Cru Les Cazetiers 2017";"Henri Magnien Gevrey-Chambertin 1er Cru Les Cazetiers";"2017";"959.9";"0.75";"1279.87";"RÃ¸dvin";"Glass";"13.5";"9.4804945"
"Vinmonopolet";"11176201";"Stony Hill Chardonnay 2013";"Stony Hill Chardonnay";"2013";"529.9";"0.75";"706.53";"White wine";"Glass";"13";"5.434872"
"Vinmonopolet";"11176301";"Stony Hill Riesling 2017";"Stony Hill Riesling";"2017";"379.9";"0.75";"506.53";"White wine";"Glass";"11.5";"4.404638"
"Vinmonopolet";"11176401";"Claudio Boggione Barolo Brunate 2016";"Claudio Boggione Barolo Brunate";"2016";"489.9";"0.75";"653.2";"RÃ¸dvin";"Glass";"14.5";"4.5048275"
"Vinmonopolet";"11176501";"Mendraka Txakolina";"Mendraka Txakolina";"2018";"199.9";"0.75";"266.53";"White wine";"Glass";"12";"2.221111"
"Vinmonopolet";"11176601";"Ganadero Garnacha";"Ganadero Garnacha";"2018";"179.9";"0.75";"239.87";"RÃ¸dvin";"Glass";"14";"1.7133332"
"Vinmonopolet";"11176701";"Long Meadow Ranch Merlot 2015";"Long Meadow Ranch Merlot";"2015";"399.9";"0.75";"533.2";"RÃ¸dvin";"Glass";"13.5";"3.9496295"
"Vinmonopolet";"11176801";"Dom. la Florane Je Ne Souffre Plus 2019";"Dom. la Florane Je Ne Souffre Plus";"2019";"199.9";"0.75";"266.53";"RÃ¸dvin";"Glass";"14";"1.9038094"
"Vinmonopolet";"11176901";"LumiÃ¨re et Craie Brut Blanc de Blanc";"LumiÃ¨re et Craie Brut Blanc de Blanc";"0";"400.2";"0.75";"533.6";"Champagne, brut";"Glass";"12";"4.4466667"
"Vinmonopolet";"11177401";"Timo Mayer Granite Pinot Noir 2018";"Timo Mayer Granite Pinot Noir";"2018";"499.9";"0.75";"666.53";"RÃ¸dvin";"Glass";"13.8";"4.829952"
"Vinmonopolet";"11177601";"Timo Mayer Gamay 2018";"Timo Mayer Gamay";"2018";"499.9";"0.75";"666.53";"RÃ¸dvin";"Glass";"12.5";"5.332267"
"Vinmonopolet";"11177802";"De Ranke Amer Amer";"De Ranke Amer Amer";"0";"39.9";"0.33";"120.91";"India pale ale";"Glass";"6";"2.0151515"
"Vinmonopolet";"11179601";"Ismael Gozalo Microbio Rack";"Ismael Gozalo Microbio Rack";"2018";"369.9";"0.75";"493.2";"White wine";"Glass";"13";"3.7938461"
"Vinmonopolet";"11179705";"Pago de los Capellanes Reserva 2014";"Pago de los Capellanes Reserva";"2014";"813.3";"1.5";"542.2";"RÃ¸dvin";"Glass";"14";"3.872857"
"Vinmonopolet";"11179805";"Pago de los Capellanes Crianza 2016";"Pago de los Capellanes Crianza";"2016";"541.8";"1.5";"361.2";"RÃ¸dvin";"Glass";"13.5";"2.6755555"
"Vinmonopolet";"11181101";"Blue Nun 24K RosÃ© Edition";"Blue Nun 24K RosÃ© Edition";"0";"129.9";"0.75";"173.2";"Flavoured wine	";"Glass";"11";"1.5745454"
"Vinmonopolet";"11181201";"Rings Kallstadt SpÃ¤tburgunder Vom Kalkfels 2017";"Rings Kallstadt SpÃ¤tburgunder Vom Kalkfels";"2017";"319.9";"0.75";"426.53";"RÃ¸dvin";"Glass";"12.5";"3.4122665"
"Vinmonopolet";"11181301";"Rings Ungstein Riesling 2018";"Rings Ungstein Riesling";"2018";"249.9";"0.75";"333.2";"White wine";"Glass";"13";"2.563077"
"Vinmonopolet";"11181401";"Rings Ungsteiner Nussriegel Riesling Ertse Lage 2017";"Rings Ungsteiner Nussriegel Riesling Ertse Lage";"2017";"299.9";"0.75";"399.87";"White wine";"Glass";"12.5";"3.1989334"
"Vinmonopolet";"11181501";"Rings Pfalz Riesling";"Rings Pfalz Riesling";"2018";"199.9";"0.75";"266.53";"White wine";"Glass";"12";"2.221111"
"Vinmonopolet";"11181601";"Carravalseca Crianza";"Carravalseca Crianza";"2016";"239.9";"0.75";"319.87";"RÃ¸dvin";"Glass";"14";"2.284762"
"Vinmonopolet";"11181701";"Carravalseca Macercion Carbonica";"Carravalseca Macercion Carbonica";"2018";"189.9";"0.75";"253.2";"RÃ¸dvin";"Glass";"14";"1.8085713"
"Vinmonopolet";"11181801";"Dom. Chapel Chiroubles 2018";"Dom. Chapel Chiroubles";"2018";"309.9";"0.75";"413.2";"RÃ¸dvin";"Glass";"14";"2.9514284"
"Vinmonopolet";"11181901";"Dom. Chapel Fleurie Charbonnieres 2018";"Dom. Chapel Fleurie Charbonnieres";"2018";"309.9";"0.75";"413.2";"RÃ¸dvin";"Glass";"13";"3.1784616"
"Vinmonopolet";"11182701";"Ch. de la RagotiÃ¨re Les Vieilles Vignes Muscadet SÃ¨vre et Maine Sur lie Ragotier";"Ch. de la RagotiÃ¨re Les Vieilles Vignes Muscadet SÃ¨vre et Maine Sur lie Ragotier";"2018";"169.9";"0.75";"226.53";"White wine";"Glass";"12";"1.8877777"
"Vinmonopolet";"11182801";"Lombard La Re NommÃ©e";"Lombard La Re NommÃ©e";"2016";"229.9";"0.75";"306.53";"RÃ¸dvin";"Glass";"12.5";"2.4522667"
"Vinmonopolet";"11182902";"Ch. de Montifaud Reserve Speciale Catherine Vallet";"Ch. de Montifaud Reserve Speciale Catherine Vallet";"0";"499.9";"0.5";"999.8";"Grape spirit";"Glass";"40";"2.4995"
"Vinmonopolet";"11183008";"Party Mark (10x2cl)";"Party Mark (10x2cl)";"0";"129.9";"0.2";"649.5";"LikÃ¸r";"Ãvrig";"15";"4.33"
"Vinmonopolet";"11183106";"Il Castiglione Vino Rosso";"Il Castiglione Vino Rosso";"0";"389.9";"3";"129.97";"RÃ¸dvin";"Bag-in-box";"12";"1.0830555"
"Vinmonopolet";"11183201";"Aneto Grande Reserva Alvarinho Encruzado";"Aneto Grande Reserva Alvarinho Encruzado";"2016";"345";"0.75";"460";"White wine";"Glass";"12.5";"3.68"
"Vinmonopolet";"11183301";"Aneto Pinot Noir";"Aneto Pinot Noir";"2016";"315";"0.75";"420";"RÃ¸dvin";"Glass";"13";"3.2307692"
"Vinmonopolet";"11183401";"Aneto Reserva Branco";"Aneto Reserva Branco";"2017";"240";"0.75";"320";"White wine";"Glass";"13.5";"2.3703704"
"Vinmonopolet";"11183501";"Aneto Tinto";"Aneto Tinto";"2015";"210";"0.75";"280";"RÃ¸dvin";"Glass";"14";"2"
"Vinmonopolet";"11183601";"Aneto Reserva Tinto";"Aneto Reserva Tinto";"2015";"310";"0.75";"413.33";"RÃ¸dvin";"Glass";"14";"2.952381"
"Vinmonopolet";"11183701";"Quinta da Bica Colheita";"Quinta da Bica Colheita";"2015";"205";"0.75";"273.33";"RÃ¸dvin";"Glass";"13.5";"2.0246913"
"Vinmonopolet";"11183801";"Quinta da Bica Vinhas Velhas";"Quinta da Bica Vinhas Velhas";"2011";"260";"0.75";"346.67";"RÃ¸dvin";"Glass";"13.5";"2.5679011"
"Vinmonopolet";"11183901";"Quinta da Bica Jaen";"Quinta da Bica Jaen";"2011";"245";"0.75";"326.67";"RÃ¸dvin";"Glass";"14";"2.3333333"
"Vinmonopolet";"11184001";"Ninfa Brut Nature";"Ninfa Brut Nature";"2018";"459.9";"0.75";"613.2";"Sparkling wine";"Glass";"12.5";"4.9056"
"Vinmonopolet";"11184101";"Ninfa Sauvignon Blanc";"Ninfa Sauvignon Blanc";"2018";"249.9";"0.75";"333.2";"White wine";"Glass";"13";"2.563077"
"Vinmonopolet";"11184201";"Ninfa Escolha Sauvignon Blanc";"Ninfa Escolha Sauvignon Blanc";"2016";"350";"0.75";"466.67";"White wine";"Glass";"14";"3.3333333"
"Vinmonopolet";"11184301";"Ninfa Escolha Tinto";"Ninfa Escolha Tinto";"2015";"350";"0.75";"466.67";"RÃ¸dvin";"Glass";"12.5";"3.7333333"
"Vinmonopolet";"11184401";"Ninfa Tinto";"Ninfa Tinto";"2013";"245";"0.75";"326.67";"RÃ¸dvin";"Glass";"13";"2.5128205"
"Vinmonopolet";"11184504";"ViÃ±a Albali Tempranillo Shiraz";"ViÃ±a Albali Tempranillo Shiraz";"2017";"49.9";"0.19";"266.85";"RÃ¸dvin";"Plast";"13";"2.020243"
"Vinmonopolet";"11184604";"ViÃ±a Albali Verdejo Sauvignon Blanc";"ViÃ±a Albali Verdejo Sauvignon Blanc";"2017";"48.9";"0.19";"261.5";"White wine";"Plast";"12.5";"2.0589476"
"Vinmonopolet";"11184702";"Mannen fra Havet akevitt";"Mannen fra Havet akevitt";"0";"395";"0.5";"790";"Aquavit";"Glass";"40";"1.975"
"Vinmonopolet";"11184801";"Lis Fadis Sbilf 2009";"Lis Fadis Sbilf";"2009";"350.1";"0.75";"466.8";"White wine";"Glass";"14";"3.3342857"
"Vinmonopolet";"11184901";"Lis Fadis Sbilf 2013";"Lis Fadis Sbilf";"2013";"350.1";"0.75";"466.8";"White wine";"Glass";"14";"3.3342857"
"Vinmonopolet";"11185001";"Lis Fadis Bergul Bianco 2015";"Lis Fadis Bergul Bianco";"2015";"310";"0.75";"413.33";"White wine";"Glass";"13.5";"3.0617285"
"Vinmonopolet";"11185101";"Lis Fadis Bergul Rosso";"Lis Fadis Bergul Rosso";"2012";"369.7";"0.75";"492.93";"RÃ¸dvin";"Glass";"14";"3.5209525"
"Vinmonopolet";"11185201";"Eristoff Ginger";"Eristoff Ginger";"0";"199.9";"0.7";"285.57";"LikÃ¸r";"Glass";"18";"1.5865079"
"Vinmonopolet";"11185301";"Martini Fiero";"Martini Fiero";"0";"199.9";"0.75";"266.53";"Vermouth";"Glass";"14.9";"1.7888143"
"Vinmonopolet";"11185401";"Tenuta San Leonardo";"Tenuta San Leonardo";"2014";"675";"0.75";"900";"RÃ¸dvin";"Glass";"13";"6.923077"
"Vinmonopolet";"11185702";"Damm Malquerida";"Damm Malquerida";"0";"56.5";"0.33";"171.21";"Light lager";"Glass";"5";"3.4242423"
"Vinmonopolet";"11185802";"Damm Complot IPA";"Damm Complot IPA";"0";"59.9";"0.33";"181.52";"India pale ale";"Glass";"6.6";"2.7502296"
"Vinmonopolet";"11185901";"Pradorey La Mina Reserva 2015";"Pradorey La Mina Reserva";"2015";"299.9";"0.75";"399.87";"RÃ¸dvin";"Glass";"14.5";"2.7577012"
"Vinmonopolet";"11186002";"Maynard's 20 Year Old Tawny Port";"Maynard's 20 Year Old Tawny Port";"0";"254.9";"0.5";"509.8";"Port wine";"Glass";"20";"2.549"
"Vinmonopolet";"11186202";"Dom. A. Grivault Meursault 1er Cru Perrieres 2016";"Dom. A. Grivault Meursault 1er Cru Perrieres";"2016";"579.9";"0.38";"1546.4";"White wine";"Glass";"13";"11.738867"
"Vinmonopolet";"11186601";"Ostertag Fronholz Vendange Tardive de Gewurztraminer 2017";"Ostertag Fronholz Vendange Tardive de Gewurztraminer";"2017";"479.9";"0.75";"639.87";"White wine";"Glass";"11";"5.8169694"
"Vinmonopolet";"11186701";"Luna Passante Nero d'Avola Sicilia";"Luna Passante Nero d'Avola Sicilia";"2018";"200";"0.75";"266.67";"RÃ¸dvin";"Glass";"13";"2.0512822"
"Vinmonopolet";"11186801";"Castelmondo Amarone";"Castelmondo Amarone";"2015";"249.9";"0.75";"333.2";"RÃ¸dvin";"Glass";"15";"2.2213333"
"Vinmonopolet";"11186901";"Castelmondo Ripasso Superiore";"Castelmondo Ripasso Superiore";"2017";"145.9";"0.75";"194.53";"RÃ¸dvin";"Glass";"13.5";"1.4409876"
"Vinmonopolet";"11187102";"San Guido Sassicaia 2013";"San Guido Sassicaia";"2013";"1100";"0.38";"2933.33";"RÃ¸dvin";"Glass";"13.5";"21.442495"
"Vinmonopolet";"11187301";"Camille Cayran CÃ´tes du RhÃ´ne I'Insouciante";"Camille Cayran CÃ´tes du RhÃ´ne I'Insouciante";"2017";"155";"0.75";"206.67";"RÃ¸dvin";"Glass";"14";"1.4761904"
"Vinmonopolet";"11187306";"Camille Cayran CÃ´tes du RhÃ´ne I'Insouciante";"Camille Cayran CÃ´tes du RhÃ´ne I'Insouciante";"0";"499.9";"3";"166.63";"RÃ¸dvin";"Bag-in-box";"13.5";"1.234321"
"Vinmonopolet";"11187401";"Massimago Valpolicella Classico";"Massimago Valpolicella Classico";"2018";"231";"0.75";"308";"RÃ¸dvin";"Glass";"12.5";"2.464"
"Vinmonopolet";"11187506";"Louis Max Beaujolais Grande CuvÃ©e Rouge";"Louis Max Beaujolais Grande CuvÃ©e Rouge";"2018";"479.9";"3";"159.97";"RÃ¸dvin";"Bag-in-box";"13";"1.2305129"
"Vinmonopolet";"11187601";"Cabutto Langhe Nebbiolo";"Cabutto Langhe Nebbiolo";"2017";"219.9";"0.75";"293.2";"RÃ¸dvin";"Glass";"14";"2.0942857"
"Vinmonopolet";"11187701";"Cabutto Barolo";"Cabutto Barolo";"2014";"324.9";"0.75";"433.2";"RÃ¸dvin";"Glass";"14";"3.0942857"
"Vinmonopolet";"11187801";"Cabutto Barbera d'Alba Superiore";"Cabutto Barbera d'Alba Superiore";"2015";"219.9";"0.75";"293.2";"RÃ¸dvin";"Glass";"14.5";"2.022069"
"Vinmonopolet";"11187901";"La Belle Veuve Sauvignon Blanc";"La Belle Veuve Sauvignon Blanc";"2018";"139.9";"0.75";"186.53";"White wine";"Glass";"12.5";"1.4922667"
"Vinmonopolet";"11188001";"La Belle Veuve Marselan";"La Belle Veuve Marselan";"2018";"139.9";"0.75";"186.53";"RÃ¸dvin";"Glass";"13.5";"1.3817283"
"Vinmonopolet";"11188101";"Galharda Douro White";"Galharda Douro White";"2016";"155";"0.75";"206.67";"White wine";"Glass";"12.5";"1.6533333"
"Vinmonopolet";"11188201";"Galharda Douro Red";"Galharda Douro Red";"2015";"155";"0.75";"206.67";"RÃ¸dvin";"Glass";"13.5";"1.5308642"
"Vinmonopolet";"11188301";"Ch. La VerriÃ¨re Sauvignon Blanc 2018";"Ch. La VerriÃ¨re Sauvignon Blanc";"2018";"185";"0.75";"246.67";"White wine";"Glass";"13.5";"1.8271605"
"Vinmonopolet";"11188401";"Ch. La VerriÃ¨re Rouge 2016";"Ch. La VerriÃ¨re Rouge";"2016";"185";"0.75";"246.67";"RÃ¸dvin";"Glass";"14";"1.7619047"
"Vinmonopolet";"11188601";"Castell'in Villa Chianti Classico Riserva 2013";"Castell'in Villa Chianti Classico Riserva";"2013";"599.9";"0.75";"799.87";"RÃ¸dvin";"Glass";"14";"5.7133336"
"Vinmonopolet";"11188701";"Oslo-Filharmonien 100 Ãr";"Oslo-Filharmonien 100 Ãr";"2015";"229.9";"0.75";"306.53";"Sparkling wine";"Glass";"12";"2.5544443"
"Vinmonopolet";"11188801";"Clos du Phoenix CuvÃ©e de la Citadelle";"Clos du Phoenix CuvÃ©e de la Citadelle";"2012";"229.9";"0.75";"306.53";"RÃ¸dvin";"Glass";"13.5";"2.2706172"
"Vinmonopolet";"11188901";"Clos du Phoenix Syrah";"Clos du Phoenix Syrah";"2014";"249.9";"0.75";"333.2";"RÃ¸dvin";"Glass";"13.5";"2.468148"
"Vinmonopolet";"11189001";"Clos du Phoenix Cabernet Sauvignon";"Clos du Phoenix Cabernet Sauvignon";"2012";"249.9";"0.75";"333.2";"RÃ¸dvin";"Glass";"14";"2.3799999"
"Vinmonopolet";"11189101";"HÃ¥kon HÃ¥konsson Superieur Cognac";"HÃ¥kon HÃ¥konsson Superieur Cognac";"0";"539.9";"0.7";"771.29";"Grape spirit";"Glass";"40";"1.9282144"
"Vinmonopolet";"11189201";"Monte Vibiano Moss 300 2016";"Monte Vibiano Moss 300";"2016";"179.9";"0.75";"239.87";"RÃ¸dvin";"Glass";"13";"1.8451282"
"Vinmonopolet";"11189302";"Wild Beer Funky Dory";"Wild Beer Funky Dory";"0";"54.9";"0.33";"166.36";"SurÃ¸l";"Glass";"5";"3.3272727"
"Vinmonopolet";"11189501";"Wild Beer The Blend 2019";"Wild Beer The Blend";"2019";"199.9";"0.75";"266.53";"SurÃ¸l";"Glass";"5";"5.3306665"
"Vinmonopolet";"11189605";"Alta Alella Capsygrani Cava Brut Nature 2017";"Alta Alella Capsygrani Cava Brut Nature";"2017";"730";"1.5";"486.67";"Sparkling wine";"Glass";"12";"4.0555553"
"Vinmonopolet";"11189701";"Marina Palusci Senzaniente Pecorino 2018";"Marina Palusci Senzaniente Pecorino";"2018";"239.9";"0.75";"319.87";"White wine";"Glass";"12";"2.6655555"
"Vinmonopolet";"11189801";"Marina Palusci Senzaniente Montepulciano d'Abruzzo 2018";"Marina Palusci Senzaniente Montepulciano d'Abruzzo";"2018";"239.9";"0.75";"319.87";"RÃ¸dvin";"Glass";"13";"2.4605129"
"Vinmonopolet";"11189901";"Marina Palusci Plenus Montepulciano d'Abruzzo 2015";"Marina Palusci Plenus Montepulciano d'Abruzzo";"2015";"299.9";"0.75";"399.87";"RÃ¸dvin";"Glass";"13.5";"2.9619753"
"Vinmonopolet";"11190001";"Marina Palusci Plenus Pecorino 2016";"Marina Palusci Plenus Pecorino";"2016";"299.9";"0.75";"399.87";"White wine";"Glass";"12.5";"3.1989334"
"Vinmonopolet";"11190101";"Remi Landier Tres Vieux Fins Bois";"Remi Landier Tres Vieux Fins Bois";"0";"3999.9";"0.7";"5714.14";"Grape spirit";"Glass";"40";"14.285357"
"Vinmonopolet";"11190201";"Remi Landier XO Artisanal";"Remi Landier XO Artisanal";"0";"1749.9";"0.7";"2499.86";"Grape spirit";"Glass";"40";"6.249643"
"Vinmonopolet";"11190301";"Philippe Colin Chassagne-Montrachet";"Philippe Colin Chassagne-Montrachet";"2018";"459.9";"0.75";"613.2";"White wine";"Glass";"13";"4.716923"
"Vinmonopolet";"11190401";"Philippe Colin Bourgogne Chardonnay";"Philippe Colin Bourgogne Chardonnay";"2017";"249.9";"0.75";"333.2";"White wine";"Glass";"13";"2.563077"
"Vinmonopolet";"11190501";"Philippe Colin Chassagne-Montrachet 1er Cru Morgeot";"Philippe Colin Chassagne-Montrachet 1er Cru Morgeot";"2018";"499.9";"0.75";"666.53";"RÃ¸dvin";"Glass";"13.5";"4.937284"
"Vinmonopolet";"11190601";"Alfredo Arribas Instabile N.5 In Albis 2018";"Alfredo Arribas Instabile N.5 In Albis";"2018";"385";"0.75";"513.33";"White wine";"Glass";"13";"3.9487178"
"Vinmonopolet";"11190701";"Alfredo Arribas Vinsnus Siur Alta Rouge 2017";"Alfredo Arribas Vinsnus Siur Alta Rouge";"2017";"295";"0.75";"393.33";"RÃ¸dvin";"Glass";"13";"3.025641"
"Vinmonopolet";"11190801";"Alfredo Arribas Instabile N.4 Grosso Modo 2017";"Alfredo Arribas Instabile N.4 Grosso Modo";"2017";"389.9";"0.75";"519.87";"RÃ¸dvin";"Glass";"14";"3.7133334"
"Vinmonopolet";"11190901";"Alfredo Arribas Vinsnus Siur Alta Orange 2018";"Alfredo Arribas Vinsnus Siur Alta Orange";"2018";"289.9";"0.75";"386.53";"White wine";"Glass";"12.5";"3.0922666"
"Vinmonopolet";"11191101";"Transcontinental Rum Line Guadelupe 2013";"Transcontinental Rum Line Guadelupe";"2013";"719.9";"0.7";"1028.43";"Rum";"Glass";"43";"2.3916945"
"Vinmonopolet";"11191201";"Transcontinental Rum Line Fiji 2014";"Transcontinental Rum Line Fiji";"2014";"739.9";"0.7";"1057";"Rum";"Glass";"48";"2.2020833"
"Vinmonopolet";"11191501";"Transcontinental Rum Line Panama 2011";"Transcontinental Rum Line Panama";"2011";"719.9";"0.7";"1028.43";"Rum";"Glass";"43";"2.3916945"
"Vinmonopolet";"11191601";"Velier Royal Navy Tiger Shark";"Velier Royal Navy Tiger Shark";"0";"2099.9";"0.7";"2999.86";"Rum";"Glass";"57.2";"5.2445054"
"Vinmonopolet";"11191702";"Hitachino Nest Saison du Japon";"Hitachino Nest Saison du Japon";"0";"52.9";"0.33";"160.3";"Saison farmhouse ale";"Glass";"5";"3.2060606"
"Vinmonopolet";"11191802";"Midtfyns Moonshine";"Midtfyns Moonshine";"0";"49.9";"0.33";"151.21";"Light ale";"Glass";"5.5";"2.7493112"
"Vinmonopolet";"11191901";"Faiveley MonthÃ©lie 1er Cru Les Champs Fulliot 2017";"Faiveley MonthÃ©lie 1er Cru Les Champs Fulliot";"2017";"360";"0.75";"480";"RÃ¸dvin";"Glass";"13";"3.6923077"
"Vinmonopolet";"11192001";"Faiveley MonthÃ¨lie 1er Cru Les Duresses 2017";"Faiveley MonthÃ¨lie 1er Cru Les Duresses";"2017";"345";"0.75";"460";"RÃ¸dvin";"Glass";"13";"3.5384614"
"Vinmonopolet";"11192101";"Kilchoman Loch Gorm";"Kilchoman Loch Gorm";"0";"999.9";"0.7";"1428.43";"Whisky";"Glass";"46";"3.1052797"
"Vinmonopolet";"11192202";"Firestone Walker Bretta Weisse Batch No.003";"Firestone Walker Bretta Weisse Batch No.003";"0";"179.9";"0.38";"479.73";"SurÃ¸l";"Glass";"4.9";"9.6616535"
"Vinmonopolet";"11192302";"Firestone Walker Krieky Bones Batch No.005 Batch #005";"Firestone Walker Krieky Bones Batch No.005 Batch #005";"0";"174.9";"0.38";"466.4";"SurÃ¸l";"Glass";"6.3";"7.305764"
"Vinmonopolet";"11192401";"Ãkonomierat Rebholz Muschelkalk SpÃ¤tburgunder 2015";"Ãkonomierat Rebholz Muschelkalk SpÃ¤tburgunder";"2015";"433";"0.75";"577.33";"White wine";"Glass";"13";"4.4410257"
"Vinmonopolet";"11192501";"Quinta do Ameal Solo Ãnico 2017";"Quinta do Ameal Solo Ãnico";"2017";"247.9";"0.75";"330.53";"White wine";"Glass";"11.5";"2.8742027"
"Vinmonopolet";"11192605";"Ch. de Beaucastel ChÃ¢teauneuf-du-Pape 2016";"Ch. de Beaucastel ChÃ¢teauneuf-du-Pape";"2016";"1609.9";"1.5";"1073.27";"RÃ¸dvin";"Glass";"14.5";"7.4018393"
"Vinmonopolet";"11192701";"Ãkonomierat Rebholz Vom Muschelkalk Riesling Trocken 2017";"Ãkonomierat Rebholz Vom Muschelkalk Riesling Trocken";"2017";"312";"0.75";"416";"White wine";"Glass";"12.5";"3.328"
"Vinmonopolet";"11192801";"Ãkonomierat Rebholz Vom Bundsandstein Riesling Trocken 2017";"Ãkonomierat Rebholz Vom Bundsandstein Riesling Trocken";"2017";"312";"0.75";"416";"White wine";"Glass";"12.5";"3.328"
"Vinmonopolet";"11192901";"Terras Gauda O Rosal Black Label 2017";"Terras Gauda O Rosal Black Label";"2017";"389.9";"0.75";"519.87";"White wine";"Glass";"12.5";"4.158933"
"Vinmonopolet";"11193001";"Guigal CÃ´te-RÃ´tie La Mouline 2015";"Guigal CÃ´te-RÃ´tie La Mouline";"2015";"2868.1";"0.75";"3824.13";"RÃ¸dvin";"Glass";"14";"27.315239"
"Vinmonopolet";"11193101";"Guigal Hermitage Ex Voto 2015";"Guigal Hermitage Ex Voto";"2015";"2625";"0.75";"3500";"RÃ¸dvin";"Glass";"14";"25"
"Vinmonopolet";"11193201";"Guigal Saint-Joseph Lieu-Dit 2016";"Guigal Saint-Joseph Lieu-Dit";"2016";"419.8";"0.75";"559.73";"RÃ¸dvin";"Glass";"14.5";"3.8602297"
"Vinmonopolet";"11193301";"Ãkonomierat Rebholz Im Sonnenschein Riesling GG 2017";"Ãkonomierat Rebholz Im Sonnenschein Riesling GG";"2017";"539.9";"0.75";"719.87";"White wine";"Glass";"12.5";"5.7589335"
"Vinmonopolet";"11193401";"Guigal CÃ´te RÃ´tie La Landonne 2015";"Guigal CÃ´te RÃ´tie La Landonne";"2015";"2868";"0.75";"3824";"RÃ¸dvin";"Glass";"14";"27.314285"
"Vinmonopolet";"11193501";"Guigal CÃ´te-RÃ´tie La Turque 2015";"Guigal CÃ´te-RÃ´tie La Turque";"2015";"2868";"0.75";"3824";"RÃ¸dvin";"Glass";"14";"27.314285"
"Vinmonopolet";"11193601";"Ãkonomierat Rebholz Kastanienbusch Riesling GG 2017";"Ãkonomierat Rebholz Kastanienbusch Riesling GG";"2017";"589.9";"0.75";"786.53";"White wine";"Glass";"13";"6.0502567"
"Vinmonopolet";"11193701";"Ãkonomierat Rebholz Ganz Horn Im Sonnenschein Riesling GG 2017";"Ãkonomierat Rebholz Ganz Horn Im Sonnenschein Riesling GG";"2017";"539.9";"0.75";"719.87";"White wine";"Glass";"12.5";"5.7589335"
"Vinmonopolet";"11193801";"Ch. de Montifaud Extra";"Ch. de Montifaud Extra";"0";"1899.9";"0.7";"2714.14";"Grape spirit";"Glass";"40";"6.7853575"
"Vinmonopolet";"11193901";"Osmoz Classic Gin";"Osmoz Classic Gin";"0";"599.9";"0.7";"857";"Gin";"Glass";"43";"1.9930234"
"Vinmonopolet";"11194002";"Firestone Walker Dark & Stormy Ginger & Lime Ale";"Firestone Walker Dark & Stormy Ginger & Lime Ale";"0";"124.9";"0.35";"351.83";"Special";"Glass";"11.1";"3.214929"
"Vinmonopolet";"11194201";"Against The Grain Atilla The Hen Double Rye Amber Aged in Whiskey Barrels";"Against The Grain Atilla The Hen Double Rye Amber Aged in Whiskey Barrels";"0";"249.9";"0.75";"333.2";"Red/amber";"Glass";"12";"2.7766666"
"Vinmonopolet";"11194301";"Against The Grain Johann Paycheque Wine Barrel Aged Sour Ale With Brettanomyces";"Against The Grain Johann Paycheque Wine Barrel Aged Sour Ale With Brettanomyces";"0";"189.9";"0.75";"253.2";"SurÃ¸l";"Glass";"6.5";"3.8953846"
"Vinmonopolet";"11194401";"Bernhard Huber Malterdinger SpÃ¤tburgunder 2017";"Bernhard Huber Malterdinger SpÃ¤tburgunder";"2017";"359";"0.75";"478.67";"RÃ¸dvin";"Glass";"12.5";"3.8293333"
"Vinmonopolet";"11194501";"Woodford Reserve Double Oaked Kentucky Straight Bourbon";"Woodford Reserve Double Oaked Kentucky Straight Bourbon";"0";"699.4";"0.7";"999.14";"Whisky";"Glass";"43.2";"2.3128307"
"Vinmonopolet";"11194601";"Perrin Gigondas L'ArgnÃ©e Vieilles Vignes 2016";"Perrin Gigondas L'ArgnÃ©e Vieilles Vignes";"2016";"575";"0.75";"766.67";"RÃ¸dvin";"Glass";"15";"5.111111"
"Vinmonopolet";"11194701";"Telmo Rodriguez As Caborcas 2016";"Telmo Rodriguez As Caborcas";"2016";"479.8";"0.75";"639.73";"RÃ¸dvin";"Glass";"12.5";"5.1178665"
"Vinmonopolet";"11194801";"MaraÃ±ones Garnacha 2016";"MaraÃ±ones Garnacha";"2016";"278";"0.75";"370.67";"RÃ¸dvin";"Glass";"14";"2.647619"
"Vinmonopolet";"11194901";"Castro Candaz Finca el Curvado 2017";"Castro Candaz Finca el Curvado";"2017";"279.9";"0.75";"373.2";"RÃ¸dvin";"Glass";"13";"2.8707693"
"Vinmonopolet";"11195001";"Castro Candaz A Boca de Demo 2017";"Castro Candaz A Boca de Demo";"2017";"369.9";"0.75";"493.2";"RÃ¸dvin";"Glass";"13";"3.7938461"
"Vinmonopolet";"11195101";"Brovia Barolo 2015";"Brovia Barolo";"2015";"478";"0.75";"637.33";"RÃ¸dvin";"Glass";"14.5";"4.3954024"
"Vinmonopolet";"11195201";"Brovia Barolo GarblÃ¨t Sue 2015";"Brovia Barolo GarblÃ¨t Sue";"2015";"635.1";"0.75";"846.8";"RÃ¸dvin";"Glass";"14.5";"5.8399997"
"Vinmonopolet";"11195301";"MaraÃ±ones 30.000 Maravedies 2016";"MaraÃ±ones 30.000 Maravedies";"2016";"238";"0.75";"317.33";"RÃ¸dvin";"Glass";"14";"2.2666667"
"Vinmonopolet";"11195401";"MaraÃ±ones Dario 2016";"MaraÃ±ones Dario";"2016";"259";"0.75";"345.33";"RÃ¸dvin";"Glass";"13.5";"2.5580246"
"Vinmonopolet";"11195501";"Against The Grain Sacred Sacrum Belgian Style Ale Aged In Red Wine Barrels";"Against The Grain Sacred Sacrum Belgian Style Ale Aged In Red Wine Barrels";"0";"194.9";"0.75";"259.87";"SurÃ¸l";"Glass";"9";"2.8874073"
"Vinmonopolet";"11195602";"Aval Cidre Artisanal RosÃ©";"Aval Cidre Artisanal RosÃ©";"0";"59.9";"0.33";"181.52";"Cider";"Glass";"6";"3.0252526"
"Vinmonopolet";"11195901";"Garage Project The End of the Golden Weather";"Garage Project The End of the Golden Weather";"0";"269.9";"0.75";"359.87";"SurÃ¸l";"Glass";"6.4";"5.622916"
"Vinmonopolet";"11196001";"Wittmann Westhofener Riesling Trocken 2018";"Wittmann Westhofener Riesling Trocken";"2018";"319.9";"0.75";"426.53";"White wine";"Glass";"13";"3.2810256"
"Vinmonopolet";"11196101";"Wittmann Niersteiner Riesling Trocken 2018";"Wittmann Niersteiner Riesling Trocken";"2018";"308.9";"0.75";"411.87";"White wine";"Glass";"13";"3.168205"
"Vinmonopolet";"11196201";"Wittmann Kirchspiel Riesling Trocken GG 2018";"Wittmann Kirchspiel Riesling Trocken GG";"2018";"539.8";"0.75";"719.73";"White wine";"Glass";"13";"5.5364103"
"Vinmonopolet";"11196301";"Wittmann Morstein Riesling Trocken GG 2018";"Wittmann Morstein Riesling Trocken GG";"2018";"644.9";"0.75";"859.87";"White wine";"Glass";"13";"6.6143594"
"Vinmonopolet";"11196405";"Leroux Saint-Romain Sous le ChÃ¢teau 2017";"Leroux Saint-Romain Sous le ChÃ¢teau";"2017";"822";"1.5";"548";"White wine";"Glass";"12.5";"4.384"
"Vinmonopolet";"11196501";"Leroux Meursault 2017";"Leroux Meursault";"2017";"549.9";"0.75";"733.2";"White wine";"Glass";"13";"5.6400003"
"Vinmonopolet";"11196601";"Leroux Meursault 1er Cru Le Porusot 2017";"Leroux Meursault 1er Cru Le Porusot";"2017";"875.9";"0.75";"1167.87";"White wine";"Glass";"13";"8.98359"
"Vinmonopolet";"11196701";"Leroux Puligny-Montrachet 2017";"Leroux Puligny-Montrachet";"2017";"595.9";"0.75";"794.53";"White wine";"Glass";"13";"6.111795"
"Vinmonopolet";"11196801";"Leroux Savigny-les-Beaune 2017";"Leroux Savigny-les-Beaune";"2017";"366";"0.75";"488";"RÃ¸dvin";"Glass";"13";"3.7538462"
"Vinmonopolet";"11196901";"Leroux Chambolle-Musigny 2017";"Leroux Chambolle-Musigny";"2017";"699.8";"0.75";"933.07";"RÃ¸dvin";"Glass";"13";"7.177436"
"Vinmonopolet";"11197001";"Wittmann Gundersheimer Riesling Trocken 2018";"Wittmann Gundersheimer Riesling Trocken";"2018";"284";"0.75";"378.67";"White wine";"Glass";"12.5";"3.0293334"
"Vinmonopolet";"11197101";"A. ClÃ¼sserath Trittenheimer AltÃ¤rchen Riesling Feinherb 2018";"A. ClÃ¼sserath Trittenheimer AltÃ¤rchen Riesling Feinherb";"2018";"270";"0.75";"360";"White wine";"Glass";"11.5";"3.1304348"
"Vinmonopolet";"11197201";"A. ClÃ¼sserath Trittenheimer Apotheke Riesling Kabinett 2018";"A. ClÃ¼sserath Trittenheimer Apotheke Riesling Kabinett";"2018";"239.9";"0.75";"319.87";"White wine";"Glass";"8";"3.9983332"
"Vinmonopolet";"11197302";"A. ClÃ¼sserath Trittenheimer Apotheke Riesling Auslese 2018";"A. ClÃ¼sserath Trittenheimer Apotheke Riesling Auslese";"2018";"289.9";"0.5";"579.8";"White wine";"Glass";"8";"7.2475"
"Vinmonopolet";"11197501";"Privo LaSelva Rosso";"Privo LaSelva Rosso";"2017";"175";"0.75";"233.33";"RÃ¸dvin";"Glass";"14";"1.6666666"
"Vinmonopolet";"11197601";"Balblair Single Malt 12 YO";"Balblair Single Malt 12 YO";"0";"729.9";"0.7";"1042.71";"Whisky";"Glass";"46";"2.2667704"
"Vinmonopolet";"11197701";"Balblair Single Malt 15 YO";"Balblair Single Malt 15 YO";"0";"1049.9";"0.7";"1499.86";"Whisky";"Glass";"46";"3.260559"
"Vinmonopolet";"11197801";"Balblair Single Malt 18 YO";"Balblair Single Malt 18 YO";"0";"1489.9";"0.7";"2128.43";"Whisky";"Glass";"46";"4.627019"
"Vinmonopolet";"11197901";"Balblair Single Malt 25 YO";"Balblair Single Malt 25 YO";"0";"4699.9";"0.7";"6714.14";"Whisky";"Glass";"46";"14.595963"
"Vinmonopolet";"11198101";"Se Busca Mezcal Artesanal Joven";"Se Busca Mezcal Artesanal Joven";"0";"659.9";"0.7";"942.71";"Fruit spirit";"Glass";"40";"2.3567858"
"Vinmonopolet";"11198201";"Se Busca Mezcal Artesanal Reposado";"Se Busca Mezcal Artesanal Reposado";"0";"729.9";"0.7";"1042.71";"Fruit spirit";"Glass";"40";"2.6067858"
"Vinmonopolet";"11198301";"Bayou XO Mardi Gras Rum";"Bayou XO Mardi Gras Rum";"0";"799.9";"0.7";"1142.71";"Rum";"Glass";"40";"2.8567858"
"Vinmonopolet";"11198401";"Icardi Rousori Dolcetto d'Alba";"Icardi Rousori Dolcetto d'Alba";"2018";"165";"0.75";"220";"RÃ¸dvin";"Glass";"13.5";"1.6296296"
"Vinmonopolet";"11198501";"Icardi Pafoj Langhe Rosso";"Icardi Pafoj Langhe Rosso";"2015";"219.9";"0.75";"293.2";"RÃ¸dvin";"Glass";"13.5";"2.1718519"
"Vinmonopolet";"11198601";"Bertani Valpolicella 2018";"Bertani Valpolicella";"2018";"169.9";"0.75";"226.53";"RÃ¸dvin";"Glass";"12";"1.8877777"
"Vinmonopolet";"11198701";"Massolino Langhe Chardonnay 2018";"Massolino Langhe Chardonnay";"2018";"269.9";"0.75";"359.87";"White wine";"Glass";"14";"2.570476"
"Vinmonopolet";"11198901";"Gunderloch Red Stone Riesling 2018";"Gunderloch Red Stone Riesling";"2018";"179.9";"0.75";"239.87";"White wine";"Glass";"11.5";"2.085797"
"Vinmonopolet";"11199001";"Patrice Rion Hautes-CÃ´tes de Nuits Les Dames Huguettes 2017";"Patrice Rion Hautes-CÃ´tes de Nuits Les Dames Huguettes";"2017";"282";"0.75";"376";"RÃ¸dvin";"Glass";"12";"3.1333334"
"Vinmonopolet";"11199101";"Patrice Rion Bourgogne Les Bons BÃ¢tons Rouge 2017";"Patrice Rion Bourgogne Les Bons BÃ¢tons Rouge";"2017";"285.9";"0.75";"381.2";"RÃ¸dvin";"Glass";"13";"2.9323077"
"Vinmonopolet";"11199201";"Patrice Rion Chambolle-Musigny Les Cras 2017";"Patrice Rion Chambolle-Musigny Les Cras";"2017";"710.1";"0.75";"946.8";"RÃ¸dvin";"Glass";"13";"7.283077"
"Vinmonopolet";"11199301";"Girardin Pommard 1er Cru Les Epenots 2016";"Girardin Pommard 1er Cru Les Epenots";"2016";"668";"0.75";"890.67";"RÃ¸dvin";"Glass";"13.5";"6.597531"
"Vinmonopolet";"11199401";"Devevey Bourgogne Hautes-CÃ´tes de Beaune Champs Perdrix 2015";"Devevey Bourgogne Hautes-CÃ´tes de Beaune Champs Perdrix";"2015";"299.9";"0.75";"399.87";"White wine";"Glass";"13";"3.0758975"
"Vinmonopolet";"11199501";"Moestue Volnay 2017";"Moestue Volnay";"2017";"479";"0.75";"638.67";"RÃ¸dvin";"Glass";"13";"4.9128203"
"Vinmonopolet";"11199505";"Moestue Volnay 2017";"Moestue Volnay";"2017";"978";"1.5";"652";"RÃ¸dvin";"Glass";"13";"5.0153847"
"Vinmonopolet";"11199601";"Borja PÃ©rez Artifice ListÃ¡n Blanco de Canarias 2017";"Borja PÃ©rez Artifice ListÃ¡n Blanco de Canarias";"2017";"269.9";"0.75";"359.87";"White wine";"Glass";"13";"2.7682052"
"Vinmonopolet";"11199701";"Borja PÃ©rez Artifice Tinto 2017";"Borja PÃ©rez Artifice Tinto";"2017";"269.9";"0.75";"359.87";"RÃ¸dvin";"Glass";"13.5";"2.665679"
"Vinmonopolet";"11199801";"Borja PÃ©rez ArtÃ­fice Llanito Perera ListÃ¡n Blanco 2017";"Borja PÃ©rez ArtÃ­fice Llanito Perera ListÃ¡n Blanco";"2017";"326";"0.75";"434.67";"White wine";"Glass";"12.5";"3.4773333"
"Vinmonopolet";"11199901";"Borja PÃ©rez Artifice Tierra del Trigo ListÃ¡n Negro 2017";"Borja PÃ©rez Artifice Tierra del Trigo ListÃ¡n Negro";"2017";"329.9";"0.75";"439.87";"RÃ¸dvin";"Glass";"13";"3.3835897"
"Vinmonopolet";"11200001";"Borja PÃ©rez Ignios OrÃ­genes ListÃ¡n Negro 2017";"Borja PÃ©rez Ignios OrÃ­genes ListÃ¡n Negro";"2017";"379.9";"0.75";"506.53";"RÃ¸dvin";"Glass";"13.5";"3.7520988"
"Vinmonopolet";"11200101";"Kruger-Rumpf Burgberg Riesling GG 2018";"Kruger-Rumpf Burgberg Riesling GG";"2018";"389.9";"0.75";"519.87";"White wine";"Glass";"13";"3.9989743"
"Vinmonopolet";"11200205";"Foradori LezÃ¨r 2019";"Foradori LezÃ¨r";"2019";"539.9";"1.5";"359.93";"RÃ¸dvin";"Glass";"12.5";"2.8794668"
"Vinmonopolet";"11200402";"Lervig 3 Bean Stout";"Lervig 3 Bean Stout";"0";"99.9";"0.33";"296.67";"Porter and stout";"Emballasje med pant";"12";"2.5227273"
"Vinmonopolet";"11200501";"Gravelly Ford Pinot Noir";"Gravelly Ford Pinot Noir";"2016";"194.9";"0.75";"259.87";"RÃ¸dvin";"Glass";"13";"1.9989743"
"Vinmonopolet";"11200601";"Albamar AlbariÃ±o 2017";"Albamar AlbariÃ±o";"2017";"264.9";"0.75";"353.2";"White wine";"Glass";"13";"2.716923"
"Vinmonopolet";"11200701";"Monteti Caburnio Toscana 2012";"Monteti Caburnio Toscana";"2012";"249.2";"0.75";"332.27";"RÃ¸dvin";"Glass";"14";"2.3733332"
"Vinmonopolet";"11200901";"Frederic Berne Beaujolais LantigniÃ© Granit Rose";"Frederic Berne Beaujolais LantigniÃ© Granit Rose";"2018";"149.9";"0.75";"199.87";"RÃ¸dvin";"Glass";"14";"1.427619"
"Vinmonopolet";"11201001";"Massolino Barbera d'Alba 2018";"Massolino Barbera d'Alba";"2018";"239.9";"0.75";"319.87";"RÃ¸dvin";"Glass";"14.5";"2.205977"
"Vinmonopolet";"11201101";"Massolino Langhe Nebbiolo 2017";"Massolino Langhe Nebbiolo";"2017";"264.9";"0.75";"353.2";"RÃ¸dvin";"Glass";"14.5";"2.435862"
"Vinmonopolet";"11201201";"Massolino Barolo";"Massolino Barolo";"2015";"399.9";"0.75";"533.2";"RÃ¸dvin";"Glass";"14";"3.8085713"
"Vinmonopolet";"11201301";"Massolino Barolo Margheria 2015";"Massolino Barolo Margheria";"2015";"699.9";"0.75";"933.2";"RÃ¸dvin";"Glass";"14.5";"6.435862"
"Vinmonopolet";"11201406";"Pilgrim Mencia";"Pilgrim Mencia";"2019";"469.9";"3";"156.63";"RÃ¸dvin";"Bag-in-box";"14";"1.1188095"
"Vinmonopolet";"11201505";"Massolino Barolo Vigna Rionda Riserva 2013";"Massolino Barolo Vigna Rionda Riserva";"2013";"1999";"1.5";"1332.67";"RÃ¸dvin";"Glass";"14";"9.519048"
"Vinmonopolet";"11201601";"Samuel Billaud Chablis Premier Cru Montee de Tonnerre 2017";"Samuel Billaud Chablis Premier Cru Montee de Tonnerre";"2017";"439.9";"0.75";"586.53";"White wine";"Glass";"13";"4.511795"
"Vinmonopolet";"11201701";"Bernhard Huber Malterdinger Weisswein 2017";"Bernhard Huber Malterdinger Weisswein";"2017";"369";"0.75";"492";"White wine";"Glass";"12.5";"3.936"
"Vinmonopolet";"11201801";"Salwey SpÃ¤tburgunder Kaiserstuhl 2015";"Salwey SpÃ¤tburgunder Kaiserstuhl";"2015";"288.8";"0.75";"385.07";"RÃ¸dvin";"Glass";"13";"2.9620512"
"Vinmonopolet";"11201901";"Salwey Kirchberg SpÃ¤tburgunder GG 2015";"Salwey Kirchberg SpÃ¤tburgunder GG";"2015";"524.9";"0.75";"699.87";"RÃ¸dvin";"Glass";"13";"5.38359"
"Vinmonopolet";"11202001";"Julia Bertram Ahrweiler SpÃ¤tburgunder 2017";"Julia Bertram Ahrweiler SpÃ¤tburgunder";"2017";"359";"0.75";"478.67";"RÃ¸dvin";"Glass";"12";"3.988889"
"Vinmonopolet";"11202101";"Julia Bertram Marienthaler Trotzenberg SpÃ¤tburgunder 2017";"Julia Bertram Marienthaler Trotzenberg SpÃ¤tburgunder";"2017";"589";"0.75";"785.33";"RÃ¸dvin";"Glass";"13";"6.0410256"
"Vinmonopolet";"11202201";"Jack Daniel's Legacy Edition 2";"Jack Daniel's Legacy Edition 2";"0";"454.9";"0.7";"649.86";"Whisky";"Glass";"43";"1.5112957"
"Vinmonopolet";"11202301";"Syrah by Julia Kemper 2012";"Syrah by Julia Kemper";"2012";"359.9";"0.75";"479.87";"RÃ¸dvin";"Glass";"13";"3.691282"
"Vinmonopolet";"11202401";"Julia Kemper Vinhas Selecionadas Blanc de Noir 2018";"Julia Kemper Vinhas Selecionadas Blanc de Noir";"2018";"229.9";"0.75";"306.53";"White wine";"Glass";"13";"2.3579485"
"Vinmonopolet";"11202502";"Dom. du Traginer Banyuls Rimage 2017";"Dom. du Traginer Banyuls Rimage";"2017";"265";"0.5";"530";"Fortified wine";"Glass";"15.5";"3.419355"
"Vinmonopolet";"11202701";"Massimo Rattaliono Langhe Nebbiolo Ventisei26 2017";"Massimo Rattaliono Langhe Nebbiolo Ventisei26";"2017";"289.9";"0.75";"386.53";"RÃ¸dvin";"Glass";"13.5";"2.8632097"
"Vinmonopolet";"11202801";"Manzone Barbera d'Alba Le Ciliegie";"Manzone Barbera d'Alba Le Ciliegie";"2017";"259.9";"0.75";"346.53";"RÃ¸dvin";"Glass";"14.5";"2.389885"
"Vinmonopolet";"11203001";"Contino Gran Reserva";"Contino Gran Reserva";"2012";"549.9";"0.75";"733.2";"RÃ¸dvin";"Glass";"13.5";"5.4311113"
"Vinmonopolet";"11203101";"Sandara Sparkling Rosato";"Sandara Sparkling Rosato";"2000";"114.9";"0.75";"153.2";"Perlende vin, rosÃ©";"Glass";"5.5";"2.7854545"
"Vinmonopolet";"11203201";"Finca La Emperatriz Reserva 2014";"Finca La Emperatriz Reserva";"2014";"259.9";"0.75";"346.53";"RÃ¸dvin";"Glass";"14";"2.475238"
"Vinmonopolet";"11203301";"Philippe Colin Chassagne-Montrachet Les ChÃªnes";"Philippe Colin Chassagne-Montrachet Les ChÃªnes";"2017";"399.9";"0.75";"533.2";"RÃ¸dvin";"Glass";"13";"4.101538"
"Vinmonopolet";"11203401";"Philippe Colin Chassagne-Montrachet 1er Cru Les Chenevottes";"Philippe Colin Chassagne-Montrachet 1er Cru Les Chenevottes";"2017";"689.9";"0.75";"919.87";"White wine";"Glass";"13.5";"6.8138275"
"Vinmonopolet";"11203501";"Philippe Colin Chassagne-Montrachet 1er Cru Les Vergers";"Philippe Colin Chassagne-Montrachet 1er Cru Les Vergers";"2017";"689.9";"0.75";"919.87";"White wine";"Glass";"13.5";"6.8138275"
"Vinmonopolet";"11203601";"Philippe Colin Maranges 1er Cru La FussiÃ¨re";"Philippe Colin Maranges 1er Cru La FussiÃ¨re";"2017";"419.9";"0.75";"559.87";"RÃ¸dvin";"Glass";"13.5";"4.1471605"
"Vinmonopolet";"11203701";"Philippe Colin Chassagne-Montrachet 1er Cru En Remilly";"Philippe Colin Chassagne-Montrachet 1er Cru En Remilly";"2017";"699.9";"0.75";"933.2";"White wine";"Glass";"13.5";"6.912593"
"Vinmonopolet";"11203801";"Philippe Colin Chassagne-Montrachet 1er Cru Les Chaum es Clos St.Abdon";"Philippe Colin Chassagne-Montrachet 1er Cru Les Chaum es Clos St.Abdon";"2017";"689.9";"0.75";"919.87";"White wine";"Glass";"13.5";"6.8138275"
"Vinmonopolet";"11203901";"Calvet Sparkling Brut";"Calvet Sparkling Brut";"2018";"109.9";"0.75";"146.53";"Sparkling wine";"Glass";"11.5";"1.274203"
"Vinmonopolet";"11204001";"Balvenie 12 YO American Oak";"Balvenie 12 YO American Oak";"0";"699.9";"0.7";"999.86";"Whisky";"Glass";"43";"2.3252492"
"Vinmonopolet";"11204101";"Balvenie 14 YO Week of Peat";"Balvenie 14 YO Week of Peat";"0";"899.9";"0.7";"1285.57";"Whisky";"Glass";"48.3";"2.6616387"
"Vinmonopolet";"11204201";"Stemmari Pinot Noir";"Stemmari Pinot Noir";"2018";"149.9";"0.75";"199.87";"RÃ¸dvin";"Glass";"12.5";"1.5989332"
"Vinmonopolet";"11204305";"AutrÃ©au de Champillon Premier Cru Brut";"AutrÃ©au de Champillon Premier Cru Brut";"0";"739.9";"1.5";"493.27";"Champagne, brut";"Glass";"12.5";"3.9461334"
"Vinmonopolet";"11204401";"La Manufacture Benjamin Laroche Chablis 1er Cru Vau Ligneau 2017";"La Manufacture Benjamin Laroche Chablis 1er Cru Vau Ligneau";"2017";"359.9";"0.75";"479.87";"White wine";"Glass";"12.5";"3.8389332"
"Vinmonopolet";"11204507";"AutrÃ©au de Champillon Premier Cru Brut";"AutrÃ©au de Champillon Premier Cru Brut";"0";"2179.9";"3";"726.63";"Champagne, brut";"Glass";"12.5";"5.8130665"
"Vinmonopolet";"11204601";"Dom. Bruno Clair Morey St. Denis En La Rue de Vergy Blanc";"Dom. Bruno Clair Morey St. Denis En La Rue de Vergy Blanc";"2013";"609.8";"0.75";"813.07";"White wine";"Glass";"13";"6.254359"
"Vinmonopolet";"11204701";"Argilla Red 2016";"Argilla Red";"2016";"194.9";"0.75";"259.87";"RÃ¸dvin";"Glass";"12.5";"2.0789332"
"Vinmonopolet";"11204801";"Argilla White 2016";"Argilla White";"2016";"194.9";"0.75";"259.87";"White wine";"Glass";"12.5";"2.0789332"
"Vinmonopolet";"11204901";"Schiavenza Barolo Broglio 2015";"Schiavenza Barolo Broglio";"2015";"425";"0.75";"566.67";"RÃ¸dvin";"Glass";"14.5";"3.908046"
"Vinmonopolet";"11205001";"Schiavenza Barolo Prapo 2015";"Schiavenza Barolo Prapo";"2015";"529";"0.75";"705.33";"RÃ¸dvin";"Glass";"14.5";"4.864368"
"Vinmonopolet";"11205101";"Schiavenza Barolo Broglio Riserva 2012";"Schiavenza Barolo Broglio Riserva";"2012";"749";"0.75";"998.67";"RÃ¸dvin";"Glass";"14.5";"6.8873563"
"Vinmonopolet";"11205201";"Schiavenza Barolo Cerretta 2015";"Schiavenza Barolo Cerretta";"2015";"458.9";"0.75";"611.87";"RÃ¸dvin";"Glass";"15";"4.079111"
"Vinmonopolet";"11205301";"Schiavenza Barolo Prapo Riserva 2012";"Schiavenza Barolo Prapo Riserva";"2012";"839";"0.75";"1118.67";"RÃ¸dvin";"Glass";"14.5";"7.7149425"
"Vinmonopolet";"11205405";"Finca La Emperatriz Crianza 2015";"Finca La Emperatriz Crianza";"2015";"399.9";"1.5";"266.6";"RÃ¸dvin";"Glass";"13.5";"1.9748148"
"Vinmonopolet";"11205507";"Finca La Emperatriz Crianza 2015";"Finca La Emperatriz Crianza";"2015";"1299.9";"3";"433.3";"RÃ¸dvin";"Glass";"13.5";"3.2096298"
"Vinmonopolet";"11205607";"Finca La Emperatriz Crianza 2014";"Finca La Emperatriz Crianza";"2014";"2039.9";"5";"407.98";"RÃ¸dvin";"Glass";"14";"2.9141428"
"Vinmonopolet";"11205705";"Finca La Emperatriz Reserva 2013";"Finca La Emperatriz Reserva";"2013";"529.9";"1.5";"353.27";"RÃ¸dvin";"Glass";"14";"2.5233335"
"Vinmonopolet";"11205801";"M. Chapoutier ChÃ¢teauneuf-du-Pape Croix de Bois 2008";"M. Chapoutier ChÃ¢teauneuf-du-Pape Croix de Bois";"2008";"795";"0.75";"1060";"RÃ¸dvin";"Glass";"14";"7.571429"
"Vinmonopolet";"11205901";"Louis Jadot Nuits-Saint-Georges Boudots 2011";"Louis Jadot Nuits-Saint-Georges Boudots";"2011";"794.3";"0.75";"1059.07";"RÃ¸dvin";"Glass";"13.5";"7.8449383"
"Vinmonopolet";"11206001";"Louis Jadot Pommard 1er Cru Rugiens";"Louis Jadot Pommard 1er Cru Rugiens";"2016";"749";"0.75";"998.67";"RÃ¸dvin";"Glass";"13.5";"7.397531"
"Vinmonopolet";"11206101";"Dom. Tour Saint Michel ChÃ¢teauneuf-du-Pape CuvÃ©e des deux Soeurs 2016";"Dom. Tour Saint Michel ChÃ¢teauneuf-du-Pape CuvÃ©e des deux Soeurs";"2016";"384.9";"0.75";"513.2";"RÃ¸dvin";"Glass";"15.5";"3.3109677"
"Vinmonopolet";"11206201";"Alfrocheiro em Talha de Argilla 2016";"Alfrocheiro em Talha de Argilla";"2016";"289.9";"0.75";"386.53";"RÃ¸dvin";"Glass";"12.5";"3.0922666"
"Vinmonopolet";"11206301";"Quinta do Noval Vintage 2017";"Quinta do Noval Vintage";"2017";"799";"0.75";"1065.33";"Port wine";"Glass";"19.5";"5.463248"
"Vinmonopolet";"11206402";"Matthiasson Napa Valley Sweet Vermouth No. 3";"Matthiasson Napa Valley Sweet Vermouth No. 3";"0";"369";"0.38";"984";"Vermouth";"Glass";"17";"5.7120743"
"Vinmonopolet";"11206501";"Matthiasson Napa Valley Dead Fred Vineyard Cabernet Sauvignon 2016";"Matthiasson Napa Valley Dead Fred Vineyard Cabernet Sauvignon";"2016";"839";"0.75";"1118.67";"RÃ¸dvin";"Glass";"13.2";"8.474748"
"Vinmonopolet";"11206601";"Matthiasson Russian River Limerick Lane Vineyard Zinfandel 2016";"Matthiasson Russian River Limerick Lane Vineyard Zinfandel";"2016";"497.7";"0.75";"663.6";"RÃ¸dvin";"Glass";"12.8";"5.1843753"
"Vinmonopolet";"11206801";"Reverchon Riesling Brut";"Reverchon Riesling Brut";"0";"190";"0.75";"253.33";"Sparkling wine";"Glass";"12";"2.1111112"
"Vinmonopolet";"11206901";"Reverchon Filzener Herrenberg Riesling Alte Reben 2017";"Reverchon Filzener Herrenberg Riesling Alte Reben";"2017";"264.9";"0.75";"353.2";"White wine";"Glass";"12";"2.9433331"
"Vinmonopolet";"11207101";"Ockfener Bockstein Riesling Kabinett Feinherb 2018";"Ockfener Bockstein Riesling Kabinett Feinherb";"2018";"199.9";"0.75";"266.53";"White wine";"Glass";"11.5";"2.317681"
"Vinmonopolet";"11207201";"Crudo Prosecco";"Crudo Prosecco";"2018";"164.9";"0.75";"219.87";"Sparkling wine";"Glass";"11.5";"1.911884"
"Vinmonopolet";"11207301";"Dom. Tour Saint Michel ChÃ¢teauneuf-du-Pape CuvÃ©e du Lion 2016";"Dom. Tour Saint Michel ChÃ¢teauneuf-du-Pape CuvÃ©e du Lion";"2016";"459.9";"0.75";"613.2";"RÃ¸dvin";"Glass";"15.6";"3.930769"
"Vinmonopolet";"11207401";"Ventenac Le Paria";"Ventenac Le Paria";"2018";"179.9";"0.75";"239.87";"RÃ¸dvin";"Glass";"13.5";"1.77679"
"Vinmonopolet";"11207501";"Ventenac L'Idiot";"Ventenac L'Idiot";"2018";"179.9";"0.75";"239.87";"RÃ¸dvin";"Glass";"14";"1.7133332"
"Vinmonopolet";"11207601";"Ventenac Puritaine Syrah";"Ventenac Puritaine Syrah";"2017";"289.9";"0.75";"386.53";"RÃ¸dvin";"Glass";"13.5";"2.8632097"
"Vinmonopolet";"11207701";"Ventenac L'Intrus";"Ventenac L'Intrus";"2018";"179.5";"0.75";"239.33";"RÃ¸dvin";"Glass";"13.5";"1.7728395"
"Vinmonopolet";"11207801";"Luzon Verdecillo Monastrell 2018";"Luzon Verdecillo Monastrell";"2018";"159.7";"0.75";"212.93";"RÃ¸dvin";"Glass";"14";"1.5209523"
"Vinmonopolet";"11207905";"Dom. Tour Saint Michel ChÃ¢teauneuf-du-Pape CuvÃ©e des deux Soeurs 2016";"Dom. Tour Saint Michel ChÃ¢teauneuf-du-Pape CuvÃ©e des deux Soeurs";"2016";"1019.9";"1.5";"679.93";"RÃ¸dvin";"Glass";"15.5";"4.386667"
"Vinmonopolet";"11208001";"Oxer Bastegieta Kalamity 2015";"Oxer Bastegieta Kalamity";"2015";"1294.8";"0.75";"1726.4";"RÃ¸dvin";"Glass";"14.5";"11.906207"
"Vinmonopolet";"11208101";"Piaggia Il Sasso Carmignano 2017";"Piaggia Il Sasso Carmignano";"2017";"359";"0.75";"478.67";"RÃ¸dvin";"Glass";"14.5";"3.3011494"
"Vinmonopolet";"11208201";"Piaggia Poggio de Colli 2016";"Piaggia Poggio de Colli";"2016";"558.9";"0.75";"745.2";"RÃ¸dvin";"Glass";"14.5";"5.1393104"
"Vinmonopolet";"11208305";"Dom. Tour Saint Michel ChÃ¢teauneuf-du-Pape CuvÃ©e Feminessance 2016";"Dom. Tour Saint Michel ChÃ¢teauneuf-du-Pape CuvÃ©e Feminessance";"2016";"1129.9";"1.5";"753.27";"RÃ¸dvin";"Glass";"15.5";"4.859785"
"Vinmonopolet";"11208401";"Dom. Tour Saint Michel ChÃ¢teauneuf-du-Pape Feminessance 2016";"Dom. Tour Saint Michel ChÃ¢teauneuf-du-Pape Feminessance";"2016";"569.9";"0.75";"759.87";"RÃ¸dvin";"Glass";"15.5";"4.9023657"
"Vinmonopolet";"11208501";"Massimo Rattalino Nebbiolo d'Alba Ventisette27 2016";"Massimo Rattalino Nebbiolo d'Alba Ventisette27";"2016";"324.9";"0.75";"433.2";"RÃ¸dvin";"Glass";"14.5";"2.9875863"
"Vinmonopolet";"11208601";"Quinta de Porrais";"Quinta de Porrais";"2018";"199.9";"0.75";"266.53";"RÃ¸dvin";"Glass";"14.5";"1.8381609"
"Vinmonopolet";"11208702";"PardubickÃ½ Porter";"PardubickÃ½ Porter";"0";"47.3";"0.33";"143.33";"Porter and stout";"Glass";"8";"1.7916665"
"Vinmonopolet";"11208801";"Cigarra Touriga Nacional";"Cigarra Touriga Nacional";"2018";"169.9";"0.75";"226.53";"RÃ¸dvin";"Glass";"14.5";"1.5622988"
"Vinmonopolet";"11208901";"Cigarra Alvarinho";"Cigarra Alvarinho";"2018";"139.9";"0.75";"186.53";"White wine";"Glass";"12.5";"1.4922667"
"Vinmonopolet";"11209002";"Kaapse Matador";"Kaapse Matador";"0";"49.9";"0.33";"151.21";"MÃ¸rk lager";"Glass";"6.5";"2.3263402"
"Vinmonopolet";"11209102";"Kaapse Jane New England Saison";"Kaapse Jane New England Saison";"0";"62.8";"0.33";"190.3";"Saison farmhouse ale";"Glass";"7.5";"2.5373735"
"Vinmonopolet";"11209201";"Coursodon Saint-Joseph Le Paradis Saint-Pierre 2017";"Coursodon Saint-Joseph Le Paradis Saint-Pierre";"2017";"629.9";"0.75";"839.87";"RÃ¸dvin";"Glass";"15";"5.5991116"
"Vinmonopolet";"11209301";"Coursodon Saint-Joseph L'Olivaie 2017";"Coursodon Saint-Joseph L'Olivaie";"2017";"329.8";"0.75";"439.73";"RÃ¸dvin";"Glass";"14.5";"3.0326436"
"Vinmonopolet";"11209401";"Henry Natter Sancerre Rouge 2017";"Henry Natter Sancerre Rouge";"2017";"239.9";"0.75";"319.87";"RÃ¸dvin";"Glass";"12.5";"2.5589333"
"Vinmonopolet";"11209501";"Ca' del Baio Barbaresco Asili 2016";"Ca' del Baio Barbaresco Asili";"2016";"399.9";"0.75";"533.2";"RÃ¸dvin";"Glass";"15";"3.5546665"
"Vinmonopolet";"11209601";"Clos Saint Michel ChÃ¢teauneuf-du-Pape 2016";"Clos Saint Michel ChÃ¢teauneuf-du-Pape";"2016";"399.9";"0.75";"533.2";"RÃ¸dvin";"Glass";"14.5";"3.6772413"
"Vinmonopolet";"11209701";"Massimo Rattalino Barbaresco Quarantadue42 2015";"Massimo Rattalino Barbaresco Quarantadue42";"2015";"474.9";"0.75";"633.2";"RÃ¸dvin";"Glass";"14";"4.522857"
"Vinmonopolet";"11209801";"Massimo Rattalino Barbaresco Quarantacinque45 Riserva 2013";"Massimo Rattalino Barbaresco Quarantacinque45 Riserva";"2013";"679.9";"0.75";"906.53";"RÃ¸dvin";"Glass";"13.5";"6.715062"
"Vinmonopolet";"11209901";"Massimo Rattalino Barolo 37Trentasette Riserva 2011";"Massimo Rattalino Barolo 37Trentasette Riserva";"2011";"739.9";"0.75";"986.53";"RÃ¸dvin";"Glass";"14.5";"6.8036785"
"Vinmonopolet";"11210005";"Massimo Rattalino Barbaresco Quarantadue42 2015";"Massimo Rattalino Barbaresco Quarantadue42";"2015";"1019.9";"1.5";"679.93";"RÃ¸dvin";"Glass";"14.5";"4.6891956"
"Vinmonopolet";"11210105";"Massimo Rattalino Barolo Trentaquattro34 2013";"Massimo Rattalino Barolo Trentaquattro34";"2013";"1109.9";"1.5";"739.93";"RÃ¸dvin";"Glass";"14.5";"5.1029887"
"Vinmonopolet";"11210205";"Massimo Rattalino Langhe Nebbiolo Ventisei26 2015";"Massimo Rattalino Langhe Nebbiolo Ventisei26";"2015";"599.9";"1.5";"399.93";"RÃ¸dvin";"Glass";"13.5";"2.9624693"
"Vinmonopolet";"11210305";"Massimo Rattalino Nebbiolo d'Alba Ventisette27 2015";"Massimo Rattalino Nebbiolo d'Alba Ventisette27";"2015";"754.9";"1.5";"503.27";"RÃ¸dvin";"Glass";"14";"3.594762"
"Vinmonopolet";"11210401";"Massimo Rattalino Barolo Serralunga d'Alba Novantuno91 2013";"Massimo Rattalino Barolo Serralunga d'Alba Novantuno91";"2013";"639.9";"0.75";"853.2";"RÃ¸dvin";"Glass";"14";"6.094286"
"Vinmonopolet";"11210501";"Riolanc Crianza 2015";"Riolanc Crianza";"2015";"179.9";"0.75";"239.87";"RÃ¸dvin";"Glass";"13.5";"1.77679"
"Vinmonopolet";"11210601";"Mendieta Osaba Mendi 2016";"Mendieta Osaba Mendi";"2016";"209.9";"0.75";"279.87";"RÃ¸dvin";"Glass";"13.5";"2.0730863"
"Vinmonopolet";"11210801";"Mendieta Osaba Mendi 2016";"Mendieta Osaba Mendi";"2016";"279.9";"0.75";"373.2";"RÃ¸dvin";"Glass";"13.5";"2.7644444"
"Vinmonopolet";"11210901";"Mendieta Osaba Mendi 2018";"Mendieta Osaba Mendi";"2018";"159.9";"0.75";"213.2";"RÃ¸dvin";"Glass";"13.5";"1.5792592"
"Vinmonopolet";"11211001";"Dom. Guy Mousset CÃ´tes de RhÃ´ne 2017";"Dom. Guy Mousset CÃ´tes de RhÃ´ne";"2017";"219.9";"0.75";"293.2";"RÃ¸dvin";"Glass";"13";"2.2553844"
"Vinmonopolet";"11211101";"Dom. Tour Saint Michel ChÃ¢teauneuf-du-Pape Le Lien 2015";"Dom. Tour Saint Michel ChÃ¢teauneuf-du-Pape Le Lien";"2015";"739.9";"0.75";"986.53";"RÃ¸dvin";"Glass";"15.5";"6.3647313"
"Vinmonopolet";"11211201";"Dom. Tour Saint Michel ChÃ¢teauneuf-du-Pape CuvÃ©e du Lion 2015";"Dom. Tour Saint Michel ChÃ¢teauneuf-du-Pape CuvÃ©e du Lion";"2015";"469.9";"0.75";"626.53";"RÃ¸dvin";"Glass";"14.5";"4.3209195"
"Vinmonopolet";"11211301";"Dom. Tour Saint-Michel ChÃ¢teauneuf-du-Pape CuvÃ©e des deux Soeurs 2018";"Dom. Tour Saint-Michel ChÃ¢teauneuf-du-Pape CuvÃ©e des deux Soeurs";"2018";"379.9";"0.75";"506.53";"White wine";"Glass";"13";"3.8964102"
"Vinmonopolet";"11211401";"Malabaila di Canale Bric Volta Roero 2016";"Malabaila di Canale Bric Volta Roero";"2016";"279.9";"0.75";"373.2";"RÃ¸dvin";"Glass";"14";"2.6657143"
"Vinmonopolet";"11211501";"Malabaila di Canale Pradvaj Roero Arneis 2018";"Malabaila di Canale Pradvaj Roero Arneis";"2018";"279.9";"0.75";"373.2";"White wine";"Glass";"13.5";"2.7644444"
"Vinmonopolet";"11211601";"Malabaila di Canale Castelleto Roero Riserva 2014";"Malabaila di Canale Castelleto Roero Riserva";"2014";"399.9";"0.75";"533.2";"RÃ¸dvin";"Glass";"14";"3.8085713"
"Vinmonopolet";"11211605";"Malabaila di Canale Castelleto Roero Riserva 2014";"Malabaila di Canale Castelleto Roero Riserva";"2014";"899.9";"1.5";"599.93";"RÃ¸dvin";"Glass";"14";"4.2852383"
"Vinmonopolet";"11211701";"Edouard Delaunay Septembre Bourgogne Chardonnay";"Edouard Delaunay Septembre Bourgogne Chardonnay";"2017";"229.9";"0.75";"306.53";"White wine";"Glass";"12.5";"2.4522667"
"Vinmonopolet";"11211801";"Edouard Delaunay Bourgogne CÃ´te-d'Or Pinot Noir";"Edouard Delaunay Bourgogne CÃ´te-d'Or Pinot Noir";"2019";"319.9";"0.75";"426.53";"RÃ¸dvin";"Glass";"12.5";"3.4122665"
"Vinmonopolet";"11211901";"Edouard Delaunay Septembre Bourgogne Pinot Noir";"Edouard Delaunay Septembre Bourgogne Pinot Noir";"2017";"239.9";"0.75";"319.87";"RÃ¸dvin";"Glass";"12.5";"2.5589333"
"Vinmonopolet";"11212001";"Edouard Delaunay Bourgogne CÃ´te-d'Or Chardonnay";"Edouard Delaunay Bourgogne CÃ´te-d'Or Chardonnay";"2017";"319.9";"0.75";"426.53";"White wine";"Glass";"12.5";"3.4122665"
"Vinmonopolet";"11212301";"Pascal ClÃ©ment Bourgogne Chardonnay 2018";"Pascal ClÃ©ment Bourgogne Chardonnay";"2018";"259.9";"0.75";"346.53";"White wine";"Glass";"12.5";"2.7722666"
"Vinmonopolet";"11212305";"Pascal ClÃ©ment Bourgogne Chardonnay 2018";"Pascal ClÃ©ment Bourgogne Chardonnay";"2018";"525";"1.5";"350";"White wine";"Glass";"12.5";"2.8"
"Vinmonopolet";"11212401";"Jan Matthias Klein Little Bastard 2018";"Jan Matthias Klein Little Bastard";"2018";"249.9";"0.75";"333.2";"White wine";"Glass";"11.5";"2.8973913"
"Vinmonopolet";"11212501";"Pascal ClÃ©ment Savigny-les-Beaune 2017";"Pascal ClÃ©ment Savigny-les-Beaune";"2017";"369.9";"0.75";"493.2";"RÃ¸dvin";"Glass";"13";"3.7938461"
"Vinmonopolet";"11212601";"Pascal ClÃ©ment Pernand-Vergelesses 1er Cru Sous FrÃ©tilles 2017";"Pascal ClÃ©ment Pernand-Vergelesses 1er Cru Sous FrÃ©tilles";"2017";"499.9";"0.75";"666.53";"White wine";"Glass";"13";"5.1271796"
"Vinmonopolet";"11212801";"Clos Saint Michel ChÃ¢teauneuf-du-Pape 2010";"Clos Saint Michel ChÃ¢teauneuf-du-Pape";"2010";"669.9";"0.75";"893.2";"RÃ¸dvin";"Glass";"14.5";"6.1600003"
"Vinmonopolet";"11212901";"Dom. Guy Mousset CÃ´tes de RhÃ´ne Village Les Garrigues 2016";"Dom. Guy Mousset CÃ´tes de RhÃ´ne Village Les Garrigues";"2016";"274.9";"0.75";"366.53";"RÃ¸dvin";"Glass";"14.5";"2.527816"
"Vinmonopolet";"11213001";"Cristian Senez Brut Millesime 2002";"Cristian Senez Brut Millesime";"2002";"599";"0.75";"798.67";"Champagne, brut";"Glass";"12";"6.6555557"
"Vinmonopolet";"11213101";"Roger Manceaux RosÃ©";"Roger Manceaux RosÃ©";"0";"350";"0.75";"466.67";"Champagne, rosÃ©";"Glass";"12";"3.8888888"
"Vinmonopolet";"11213701";"Ch. du Mourre du Tendre CÃ´tes du RhÃ´ne CuvÃ©e Paul 2016";"Ch. du Mourre du Tendre CÃ´tes du RhÃ´ne CuvÃ©e Paul";"2016";"234.9";"0.75";"313.2";"RÃ¸dvin";"Glass";"13.5";"2.32"
"Vinmonopolet";"11213801";"Ch. du Mourre du Tendre Plan de Dieu CuvÃ©e Jacques 2016";"Ch. du Mourre du Tendre Plan de Dieu CuvÃ©e Jacques";"2016";"279.9";"0.75";"373.2";"RÃ¸dvin";"Glass";"14";"2.6657143"
"Vinmonopolet";"11213901";"Ch. du Mourre du Tendre ChÃ¢teauneuf-du-Pape CuvÃ©e Prestige 2014";"Ch. du Mourre du Tendre ChÃ¢teauneuf-du-Pape CuvÃ©e Prestige";"2014";"464.9";"0.75";"619.87";"RÃ¸dvin";"Glass";"14.5";"4.2749424"
"Vinmonopolet";"11214001";"Ch. du Mourre du Tendre ChÃ¢teauneuf-du-Pape CuvÃ©e Prestige 2015";"Ch. du Mourre du Tendre ChÃ¢teauneuf-du-Pape CuvÃ©e Prestige";"2015";"464.9";"0.75";"619.87";"RÃ¸dvin";"Glass";"14.5";"4.2749424"
"Vinmonopolet";"11214101";"Ch. du Mourre du Tendre ChÃ¢teauneuf-du-Pape CuvÃ©e Prestige 2016";"Ch. du Mourre du Tendre ChÃ¢teauneuf-du-Pape CuvÃ©e Prestige";"2016";"464.9";"0.75";"619.87";"RÃ¸dvin";"Glass";"14.5";"4.2749424"
"Vinmonopolet";"11214301";"Finca La Emperatriz TerruÃ±o 2015";"Finca La Emperatriz TerruÃ±o";"2015";"309.9";"0.75";"413.2";"RÃ¸dvin";"Glass";"14";"2.9514284"
"Vinmonopolet";"11214401";"Finca La Emperatriz Crianza 2015";"Finca La Emperatriz Crianza";"2015";"189.9";"0.75";"253.2";"RÃ¸dvin";"Glass";"13.5";"1.8755555"
"Vinmonopolet";"11214501";"Finca La Emperatriz Viura 2018";"Finca La Emperatriz Viura";"2018";"169.9";"0.75";"226.53";"White wine";"Glass";"13.5";"1.6780246"
"Vinmonopolet";"11214601";"Finca La Emperatriz Garnacha cepas viejas 2015";"Finca La Emperatriz Garnacha cepas viejas";"2015";"309.9";"0.75";"413.2";"RÃ¸dvin";"Glass";"14.5";"2.8496552"
"Vinmonopolet";"11214701";"Finca La Emperatriz Parcela no1 2015";"Finca La Emperatriz Parcela no1";"2015";"529.9";"0.75";"706.53";"RÃ¸dvin";"Glass";"14";"5.046667"
"Vinmonopolet";"11214801";"Hermanos Hernaiz El Pedal Tempranillo 2017";"Hermanos Hernaiz El Pedal Tempranillo";"2017";"189.9";"0.75";"253.2";"RÃ¸dvin";"Glass";"13.5";"1.8755555"
"Vinmonopolet";"11214901";"Hermanos HernÃ¡iz Las Cenizas 2016";"Hermanos HernÃ¡iz Las Cenizas";"2016";"289.9";"0.75";"386.53";"RÃ¸dvin";"Glass";"14";"2.7609522"
"Vinmonopolet";"11215001";"Ch. Capion Le Chemin des Garennes Blanc 2017";"Ch. Capion Le Chemin des Garennes Blanc";"2017";"269.9";"0.75";"359.87";"White wine";"Glass";"13.5";"2.665679"
"Vinmonopolet";"11215107";"AutrÃ©au de Champillon Premier Cru Brut";"AutrÃ©au de Champillon Premier Cru Brut";"0";"4389.9";"6";"731.65";"Champagne, brut";"Glass";"12.5";"5.8532"
"Vinmonopolet";"11215201";"Masi MoxxÃ© Pinot Grigio Ramato Brut 2018";"Masi MoxxÃ© Pinot Grigio Ramato Brut";"2018";"159.9";"0.75";"213.2";"Musserende vin, rosÃ©";"Glass";"12";"1.7766666"
"Vinmonopolet";"11215301";"Ch. AmpÃ©lia 2015";"Ch. AmpÃ©lia";"2015";"245";"0.75";"326.67";"RÃ¸dvin";"Glass";"14.5";"2.2528737"
"Vinmonopolet";"11215401";"Ch. Grand Corbin Despagne 2015";"Ch. Grand Corbin Despagne";"2015";"469.9";"0.75";"626.53";"RÃ¸dvin";"Glass";"14";"4.475238"
"Vinmonopolet";"11215501";"Becker Landgraf Herrgottspfad Riesling Trocken";"Becker Landgraf Herrgottspfad Riesling Trocken";"2017";"259.9";"0.75";"346.53";"White wine";"Glass";"12.5";"2.7722666"
"Vinmonopolet";"11215601";"Ch. FrÃ¨re Cadillac CÃ´tes de Bordeaux 2008";"Ch. FrÃ¨re Cadillac CÃ´tes de Bordeaux";"2008";"149.9";"0.75";"199.87";"RÃ¸dvin";"Glass";"13";"1.5374359"
"Vinmonopolet";"11215701";"Ch. Saint-Nicolas Fronsac 1999";"Ch. Saint-Nicolas Fronsac";"1999";"179.6";"0.75";"239.47";"RÃ¸dvin";"Glass";"12.5";"1.9157335"
"Vinmonopolet";"11215801";"Ch. Cadet Soutard Saint-Emilion Grand Cru 2008";"Ch. Cadet Soutard Saint-Emilion Grand Cru";"2008";"289.9";"0.75";"386.53";"RÃ¸dvin";"Glass";"13";"2.9733334"
"Vinmonopolet";"11215901";"Niepoort Natcool White Mug Branco 2017";"Niepoort Natcool White Mug Branco";"2017";"224.9";"1";"224.9";"White wine";"Glass";"11.5";"1.9556521"
"Vinmonopolet";"11216101";"Ch.Ksara Merwah";"Ch.Ksara Merwah";"2018";"189.9";"0.75";"253.2";"White wine";"Glass";"12.5";"2.0256"
"Vinmonopolet";"11216601";"Famiglia Marrone Favorita Langhe 2018";"Famiglia Marrone Favorita Langhe";"2018";"239";"0.75";"318.67";"White wine";"Glass";"13.5";"2.360494"
"Vinmonopolet";"11216701";"Ch.Ksara CuvÃ©e du Pape Chardonnay";"Ch.Ksara CuvÃ©e du Pape Chardonnay";"2016";"239.9";"0.75";"319.87";"White wine";"Glass";"13.5";"2.3693826"
"Vinmonopolet";"11216901";"Seigneurs D'Aiguilhe 2016";"Seigneurs D'Aiguilhe";"2016";"239.9";"0.75";"319.87";"RÃ¸dvin";"Glass";"14";"2.284762"
"Vinmonopolet";"11217001";"Dom. Combier Crozes-Hermitage 2017";"Dom. Combier Crozes-Hermitage";"2017";"278";"0.75";"370.67";"RÃ¸dvin";"Glass";"13.5";"2.745679"
"Vinmonopolet";"11217101";"Matthias Gaul Steinrassel Pinot Noir";"Matthias Gaul Steinrassel Pinot Noir";"2017";"369";"0.75";"492";"RÃ¸dvin";"Glass";"13.5";"3.6444445"
"Vinmonopolet";"11217202";"Quaglia Elixir Limoncello";"Quaglia Elixir Limoncello";"0";"299.9";"0.5";"599.8";"LikÃ¸r";"Glass";"28";"2.1421428"
"Vinmonopolet";"11217301";"Famiglia Marrone Barbaresco 2015";"Famiglia Marrone Barbaresco";"2015";"459";"0.75";"612";"RÃ¸dvin";"Glass";"14.5";"4.22069"
"Vinmonopolet";"11217401";"Famiglia Marrone Dolcetto d'Alba 2018";"Famiglia Marrone Dolcetto d'Alba";"2018";"239";"0.75";"318.67";"RÃ¸dvin";"Glass";"13.5";"2.360494"
"Vinmonopolet";"11217501";"Sierra Cantabria Garnacha 2016";"Sierra Cantabria Garnacha";"2016";"219";"0.75";"292";"RÃ¸dvin";"Glass";"15";"1.9466667"
"Vinmonopolet";"11217901";"Giacomelli Forramoro Chianti 2007";"Giacomelli Forramoro Chianti";"2007";"199";"0.75";"265.33";"RÃ¸dvin";"Glass";"13.5";"1.965432"
"Vinmonopolet";"11218002";"Strega Liquore di Liquirizia Amarelli";"Strega Liquore di Liquirizia Amarelli";"0";"275";"0.5";"550";"LikÃ¸r";"Glass";"25";"2.2"
"Vinmonopolet";"11218101";"Quinta do Monte Xisto 2016";"Quinta do Monte Xisto";"2016";"399.8";"0.75";"533.07";"RÃ¸dvin";"Glass";"13.5";"3.9486418"
"Vinmonopolet";"11218201";"Joseph Drouhin Saint-Aubin Premier Cru";"Joseph Drouhin Saint-Aubin Premier Cru";"2017";"459";"0.75";"612";"White wine";"Glass";"13";"4.707692"
"Vinmonopolet";"11218302";"Bastidon Pastis";"Bastidon Pastis";"0";"269.9";"0.5";"539.8";"Other spirit";"Glass";"45";"1.1995555"
"Vinmonopolet";"11218702";"PÃµhjala Kosmos NEIPA";"PÃµhjala Kosmos NEIPA";"0";"49.9";"0.33";"151.21";"India pale ale";"Glass";"5.5";"2.7493112"
"Vinmonopolet";"11218902";"PÃµhjala x Other Half HÃ¤marik Porter";"PÃµhjala x Other Half HÃ¤marik Porter";"0";"69.9";"0.33";"211.82";"Porter and stout";"Glass";"12";"1.7651515"
"Vinmonopolet";"11219002";"Voss Bryggeri x Haandbryggeriet Haand i HÃ¥nd";"Voss Bryggeri x Haandbryggeriet Haand i HÃ¥nd";"0";"72.3";"0.33";"219.09";"Special";"Metall";"6.5";"3.3706293"
"Vinmonopolet";"11219101";"San Luis Silver Tequila";"San Luis Silver Tequila";"0";"339";"0.7";"484.29";"Fruit spirit";"Glass";"35";"1.3836735"
"Vinmonopolet";"11219201";"San Luis Gold Tequila";"San Luis Gold Tequila";"0";"349";"0.7";"498.57";"Fruit spirit";"Glass";"35";"1.4244899"
"Vinmonopolet";"11219301";"Berneroy XO";"Berneroy XO";"0";"499";"0.7";"712.86";"Fruit spirit";"Glass";"40";"1.7821429"
"Vinmonopolet";"11219302";"Berneroy Calvados XO";"Berneroy Calvados XO";"0";"249";"0.35";"711.43";"Fruit spirit";"Glass";"40";"1.7785715"
"Vinmonopolet";"11219401";"Wente Beyer Ranch Zinfandel 2015";"Wente Beyer Ranch Zinfandel";"2015";"215";"0.75";"286.67";"RÃ¸dvin";"Glass";"13.5";"2.1234567"
"Vinmonopolet";"11219501";"MarquÃ©s de CÃ¡ceres Cava Brut";"MarquÃ©s de CÃ¡ceres Cava Brut";"0";"145";"0.75";"193.33";"Sparkling wine";"Glass";"11.5";"1.6811594"
"Vinmonopolet";"11219901";"Strega Liquore di CaffÃ¨ Kimbo";"Strega Liquore di CaffÃ¨ Kimbo";"0";"389";"0.7";"555.71";"LikÃ¸r";"Glass";"30";"1.852381"
"Vinmonopolet";"11220001";"Ch. Ksara Ksarak";"Ch. Ksara Ksarak";"0";"599";"0.7";"855.71";"Other spirit";"Glass";"53";"1.6145552"
"Vinmonopolet";"11220101";"Mas Doix Salanques 2016";"Mas Doix Salanques";"2016";"440.2";"0.75";"586.93";"RÃ¸dvin";"Glass";"14.5";"4.0478163"
"Vinmonopolet";"11220201";"Mas Doix Les Crestes 2017";"Mas Doix Les Crestes";"2017";"272.6";"0.75";"363.47";"RÃ¸dvin";"Glass";"14.5";"2.5066667"
"Vinmonopolet";"11220301";"Cervoles Blanc 2017";"Cervoles Blanc";"2017";"293.3";"0.75";"391.07";"White wine";"Glass";"14.5";"2.6970115"
"Vinmonopolet";"11220401";"Pazo SeÃ±orans ColecciÃ³n AlbariÃ±o 2015";"Pazo SeÃ±orans ColecciÃ³n AlbariÃ±o";"2015";"269.1";"0.75";"358.8";"White wine";"Glass";"12.5";"2.8704"
"Vinmonopolet";"11220501";"Pazo SeÃ±orans SelecciÃ³n AÃ±ada 2010";"Pazo SeÃ±orans SelecciÃ³n AÃ±ada";"2010";"467.8";"0.75";"623.73";"White wine";"Glass";"13.5";"4.620247"
"Vinmonopolet";"11220601";"J.B. Becker Wallufer Walkenberg SpÃ¤tburgunder SpÃ¤tlese Trocken 2016";"J.B. Becker Wallufer Walkenberg SpÃ¤tburgunder SpÃ¤tlese Trocken";"2016";"361";"0.75";"481.33";"RÃ¸dvin";"Glass";"13.5";"3.565432"
"Vinmonopolet";"11220705";"J.B. Becker Wallufer Walkenberg SpÃ¤tburgunder 2015";"J.B. Becker Wallufer Walkenberg SpÃ¤tburgunder";"2015";"936";"1.5";"624";"RÃ¸dvin";"Glass";"14.5";"4.303448"
"Vinmonopolet";"11220801";"Raddeck Sekt Trocken 2016";"Raddeck Sekt Trocken";"2016";"208.4";"0.75";"277.87";"Sparkling wine";"Glass";"11.5";"2.4162319"
"Vinmonopolet";"11221001";"Lisa Bunn Fraugarten Riesling Sekt Brut 2016";"Lisa Bunn Fraugarten Riesling Sekt Brut";"2016";"302";"0.75";"402.67";"Sparkling wine";"Glass";"12";"3.3555555"
"Vinmonopolet";"11221101";"Clos Pons Flocs Cava Reserva";"Clos Pons Flocs Cava Reserva";"2017";"169.4";"0.75";"225.87";"Sparkling wine";"Glass";"11.5";"1.9640579"
"Vinmonopolet";"11221201";"Camino del Peregrino AlbariÃ±o 2017";"Camino del Peregrino AlbariÃ±o";"2017";"201.2";"0.75";"268.27";"White wine";"Glass";"13.5";"1.9871604"
"Vinmonopolet";"11221301";"Puppi Barbarot BÃ¡rbara Palacios 2016";"Puppi Barbarot BÃ¡rbara Palacios";"2016";"234.5";"0.75";"312.67";"RÃ¸dvin";"Glass";"14";"2.2333333"
"Vinmonopolet";"11221401";"Hacienda Lopez de Haro Gran Reserva 2001";"Hacienda Lopez de Haro Gran Reserva";"2001";"386";"0.75";"514.67";"RÃ¸dvin";"Glass";"14";"3.6761904"
"Vinmonopolet";"11221502";"Oslo Brewing Barley Wine";"Oslo Brewing Barley Wine";"0";"85";"0.33";"257.58";"Barley wine	";"Glass";"11.5";"2.239789"
"Vinmonopolet";"11221701";"Olivier Horiot RosÃ© des Riceys En Barmont 2015";"Olivier Horiot RosÃ© des Riceys En Barmont";"2015";"426.9";"0.75";"569.2";"RosÃ©vin";"Glass";"12";"4.7433333"
"Vinmonopolet";"11221801";"Olivier Horiot SÃ©ve RosÃ© de SaignÃ©e Brut Nature 2012";"Olivier Horiot SÃ©ve RosÃ© de SaignÃ©e Brut Nature";"2012";"514.9";"0.75";"686.53";"Champagne, rosÃ©";"Glass";"12";"5.7211113"
"Vinmonopolet";"11222001";"Olivier Horiot SÃ©ve Blanc de Noirs Brut Nature 2013";"Olivier Horiot SÃ©ve Blanc de Noirs Brut Nature";"2013";"514.9";"0.75";"686.53";"Champagne extra brut";"Glass";"12";"5.7211113"
"Vinmonopolet";"11222101";"Olivier Horiot 5 Sens Brut Nature";"Olivier Horiot 5 Sens Brut Nature";"2013";"689.9";"0.75";"919.87";"Champagne extra brut";"Glass";"12";"7.665556"
"Vinmonopolet";"11222305";"Voghera Barbaresco CottÃ¡ 2016";"Voghera Barbaresco CottÃ¡";"2016";"579.9";"1.5";"386.6";"RÃ¸dvin";"Glass";"14.5";"2.666207"
"Vinmonopolet";"11222401";"Tillingham White";"Tillingham White";"2018";"249.9";"0.75";"333.2";"White wine";"Glass";"10.5";"3.1733332"
"Vinmonopolet";"11222501";"Philippe Glavier La Grace d'Hakamiah";"Philippe Glavier La Grace d'Hakamiah";"2013";"615.3";"0.75";"820.4";"Champagne extra brut";"Glass";"12";"6.8366666"
"Vinmonopolet";"11222601";"Tillingham Chardonnay";"Tillingham Chardonnay";"2018";"379.9";"0.75";"506.53";"White wine";"Glass";"12";"4.221111"
"Vinmonopolet";"11222701";"Tillingham End Grain";"Tillingham End Grain";"2017";"309.9";"0.75";"413.2";"White wine";"Glass";"10.5";"3.9352381"
"Vinmonopolet";"11222801";"Tillingham Col 2018";"Tillingham Col";"2018";"349.9";"0.75";"466.53";"Sparkling wine";"Glass";"11.5";"4.0568113"
"Vinmonopolet";"11222902";"Pedro XimÃ©nez Monteagvdo";"Pedro XimÃ©nez Monteagvdo";"0";"152.9";"0.38";"407.73";"Sherry";"Glass";"17.5";"2.299248"
"Vinmonopolet";"11223001";"Cosmic Vinyaters Gratitud Negre";"Cosmic Vinyaters Gratitud Negre";"2018";"349.9";"0.75";"466.53";"RÃ¸dvin";"Glass";"12.5";"3.7322667"
"Vinmonopolet";"11223201";"Cosmic Vinyaters PassiÃ³";"Cosmic Vinyaters PassiÃ³";"2018";"369.9";"0.75";"493.2";"RÃ¸dvin";"Glass";"12.5";"3.9456"
"Vinmonopolet";"11223601";"Bousquet Malbec Reserve 2018";"Bousquet Malbec Reserve";"2018";"199.9";"0.75";"266.53";"RÃ¸dvin";"Glass";"14.5";"1.8381609"
"Vinmonopolet";"11223701";"La Salada La Fusta";"La Salada La Fusta";"2018";"319.9";"0.75";"426.53";"White wine";"Glass";"13";"3.2810256"
"Vinmonopolet";"11223901";"GabriÃ«lskloof Magdalena Semillon Sauvignon Blanc";"GabriÃ«lskloof Magdalena Semillon Sauvignon Blanc";"2017";"349.9";"0.75";"466.53";"White wine";"Glass";"14";"3.332381"
"Vinmonopolet";"11224001";"GabriÃ«lskloof Elodie Chenin Blanc";"GabriÃ«lskloof Elodie Chenin Blanc";"2018";"349.9";"0.75";"466.53";"White wine";"Glass";"13";"3.588718"
"Vinmonopolet";"11224101";"Fonterenza Brunello di Montalcino 2014";"Fonterenza Brunello di Montalcino";"2014";"599.9";"0.75";"799.87";"RÃ¸dvin";"Glass";"13.5";"5.9249387"
"Vinmonopolet";"11224201";"Cosmic Vinyaters Vitalitat";"Cosmic Vinyaters Vitalitat";"2018";"289.9";"0.75";"386.53";"Sparkling white wine";"Glass";"10.5";"3.6812696"
"Vinmonopolet";"11224401";"Lectores Pomagrana";"Lectores Pomagrana";"2018";"229.9";"0.75";"306.53";"RÃ¸dvin";"Glass";"11.5";"2.665507"
"Vinmonopolet";"11224501";"Berthelemot Monthelie Red 2017";"Berthelemot Monthelie Red";"2017";"349";"0.75";"465.33";"RÃ¸dvin";"Glass";"13.5";"3.4469135"
"Vinmonopolet";"11224601";"Berthelemot Monthelie White 2017";"Berthelemot Monthelie White";"2017";"379";"0.75";"505.33";"White wine";"Glass";"13";"3.8871794"
"Vinmonopolet";"11224701";"Berthelemot Beaune Longbois White 2017";"Berthelemot Beaune Longbois White";"2017";"389";"0.75";"518.67";"White wine";"Glass";"12.5";"4.1493335"
"Vinmonopolet";"11224801";"Millstone 92 Rye Whisky";"Millstone 92 Rye Whisky";"0";"689.9";"0.7";"985.57";"Whisky";"Glass";"46";"2.1425467"
"Vinmonopolet";"11224902";"ABK6 Grande Champagne";"ABK6 Grande Champagne";"1990";"1250";"0.5";"2500";"Grape spirit";"Glass";"46";"5.4347825"
"Vinmonopolet";"11225001";"Dom. de Villeneuve ChÃ¢teauneuf-du-pape Les Vieille Vignes 2016";"Dom. de Villeneuve ChÃ¢teauneuf-du-pape Les Vieille Vignes";"2016";"432";"0.75";"576";"RÃ¸dvin";"Glass";"14.5";"3.9724138"
"Vinmonopolet";"11225005";"Dom. de Villeneuve ChÃ¢teauneuf-du-pape Les Vieille Vignes 2016";"Dom. de Villeneuve ChÃ¢teauneuf-du-pape Les Vieille Vignes";"2016";"826.8";"1.5";"551.2";"RÃ¸dvin";"Glass";"14.5";"3.8013792"
"Vinmonopolet";"11225201";"Penfolds RWT Barossa Valley Shiraz 2017";"Penfolds RWT Barossa Valley Shiraz";"2017";"949.9";"0.75";"1266.53";"RÃ¸dvin";"Glass";"14.5";"8.734713"
"Vinmonopolet";"11225301";"Penfolds Grandfather Rare Tawny 20 YO";"Penfolds Grandfather Rare Tawny 20 YO";"0";"899.9";"0.75";"1199.87";"Fortified wine";"Glass";"20";"5.9993334"
"Vinmonopolet";"11225401";"19 Crimes Chardonnay";"19 Crimes Chardonnay";"2019";"129.9";"0.75";"173.2";"White wine";"Glass";"13";"1.3323076"
"Vinmonopolet";"11225701";"Dei Madonna della Querce Vino Nobile di Montepulciano 2015";"Dei Madonna della Querce Vino Nobile di Montepulciano";"2015";"549";"0.75";"732";"RÃ¸dvin";"Glass";"15";"4.88"
"Vinmonopolet";"11225802";"Crux Chablis 2018";"Crux Chablis";"2018";"99.9";"0.38";"266.4";"White wine";"Glass";"12";"2.1907895"
"Vinmonopolet";"11225901";"Lugana Casetto 2017";"Lugana Casetto";"2017";"177.3";"0.75";"236.4";"White wine";"Glass";"13.5";"1.7511111"
"Vinmonopolet";"11226001";"Finca Azaya Premium 2012";"Finca Azaya Premium";"2012";"227.1";"0.75";"302.8";"RÃ¸dvin";"Glass";"14";"2.1628573"
"Vinmonopolet";"11226101";"Alto Las Pizarras del JalÃ³n 2016";"Alto Las Pizarras del JalÃ³n";"2016";"159";"0.75";"212";"RÃ¸dvin";"Glass";"14";"1.5142857"
"Vinmonopolet";"11226201";"Doniene Gorrondona Txakolina Blanco 2018";"Doniene Gorrondona Txakolina Blanco";"2018";"268.9";"0.75";"358.53";"White wine";"Glass";"11.5";"3.117681"
"Vinmonopolet";"11226301";"Sorentberg Riesling Rotschiefer";"Sorentberg Riesling Rotschiefer";"2017";"239";"0.75";"318.67";"White wine";"Glass";"12";"2.6555555"
"Vinmonopolet";"11226401";"Julius Treis Riesling Trocken";"Julius Treis Riesling Trocken";"2018";"189";"0.75";"252";"White wine";"Glass";"12.5";"2.016"
"Vinmonopolet";"11226501";"Julius Treis Riesling Alte Reben Trocken";"Julius Treis Riesling Alte Reben Trocken";"2017";"219";"0.75";"292";"White wine";"Glass";"12.5";"2.336"
"Vinmonopolet";"11226701";"Antoniolo Erbaluce di Caluso";"Antoniolo Erbaluce di Caluso";"2018";"179";"0.75";"238.67";"White wine";"Glass";"12";"1.9888889"
"Vinmonopolet";"11226801";"CÃ  dei Frati Ronchedone";"CÃ  dei Frati Ronchedone";"2016";"239";"0.75";"318.67";"RÃ¸dvin";"Glass";"14.5";"2.1977012"
"Vinmonopolet";"11226901";"CÃ  dei Frati Pietro dal Cero Amarone 2012";"CÃ  dei Frati Pietro dal Cero Amarone";"2012";"649";"0.75";"865.33";"RÃ¸dvin";"Glass";"16";"5.4083333"
"Vinmonopolet";"11227001";"Cosmopolitan Diva Berry Fusion";"Cosmopolitan Diva Berry Fusion";"0";"99.9";"0.75";"133.2";"Fruit wine";"Glass";"5.5";"2.4218183"
"Vinmonopolet";"11227101";"Barone Montalto Organic Rosso 2018";"Barone Montalto Organic Rosso";"2018";"117.9";"0.75";"153.2";"RÃ¸dvin";"Emballasje med pant";"13.5";"1.1644444"
"Vinmonopolet";"11227201";"M. Chapoutier Ermitage Le Pavillon Rouge 2008";"M. Chapoutier Ermitage Le Pavillon Rouge";"2008";"1995";"0.75";"2660";"RÃ¸dvin";"Glass";"14";"19"
"Vinmonopolet";"11227301";"Louis Jadot Vosne-RomanÃ©e Premier Cru Les Suchots";"Louis Jadot Vosne-RomanÃ©e Premier Cru Les Suchots";"2016";"1094.9";"0.75";"1459.87";"RÃ¸dvin";"Glass";"13.5";"10.8138275"
"Vinmonopolet";"11227401";"Louis Jadot Vosne-RomanÃ©e Premier Cru Les Chaumes";"Louis Jadot Vosne-RomanÃ©e Premier Cru Les Chaumes";"2016";"1094.9";"0.75";"1459.87";"RÃ¸dvin";"Glass";"13.5";"10.8138275"
"Vinmonopolet";"11227501";"Pillot Chassagne-Montrachet 1er Cru Grandes Ruchottes 2017";"Pillot Chassagne-Montrachet 1er Cru Grandes Ruchottes";"2017";"729";"0.75";"972";"White wine";"Glass";"13.5";"7.2"
"Vinmonopolet";"11227601";"Pillot Chassagne-Montrachet 1er Cru Vide Bourse 2017";"Pillot Chassagne-Montrachet 1er Cru Vide Bourse";"2017";"649";"0.75";"865.33";"White wine";"Glass";"13.5";"6.4098763"
"Vinmonopolet";"11227701";"Pillot Bourgogne AligotÃ© 2017";"Pillot Bourgogne AligotÃ©";"2017";"239";"0.75";"318.67";"White wine";"Glass";"12.5";"2.5493333"
"Vinmonopolet";"11227801";"Pillot Beaune 1er Cru Boucherottes 2017";"Pillot Beaune 1er Cru Boucherottes";"2017";"479";"0.75";"638.67";"RÃ¸dvin";"Glass";"13.5";"4.730864"
"Vinmonopolet";"11227901";"Pillot Bourgogne Pinot Noir 2017";"Pillot Bourgogne Pinot Noir";"2017";"269";"0.75";"358.67";"RÃ¸dvin";"Glass";"13";"2.7589743"
"Vinmonopolet";"11228001";"Pillot Chassagne-Montrachet 1er Cru Les Champgains 2017";"Pillot Chassagne-Montrachet 1er Cru Les Champgains";"2017";"559";"0.75";"745.33";"White wine";"Glass";"13.5";"5.5209875"
"Vinmonopolet";"11228101";"Pillot Chassagne-Montrachet 2017";"Pillot Chassagne-Montrachet";"2017";"459";"0.75";"612";"White wine";"Glass";"13.5";"4.5333333"
"Vinmonopolet";"11228201";"Pillot Chassagne-Montrachet Vieilles Vignes 2017";"Pillot Chassagne-Montrachet Vieilles Vignes";"2017";"379";"0.75";"505.33";"RÃ¸dvin";"Glass";"13.5";"3.7432098"
"Vinmonopolet";"11228301";"Pillot Meursault 1er Cru Les Caillerets 2017";"Pillot Meursault 1er Cru Les Caillerets";"2017";"639";"0.75";"852";"White wine";"Glass";"13.5";"6.311111"
"Vinmonopolet";"11228401";"Pillot Chassagne-Montrachet 1er Cru Morgeot 2017";"Pillot Chassagne-Montrachet 1er Cru Morgeot";"2017";"559";"0.75";"745.33";"White wine";"Glass";"13.5";"5.5209875"
"Vinmonopolet";"11228501";"Pillot Puligny-Montrachet Noyers Brets 2017";"Pillot Puligny-Montrachet Noyers Brets";"2017";"489";"0.75";"652";"White wine";"Glass";"13.5";"4.8296294"
"Vinmonopolet";"11228601";"Pillot Pommard 1er Cru Rugiens 2017";"Pillot Pommard 1er Cru Rugiens";"2017";"769";"0.75";"1025.33";"RÃ¸dvin";"Glass";"13.5";"7.595062"
"Vinmonopolet";"11228701";"Pillot Bourgogne Chardonnay 2017";"Pillot Bourgogne Chardonnay";"2017";"269";"0.75";"358.67";"White wine";"Glass";"13";"2.7589743"
"Vinmonopolet";"11229801";"Fiorenzo Nada Barbaresco 2016";"Fiorenzo Nada Barbaresco";"2016";"394";"0.75";"525.33";"RÃ¸dvin";"Glass";"14.5";"3.6229885"
"Vinmonopolet";"11229901";"Fiorenzo Nada Barbaresco Montaribaldi 2015";"Fiorenzo Nada Barbaresco Montaribaldi";"2015";"600";"0.75";"800";"RÃ¸dvin";"Glass";"14.5";"5.5172415"
"Vinmonopolet";"11230001";"Baigorri Tempranillo 2018";"Baigorri Tempranillo";"2018";"206.2";"0.75";"274.93";"RÃ¸dvin";"Glass";"14.5";"1.8960919"
"Vinmonopolet";"11230301";"Ca'Botta Torcinato Valpolicella Superiore";"Ca'Botta Torcinato Valpolicella Superiore";"2014";"264";"0.75";"352";"RÃ¸dvin";"Glass";"15";"2.3466666"
"Vinmonopolet";"11230601";"Ca'Botta Le Pergolette Veronese Garganega Bianco";"Ca'Botta Le Pergolette Veronese Garganega Bianco";"2017";"239.8";"0.75";"319.73";"White wine";"Glass";"14";"2.2838097"
"Vinmonopolet";"11230701";"Ca'Botta Cerviero Rosso Veneto";"Ca'Botta Cerviero Rosso Veneto";"2015";"254";"0.75";"338.67";"RÃ¸dvin";"Glass";"14.5";"2.335632"
"Vinmonopolet";"11230801";"Ca'Botta Tenuta Costa Rossa Valpolicella Ripasso Superiore";"Ca'Botta Tenuta Costa Rossa Valpolicella Ripasso Superiore";"2014";"289";"0.75";"385.33";"RÃ¸dvin";"Glass";"14.5";"2.6574712"
"Vinmonopolet";"11230901";"Ca'Botta Tenuta Cajo Amarone della Valpolicella";"Ca'Botta Tenuta Cajo Amarone della Valpolicella";"2014";"469.8";"0.75";"626.4";"RÃ¸dvin";"Glass";"16";"3.915"
"Vinmonopolet";"11231001";"Pillot Coteaux Bourguignons 2017";"Pillot Coteaux Bourguignons";"2017";"199";"0.75";"265.33";"RÃ¸dvin";"Glass";"12";"2.211111"
"Vinmonopolet";"11231101";"Pillot Pommard 1er Cru Clos de Verger";"Pillot Pommard 1er Cru Clos de Verger";"2017";"559";"0.75";"745.33";"RÃ¸dvin";"Glass";"13.5";"5.5209875"
"Vinmonopolet";"11231201";"Pillot Pommard 1er Cru Les Charmots 2017";"Pillot Pommard 1er Cru Les Charmots";"2017";"679";"0.75";"905.33";"RÃ¸dvin";"Glass";"13.5";"6.706173"
"Vinmonopolet";"11231301";"Pillot Santenay Les Prarons Dessus";"Pillot Santenay Les Prarons Dessus";"2017";"329";"0.75";"438.67";"RÃ¸dvin";"Glass";"13.5";"3.2493827"
"Vinmonopolet";"11231401";"Pillot Pommard Tavannes 2017";"Pillot Pommard Tavannes";"2017";"429";"0.75";"572";"RÃ¸dvin";"Glass";"13.5";"4.237037"
"Vinmonopolet";"11231501";"Pillot Chassagne-Montrachet 1er Cru Les Vergers 2017";"Pillot Chassagne-Montrachet 1er Cru Les Vergers";"2017";"559";"0.75";"745.33";"White wine";"Glass";"13.5";"5.5209875"
"Vinmonopolet";"11231601";"Pillot Volnay 2017";"Pillot Volnay";"2017";"429";"0.75";"572";"RÃ¸dvin";"Glass";"13.5";"4.237037"
"Vinmonopolet";"11231701";"Pillot Chassagne-Montrachet Les ChÃªnes 2017";"Pillot Chassagne-Montrachet Les ChÃªnes";"2017";"469";"0.75";"625.33";"White wine";"Glass";"13.5";"4.6320987"
"Vinmonopolet";"11231801";"Pillot Chassagne-Montrachet 1er Cru Les Fairendes 2017";"Pillot Chassagne-Montrachet 1er Cru Les Fairendes";"2017";"559";"0.75";"745.33";"White wine";"Glass";"13.5";"5.5209875"
"Vinmonopolet";"11231901";"Pillot Saint-Aubin 1er Cru Sentier du Clou 2017";"Pillot Saint-Aubin 1er Cru Sentier du Clou";"2017";"399";"0.75";"532";"White wine";"Glass";"13.5";"3.9407408"
"Vinmonopolet";"11232001";"Berthelemot Meursault 2017";"Berthelemot Meursault";"2017";"489";"0.75";"652";"White wine";"Glass";"13";"5.0153847"
"Vinmonopolet";"11232101";"Berthelemot Meursault Les Tillets 2017";"Berthelemot Meursault Les Tillets";"2017";"529";"0.75";"705.33";"White wine";"Glass";"13";"5.425641"
"Vinmonopolet";"11232201";"Berthelemot Beaune 1er Cru Clos des Mouches 2017";"Berthelemot Beaune 1er Cru Clos des Mouches";"2017";"699";"0.75";"932";"White wine";"Glass";"13";"7.169231"
"Vinmonopolet";"11232401";"Pascal Lambert Le Chenin de l'Interdit";"Pascal Lambert Le Chenin de l'Interdit";"2016";"365";"0.75";"486.67";"White wine";"Glass";"12";"4.0555553"
"Vinmonopolet";"11232601";"Black Sheep Finds Holus-Bolus Syrah 2016";"Black Sheep Finds Holus-Bolus Syrah";"2016";"358";"0.75";"477.33";"RÃ¸dvin";"Glass";"14";"3.4095237"
"Vinmonopolet";"11232701";"Black Sheep Finds Holus-Bolus Presqu'ile Syrah 2017";"Black Sheep Finds Holus-Bolus Presqu'ile Syrah";"2017";"429";"0.75";"572";"RÃ¸dvin";"Glass";"13.5";"4.237037"
"Vinmonopolet";"11232901";"Johan Vineyard GrÃ¼ner Veltliner";"Johan Vineyard GrÃ¼ner Veltliner";"2017";"299";"0.75";"398.67";"White wine";"Glass";"13.6";"2.9313724"
"Vinmonopolet";"11233001";"Les Vignes OubliÃ©es Terrasses du Larzac 2017";"Les Vignes OubliÃ©es Terrasses du Larzac";"2017";"299";"0.75";"398.67";"RÃ¸dvin";"Glass";"14.5";"2.7494252"
"Vinmonopolet";"11233101";"Pillot Chassagne-Montrachet 1er Cru Morgeot 2017";"Pillot Chassagne-Montrachet 1er Cru Morgeot";"2017";"469";"0.75";"625.33";"RÃ¸dvin";"Glass";"13.5";"4.6320987"
"Vinmonopolet";"11233201";"Berthelemot Puligny-Montrachet 1er Cru La Garenne 2017";"Berthelemot Puligny-Montrachet 1er Cru La Garenne";"2017";"689";"0.75";"918.67";"White wine";"Glass";"13";"7.0666666"
"Vinmonopolet";"11233301";"Berthelemot Chassagne-Montrachet 1er Cru Abbaye de Morgeot 2017";"Berthelemot Chassagne-Montrachet 1er Cru Abbaye de Morgeot";"2017";"649";"0.75";"865.33";"White wine";"Glass";"13";"6.65641"
"Vinmonopolet";"11233401";"Berthelemot Puligny-Montrachet Les Levrons 2017";"Berthelemot Puligny-Montrachet Les Levrons";"2017";"519";"0.75";"692";"White wine";"Glass";"13";"5.3230767"
"Vinmonopolet";"11233501";"Berthelemot Beaune 1er Cru Les GrÃ¨ves 2017";"Berthelemot Beaune 1er Cru Les GrÃ¨ves";"2017";"439";"0.75";"585.33";"RÃ¸dvin";"Glass";"13.5";"4.3358026"
"Vinmonopolet";"11233601";"Berthelemot Pommard Noizons 2017";"Berthelemot Pommard Noizons";"2017";"439";"0.75";"585.33";"RÃ¸dvin";"Glass";"13";"4.502564"
"Vinmonopolet";"11233701";"Berthelemot Beaune 1er Cru Clos des Mouches 2017";"Berthelemot Beaune 1er Cru Clos des Mouches";"2017";"699";"0.75";"932";"RÃ¸dvin";"Glass";"13.5";"6.9037037"
"Vinmonopolet";"11233902";"Sprint Distillery Crema di Liquerizia";"Sprint Distillery Crema di Liquerizia";"0";"199.9";"0.5";"399.8";"LikÃ¸r";"Glass";"17";"2.3517647"
"Vinmonopolet";"11234002";"Sprint Distillery Chocolate Orange";"Sprint Distillery Chocolate Orange";"0";"199.9";"0.5";"399.8";"LikÃ¸r";"Glass";"17";"2.3517647"
"Vinmonopolet";"11234201";"Les Vignes OubliÃ©es Languedoc 2018";"Les Vignes OubliÃ©es Languedoc";"2018";"260";"0.75";"346.67";"RÃ¸dvin";"Glass";"14";"2.4761906"
"Vinmonopolet";"11234301";"AdegamÃ¤e Lisboa Valley Selection White 2018";"AdegamÃ¤e Lisboa Valley Selection White";"2018";"169.9";"0.75";"226.53";"White wine";"Glass";"12.5";"1.8122666"
"Vinmonopolet";"11234401";"AdegamÃ¤e Lisboa Valley Selection Red 2018";"AdegamÃ¤e Lisboa Valley Selection Red";"2018";"169.9";"0.75";"226.53";"RÃ¸dvin";"Glass";"13.5";"1.6780246"
"Vinmonopolet";"11234506";"AdegamÃ¤e Pinta Negra Tinto";"AdegamÃ¤e Pinta Negra Tinto";"2018";"419.9";"3";"139.97";"RÃ¸dvin";"Bag-in-box";"13.5";"1.0367901"
"Vinmonopolet";"11234606";"AdegamÃ¤e Pinta Negra Branco 2018";"AdegamÃ¤e Pinta Negra Branco";"2018";"419.9";"3";"139.97";"White wine";"Bag-in-box";"12.5";"1.1197333"
"Vinmonopolet";"11234701";"Ca'Botta Le Poggie Veneto Bianco";"Ca'Botta Le Poggie Veneto Bianco";"2017";"204.5";"0.75";"272.67";"White wine";"Glass";"13.5";"2.019753"
"Vinmonopolet";"11234801";"Ca'Botta Rubicondo Verona Rosso";"Ca'Botta Rubicondo Verona Rosso";"2017";"198";"0.75";"264";"RÃ¸dvin";"Glass";"13.5";"1.9555556"
"Vinmonopolet";"11235001";"Ca'Botta Valpolicella Ripasso";"Ca'Botta Valpolicella Ripasso";"2017";"224";"0.75";"298.67";"RÃ¸dvin";"Glass";"13.5";"2.2123456"
"Vinmonopolet";"11235102";"Filou Belgian Ale";"Filou Belgian Ale";"0";"58";"0.33";"175.76";"Light ale";"Glass";"8.5";"2.0677361"
"Vinmonopolet";"11235202";"Evil Twin/Omnipollo Old Fashioned Lemonade IPA";"Evil Twin/Omnipollo Old Fashioned Lemonade IPA";"0";"59.9";"0.35";"168.73";"India pale ale";"Metall";"7";"2.4448981"
"Vinmonopolet";"11235302";"Evil Twin/Jackie O You're in the jungle baby! Imperial Stout";"Evil Twin/Jackie O You're in the jungle baby! Imperial Stout";"0";"115";"0.35";"323.94";"Porter and stout";"Metall";"12";"2.7380953"
"Vinmonopolet";"11235402";"Omnipollo Aniara Lemon Pale Ale";"Omnipollo Aniara Lemon Pale Ale";"0";"65";"0.33";"196.97";"Pale ale";"Metall";"6";"3.282828"
"Vinmonopolet";"11235502";"Evil Twin/Praire Bible Belt Imperial Stout";"Evil Twin/Praire Bible Belt Imperial Stout";"0";"168";"0.47";"355.18";"Porter and stout";"Metall";"13";"2.7495909"
"Vinmonopolet";"11235701";"Judeka Cerasuolo Di Vittoria";"Judeka Cerasuolo Di Vittoria";"2018";"249.9";"0.75";"333.2";"RÃ¸dvin";"Glass";"14";"2.3799999"
"Vinmonopolet";"11235801";"Fiorelli Spritz";"Fiorelli Spritz";"0";"99.9";"0.75";"133.2";"Flavoured wine	";"Glass";"7";"1.9028572"
"Vinmonopolet";"11235901";"Judeka Frabianco";"Judeka Frabianco";"2018";"229.9";"0.75";"306.53";"White wine";"Glass";"12.5";"2.4522667"
"Vinmonopolet";"11236001";"Jonty's Ducks Pekin Red 2014";"Jonty's Ducks Pekin Red";"2014";"227.9";"0.75";"303.87";"RÃ¸dvin";"Glass";"14";"2.1704762"
"Vinmonopolet";"11236101";"Samsara Syrah 2009";"Samsara Syrah";"2009";"399.9";"0.75";"533.2";"RÃ¸dvin";"Glass";"14";"3.8085713"
"Vinmonopolet";"11236205";"Palmer Grands Terroirs 2003";"Palmer Grands Terroirs";"2003";"3669.9";"1.5";"2446.6";"Champagne, brut";"Glass";"12";"20.388332"
"Vinmonopolet";"11236301";"Bruno Clair Marsannay Les Grasses Tetes";"Bruno Clair Marsannay Les Grasses Tetes";"2013";"441.9";"0.75";"589.2";"RÃ¸dvin";"Glass";"13";"4.5323076"
"Vinmonopolet";"11236507";"Kruger-Rumpf Abtei Rupertsberg Riesling Trocken 2018";"Kruger-Rumpf Abtei Rupertsberg Riesling Trocken";"2018";"1119.9";"3";"373.3";"White wine";"Glass";"12.5";"2.9864001"
"Vinmonopolet";"11236601";"Dom. David-Beaupere Julienas La Bottiere 2018";"Dom. David-Beaupere Julienas La Bottiere";"2018";"299.9";"0.75";"399.87";"RÃ¸dvin";"Glass";"13.5";"2.9619753"
"Vinmonopolet";"11236701";"Dom. David-Beaupere Julienas Vayolette 2017";"Dom. David-Beaupere Julienas Vayolette";"2017";"334.9";"0.75";"446.53";"RÃ¸dvin";"Glass";"13.5";"3.3076541"
"Vinmonopolet";"11236901";"Rabasco Lu Fregnett 2019";"Rabasco Lu Fregnett";"2019";"199.9";"0.75";"266.53";"RÃ¸dvin";"Glass";"11";"2.4230301"
"Vinmonopolet";"11237001";"Rabasco Cancellino Bianco 2019";"Rabasco Cancellino Bianco";"2019";"199.9";"0.75";"266.53";"White wine";"Glass";"10";"2.6653333"
"Vinmonopolet";"11237201";"Rabasco Cancelli Rosso 2019";"Rabasco Cancelli Rosso";"2019";"214.9";"0.75";"286.53";"RÃ¸dvin";"Glass";"12";"2.3877778"
"Vinmonopolet";"11237601";"Bruxo X Mezcal";"Bruxo X Mezcal";"0";"651.1";"0.7";"930.14";"Fruit spirit";"Glass";"40";"2.3253572"
"Vinmonopolet";"11237701";"Rinomato L'Aperitivo Deciso";"Rinomato L'Aperitivo Deciso";"0";"367.6";"1";"367.6";"Other spirit";"Glass";"14";"2.6257143"
"Vinmonopolet";"11237801";"Rinomato, Americano Bianco";"Rinomato, Americano Bianco";"0";"417.9";"1";"417.9";"Flavoured wine	";"Glass";"17";"2.4582353"
"Vinmonopolet";"11237901";"Otto's Athens Vermouth";"Otto's Athens Vermouth";"0";"356.4";"0.75";"475.2";"Vermouth";"Glass";"17";"2.795294"
"Vinmonopolet";"11238006";"Ken Forrester Pinotage";"Ken Forrester Pinotage";"2019";"439.9";"3";"146.63";"RÃ¸dvin";"Bag-in-box";"13.5";"1.0861728"
"Vinmonopolet";"11238101";"Queen of Kings Blanc de Noir Brut";"Queen of Kings Blanc de Noir Brut";"0";"178";"0.75";"237.33";"Sparkling wine";"Glass";"11.5";"2.0637681"
"Vinmonopolet";"11238201";"Franco Francesco Nebbiolo d'Alba 2017";"Franco Francesco Nebbiolo d'Alba";"2017";"225";"0.75";"300";"RÃ¸dvin";"Glass";"13.5";"2.2222223"
"Vinmonopolet";"11238301";"Franco Francesco Barolo 2014";"Franco Francesco Barolo";"2014";"349.8";"0.75";"466.4";"RÃ¸dvin";"Glass";"14";"3.3314285"
"Vinmonopolet";"11238401";"Clos Puy Arnaud Les Ormeaux 2015";"Clos Puy Arnaud Les Ormeaux";"2015";"350";"0.75";"466.67";"RÃ¸dvin";"Glass";"14";"3.3333333"
"Vinmonopolet";"11238501";"Tissot CrÃ©mant du Jura Blanc de Noir";"Tissot CrÃ©mant du Jura Blanc de Noir";"2019";"359.9";"0.75";"479.87";"Sparkling wine";"Glass";"12.5";"3.8389332"
"Vinmonopolet";"11238601";"Rudolf May Himmelspfad Langenberg Silvaner GG 2017";"Rudolf May Himmelspfad Langenberg Silvaner GG";"2017";"579.9";"0.75";"773.2";"White wine";"Glass";"13";"5.9476924"
"Vinmonopolet";"11238701";"Ch. Coupe-Roses Bastide 2018";"Ch. Coupe-Roses Bastide";"2018";"179.9";"0.75";"239.87";"RÃ¸dvin";"Glass";"13.5";"1.77679"
"Vinmonopolet";"11238801";"Clos Puy Arnaud 2015";"Clos Puy Arnaud";"2015";"500";"0.75";"666.67";"RÃ¸dvin";"Glass";"14";"4.7619047"
"Vinmonopolet";"11238901";"Clos Puy Arnaud CuvÃ©e Bistrot 2017";"Clos Puy Arnaud CuvÃ©e Bistrot";"2017";"300";"0.75";"400";"RÃ¸dvin";"Glass";"13";"3.0769231"
"Vinmonopolet";"11239001";"Clos Puy Arnaud CuvÃ©e Pervenche 2016";"Clos Puy Arnaud CuvÃ©e Pervenche";"2016";"325";"0.75";"433.33";"RÃ¸dvin";"Glass";"14";"3.0952382"
"Vinmonopolet";"11239101";"Coltibuono RS Chianti Classico 2017";"Coltibuono RS Chianti Classico";"2017";"209.9";"0.75";"279.87";"RÃ¸dvin";"Glass";"13";"2.1528203"
"Vinmonopolet";"11239202";"Goldberg Moscow Mule";"Goldberg Moscow Mule";"0";"44.9";"0.33";"136.06";"Other spirit";"Metall";"5";"2.7212121"
"Vinmonopolet";"11239302";"Haandbryggeriet Haandbakk";"Haandbryggeriet Haandbakk";"0";"132.9";"0.38";"354.4";"SurÃ¸l";"Glass";"6.7";"5.219953"
"Vinmonopolet";"11239402";"Haandbryggeriet Funk Hop Citra";"Haandbryggeriet Funk Hop Citra";"0";"54.7";"0.33";"165.76";"India pale ale";"Glass";"7.5";"2.210101"
"Vinmonopolet";"11239501";"Macatela GlÃ¼hwein";"Macatela GlÃ¼hwein";"2019";"138.8";"0.75";"185.07";"Flavoured wine	";"Glass";"11";"1.6824243"
"Vinmonopolet";"11239601";"Dom. Pichard Madiran 2007";"Dom. Pichard Madiran";"2007";"349";"0.75";"465.33";"RÃ¸dvin";"Glass";"14";"3.3238096"
"Vinmonopolet";"11239705";"Dom. Pichard Madiran 2009";"Dom. Pichard Madiran";"2009";"799";"1.5";"532.67";"RÃ¸dvin";"Glass";"14.5";"3.6735632"
"Vinmonopolet";"11240102";"Nomad x The Brewery Sticky Handshake";"Nomad x The Brewery Sticky Handshake";"0";"89.9";"0.5";"179.8";"Brown ale";"Metall";"11";"1.6345454"
"Vinmonopolet";"11240202";"To Ãl Saft";"To Ãl Saft";"0";"53.9";"0.33";"163.33";"India pale ale";"Glass";"5.5";"2.969697"
"Vinmonopolet";"11240705";"Ch. Soudars 2005";"Ch. Soudars";"2005";"719.9";"1.5";"479.93";"RÃ¸dvin";"Glass";"13";"3.691795"
"Vinmonopolet";"11240801";"Ellena Dolcetto d'Alba 2017";"Ellena Dolcetto d'Alba";"2017";"214.8";"0.75";"286.4";"RÃ¸dvin";"Glass";"13.5";"2.1214814"
"Vinmonopolet";"11240901";"Colpasso Nero d'Avola Sicilia 2018";"Colpasso Nero d'Avola Sicilia";"2018";"149.9";"0.75";"199.87";"RÃ¸dvin";"Glass";"14";"1.427619"
"Vinmonopolet";"11241001";"Colpasso Fiano Terre Siciliane 2018";"Colpasso Fiano Terre Siciliane";"2018";"149.9";"0.75";"199.87";"White wine";"Glass";"12.5";"1.5989332"
"Vinmonopolet";"11241101";"Faustino Art Collection";"Faustino Art Collection";"2013";"179.9";"0.75";"239.87";"RÃ¸dvin";"Glass";"13.5";"1.77679"
"Vinmonopolet";"11241801";"Riffel Scharlachberg Riesling Trocken";"Riffel Scharlachberg Riesling Trocken";"2016";"371.9";"0.75";"495.87";"White wine";"Glass";"13";"3.814359"
"Vinmonopolet";"11241902";"St. Hallvards System of a brown";"St. Hallvards System of a brown";"0";"67.9";"0.33";"205.76";"Brown ale";"Metall";"6.3";"3.265993"
"Vinmonopolet";"11242002";"St. Hallvards Gulosten Pale Ale";"St. Hallvards Gulosten Pale Ale";"0";"54.9";"0.33";"166.36";"Pale ale";"Glass";"5.5";"3.0247934"
"Vinmonopolet";"11242601";"Louis Jadot Pommard 1er Cru Clos de la Commaraine 2016";"Louis Jadot Pommard 1er Cru Clos de la Commaraine";"2016";"749";"0.75";"998.67";"RÃ¸dvin";"Glass";"13.5";"7.397531"
"Vinmonopolet";"11242701";"Louis Jadot Clos Saint-Denis Grand Cru 2016";"Louis Jadot Clos Saint-Denis Grand Cru";"2016";"2595";"0.75";"3460";"RÃ¸dvin";"Glass";"13.5";"25.62963"
"Vinmonopolet";"11242801";"Kloster Eberbach Rauentaler Baiken Riesling Auslese Goldkapsel 2001";"Kloster Eberbach Rauentaler Baiken Riesling Auslese Goldkapsel";"2001";"969.9";"0.75";"1293.2";"White wine";"Glass";"9.5";"13.612632"
"Vinmonopolet";"11242901";"Kloster Eberbach Erbacher Siegelsberg Riesling Auslese Goldkapsel 1994";"Kloster Eberbach Erbacher Siegelsberg Riesling Auslese Goldkapsel";"1994";"895";"0.75";"1193.33";"White wine";"Glass";"8.5";"14.039216"
"Vinmonopolet";"11243001";"Kloster Eberbach Steinberger Riesling SpÃ¤tlese 2002";"Kloster Eberbach Steinberger Riesling SpÃ¤tlese";"2002";"695";"0.75";"926.67";"White wine";"Glass";"9";"10.296296"
"Vinmonopolet";"11243201";"Riffel Pet Nat Trocken";"Riffel Pet Nat Trocken";"2018";"274.5";"0.75";"366";"Sparkling white wine";"Glass";"10";"3.66"
"Vinmonopolet";"11243701";"Grappes & Terroirs Marius & Co Vacqueyras 2016";"Grappes & Terroirs Marius & Co Vacqueyras";"2016";"243";"0.75";"324";"RÃ¸dvin";"Glass";"15";"2.16"
"Vinmonopolet";"11243901";"Aasgaard Strandvin Montepulciano d'Abruzzo 2018";"Aasgaard Strandvin Montepulciano d'Abruzzo";"2018";"149";"0.75";"198.67";"RÃ¸dvin";"Glass";"13";"1.5282052"
"Vinmonopolet";"11244001";"Bruno Marino Vermouth";"Bruno Marino Vermouth";"0";"229.9";"0.75";"306.53";"Vermouth";"Glass";"16";"1.9158332"
"Vinmonopolet";"11244202";"Brasserie Dupont x Allagash Brewing Brewers Bridge";"Brasserie Dupont x Allagash Brewing Brewers Bridge";"0";"55";"0.33";"166.67";"Saison farmhouse ale";"Glass";"6.1";"2.7322404"
"Vinmonopolet";"11244302";"Buxton x J. Wakefield Coral Castle";"Buxton x J. Wakefield Coral Castle";"0";"79";"0.44";"179.55";"Porter and stout";"Metall";"8.5";"2.1122994"
"Vinmonopolet";"11244501";"Casa Rojo Musso Tempranillo 2018";"Casa Rojo Musso Tempranillo";"2018";"199.4";"0.75";"265.87";"RÃ¸dvin";"Glass";"14";"1.8990476"
"Vinmonopolet";"11244601";"3 Fonteinen Hommage";"3 Fonteinen Hommage";"0";"385";"0.75";"513.33";"SurÃ¸l";"Glass";"5.3";"9.6855345"
"Vinmonopolet";"11244802";"Lindheim Stein Imperial Stout";"Lindheim Stein Imperial Stout";"0";"130";"0.5";"260";"Porter and stout";"Glass";"10";"2.6"
"Vinmonopolet";"11244902";"BFM Saison A La Rhubarbe";"BFM Saison A La Rhubarbe";"0";"69.9";"0.33";"211.82";"Saison farmhouse ale";"Glass";"6";"3.530303"
"Vinmonopolet";"11245002";"BFM Abbaye de Saint Bon-Chien Grand Cru";"BFM Abbaye de Saint Bon-Chien Grand Cru";"0";"194.9";"0.38";"519.73";"SurÃ¸l";"Glass";"11";"4.662679"
"Vinmonopolet";"11245101";"Grape Gambler Pinot Noir 2018";"Grape Gambler Pinot Noir";"2018";"149.9";"0.75";"199.87";"RÃ¸dvin";"Glass";"13.5";"1.4804938"
"Vinmonopolet";"11245202";"BFM Abbaye de Saint Bon-Chien";"BFM Abbaye de Saint Bon-Chien";"0";"164.9";"0.38";"439.73";"SurÃ¸l";"Glass";"11";"3.944976"
"Vinmonopolet";"11245306";"PrÃ­ncipe de Viana Garnacha 2018";"PrÃ­ncipe de Viana Garnacha";"2018";"379.9";"3";"126.63";"RÃ¸dvin";"Bag-in-box";"14.5";"0.87333333"
"Vinmonopolet";"11246501";"Planeta La Segreta Grillo 2018";"Planeta La Segreta Grillo";"2018";"185";"0.75";"246.67";"White wine";"Glass";"12.5";"1.9733334"
"Vinmonopolet";"11246601";"Planeta La Segreta Nero d'Avola 2017";"Planeta La Segreta Nero d'Avola";"2017";"185";"0.75";"246.67";"RÃ¸dvin";"Glass";"13";"1.8974359"
"Vinmonopolet";"11246701";"Aune Lohmann Alfrocheiro 2017";"Aune Lohmann Alfrocheiro";"2017";"159.9";"0.75";"213.2";"RÃ¸dvin";"Glass";"13";"1.64"
"Vinmonopolet";"11246801";"Aune Lohmann Jaen 2017";"Aune Lohmann Jaen";"2017";"159.9";"0.75";"213.2";"RÃ¸dvin";"Glass";"12.5";"1.7055999"
"Vinmonopolet";"11247001";"Baron de Lisse Merlot 2016";"Baron de Lisse Merlot";"2016";"199.9";"0.75";"266.53";"RÃ¸dvin";"Glass";"13.5";"1.9743209"
"Vinmonopolet";"11247201";"Bonas Lisse Marquis de Bonas Rouge 2016";"Bonas Lisse Marquis de Bonas Rouge";"2016";"269.9";"0.75";"359.87";"RÃ¸dvin";"Glass";"13.5";"2.665679"
"Vinmonopolet";"11247502";"Eiktyrne Quadruple Batch 1";"Eiktyrne Quadruple Batch 1";"0";"749";"0.5";"1498";"Whisky";"Glass";"52.6";"2.8479087"
"Vinmonopolet";"11247602";"Fjellvitt Hardangervidda akevitt";"Fjellvitt Hardangervidda akevitt";"0";"355";"0.5";"710";"Aquavit";"Glass";"38";"1.8684211"
"Vinmonopolet";"11248402";"St. Hallvard Coffee and Cocoa";"St. Hallvard Coffee and Cocoa";"0";"269.9";"0.5";"539.8";"LikÃ¸r";"Glass";"20";"2.699"
"Vinmonopolet";"11248502";"Braastad Limited Christmas Edition";"Braastad Limited Christmas Edition";"2019";"364.9";"0.5";"729.8";"Grape spirit";"Glass";"40";"1.8245"
"Vinmonopolet";"11248602";"Opland Small Batch Bourbon Casks";"Opland Small Batch Bourbon Casks";"0";"454.9";"0.5";"909.8";"Aquavit";"Glass";"41.5";"2.192289"
"Vinmonopolet";"11248701";"Lysholm Linie Live Christmas Edition";"Lysholm Linie Live Christmas Edition";"2019";"449.9";"0.7";"642.71";"Aquavit";"Glass";"41.5";"1.5487092"
"Vinmonopolet";"11249201";"ToloÃ±o Raposo 2017";"ToloÃ±o Raposo";"2017";"299.2";"0.75";"398.93";"RÃ¸dvin";"Glass";"13.5";"2.955062"
"Vinmonopolet";"11249301";"ToloÃ±o Camino de Santa Cruz 2017";"ToloÃ±o Camino de Santa Cruz";"2017";"449.8";"0.75";"599.73";"RÃ¸dvin";"Glass";"14";"4.283809"
"Vinmonopolet";"11249401";"ToloÃ±o Nahikun White 2018";"ToloÃ±o Nahikun White";"2018";"374.9";"0.75";"499.87";"White wine";"Glass";"12.5";"3.9989333"
"Vinmonopolet";"11249501";"Sierra de ToloÃ±o Blanco 2018";"Sierra de ToloÃ±o Blanco";"2018";"224";"0.75";"298.67";"White wine";"Glass";"12.5";"2.3893332"
"Vinmonopolet";"11250301";"Erbaluna Barolo Vigna Castagni 2014";"Erbaluna Barolo Vigna Castagni";"2014";"449.9";"0.75";"599.87";"RÃ¸dvin";"Glass";"14.5";"4.1370115"
"Vinmonopolet";"11251401";"Henry Fessy CÃ´te de Brouilly 2017";"Henry Fessy CÃ´te de Brouilly";"2017";"225";"0.75";"300";"RÃ¸dvin";"Glass";"13.5";"2.2222223"
"Vinmonopolet";"11251501";"Henry Fessy Fleurie 2018";"Henry Fessy Fleurie";"2018";"245";"0.75";"326.67";"RÃ¸dvin";"Glass";"13.5";"2.419753"
"Vinmonopolet";"11251601";"Henry Fessy Beaujolais 2018";"Henry Fessy Beaujolais";"2018";"199.9";"0.75";"266.53";"RÃ¸dvin";"Glass";"12.5";"2.1322665"
"Vinmonopolet";"11251701";"Henry Fessy MÃ¢con-Villages 2017";"Henry Fessy MÃ¢con-Villages";"2017";"199.9";"0.75";"266.53";"White wine";"Glass";"12.5";"2.1322665"
"Vinmonopolet";"11251801";"Henry Fessy Moulin-Ã -Vent 2016";"Henry Fessy Moulin-Ã -Vent";"2016";"235";"0.75";"313.33";"RÃ¸dvin";"Glass";"12.5";"2.5066667"
"Vinmonopolet";"11251901";"Henry Fessy Pouilly-FuissÃ© 2018";"Henry Fessy Pouilly-FuissÃ©";"2018";"299.9";"0.75";"399.87";"White wine";"Glass";"13";"3.0758975"
"Vinmonopolet";"11252001";"Henry Fessy Saint-VÃ©ran 2018";"Henry Fessy Saint-VÃ©ran";"2018";"245";"0.75";"326.67";"White wine";"Glass";"13";"2.5128205"
"Vinmonopolet";"11252401";"Rieffel Brandluft Riesling 2017";"Rieffel Brandluft Riesling";"2017";"269";"0.75";"358.67";"White wine";"Glass";"13.5";"2.65679"
"Vinmonopolet";"11252501";"Rieffel Gebreit Pinot Blanc 2017";"Rieffel Gebreit Pinot Blanc";"2017";"269";"0.75";"358.67";"White wine";"Glass";"12.5";"2.8693333"
"Vinmonopolet";"11252601";"Rieffel Kreuzel Pinot Noir 2017";"Rieffel Kreuzel Pinot Noir";"2017";"369.5";"0.75";"492.67";"RÃ¸dvin";"Glass";"13.5";"3.6493828"
"Vinmonopolet";"11252701";"Rieffel Wiebelsberg Grand Cru Riesling 2017";"Rieffel Wiebelsberg Grand Cru Riesling";"2017";"349";"0.75";"465.33";"White wine";"Glass";"13.5";"3.4469135"
"Vinmonopolet";"11252801";"Nik Weis St. Urbans-Hof Laurentiuslay GG 2017";"Nik Weis St. Urbans-Hof Laurentiuslay GG";"2017";"549.5";"0.75";"732.67";"White wine";"Glass";"13.5";"5.4271603"
"Vinmonopolet";"11252901";"Rieffel Runz Pinot Noir 2017";"Rieffel Runz Pinot Noir";"2017";"359.5";"0.75";"479.33";"RÃ¸dvin";"Glass";"12.5";"3.8346667"
"Vinmonopolet";"11253001";"Besserat de Bellefon Champagne CuvÃ©e Des Moines Extra Brut";"Besserat de Bellefon Champagne CuvÃ©e Des Moines Extra Brut";"0";"599.9";"0.75";"799.87";"Champagne extra brut";"Glass";"12.5";"6.3989334"
"Vinmonopolet";"11253101";"Besserat de Bellefon Champagne CuvÃ©e Des Moines Bleu Brut";"Besserat de Bellefon Champagne CuvÃ©e Des Moines Bleu Brut";"0";"445";"0.75";"593.33";"Champagne, brut";"Glass";"12.5";"4.7466664"
"Vinmonopolet";"11253205";"Nik Weis St. Urbans-Hof Riesling 2018";"Nik Weis St. Urbans-Hof Riesling";"2018";"449";"1.5";"299.33";"White wine";"Glass";"11.5";"2.6028986"
"Vinmonopolet";"11253401";"Nik Weis St. Urbans-Hof Bockstein GG 2017";"Nik Weis St. Urbans-Hof Bockstein GG";"2017";"479";"0.75";"638.67";"White wine";"Glass";"12";"5.322222"
"Vinmonopolet";"11253501";"Besserat de Bellefon Champagne CuvÃ©e Des Moines Blanc de Noirs";"Besserat de Bellefon Champagne CuvÃ©e Des Moines Blanc de Noirs";"0";"666";"0.75";"888";"Champagne, brut";"Glass";"12.5";"7.104"
"Vinmonopolet";"11253601";"Besserat de Bellefon Triple B Brut Nature";"Besserat de Bellefon Triple B Brut Nature";"0";"599.9";"0.75";"799.87";"Champagne, brut";"Glass";"12";"6.665556"
"Vinmonopolet";"11253702";"Nik Weis St. Urbans-Hof Bockstein Auslese 2004";"Nik Weis St. Urbans-Hof Bockstein Auslese";"2004";"479.5";"0.38";"1278.67";"White wine";"Glass";"8.5";"14.8452015"
"Vinmonopolet";"11253801";"Nik Weis St. Urbans-Hof Bockstein Auslese 2000";"Nik Weis St. Urbans-Hof Bockstein Auslese";"2000";"749";"0.75";"998.67";"White wine";"Glass";"9";"11.096296"
"Vinmonopolet";"11253901";"OMA Riesling 2018";"OMA Riesling";"2018";"159.9";"0.75";"213.2";"White wine";"Glass";"11.5";"1.853913"
"Vinmonopolet";"11254001";"Dom. De Chassorney Volnay Rouge 2013";"Dom. De Chassorney Volnay Rouge";"2013";"699.5";"0.75";"932.67";"RÃ¸dvin";"Glass";"13";"7.174359"
"Vinmonopolet";"11254101";"Bertrand et Axelle Machard de Gramont Nuits-St-Georges Les Terrasses des Vallero 2016";"Bertrand et Axelle Machard de Gramont Nuits-St-Georges Les Terrasses des Vallero";"2016";"449";"0.75";"598.67";"RÃ¸dvin";"Glass";"13";"4.6051283"
"Vinmonopolet";"11254201";"Frederic Cossard Bourgogne Bedeau Pinot Noir 2016";"Frederic Cossard Bourgogne Bedeau Pinot Noir";"2016";"499.5";"0.75";"666";"RÃ¸dvin";"Glass";"13";"5.123077"
"Vinmonopolet";"11254301";"Dom. de Chassorney Saint-Romain Sous Roche Rouge 2016";"Dom. de Chassorney Saint-Romain Sous Roche Rouge";"2016";"625.3";"0.75";"833.73";"RÃ¸dvin";"Glass";"13";"6.4133334"
"Vinmonopolet";"11254401";"Frederic Cossard Saint-Amour 2016";"Frederic Cossard Saint-Amour";"2016";"429.5";"0.75";"572.67";"RÃ¸dvin";"Glass";"12";"4.772222"
"Vinmonopolet";"11254501";"Frederic Cossard Moulin-Ã -Vent 2016";"Frederic Cossard Moulin-Ã -Vent";"2016";"429.5";"0.75";"572.67";"RÃ¸dvin";"Glass";"13";"4.405128"
"Vinmonopolet";"11254602";"Empirical Spirit Helena";"Empirical Spirit Helena";"2019";"493.5";"0.5";"987";"Other spirit";"Glass";"40";"2.4675"
"Vinmonopolet";"11254701";"Besserat de Bellefon BB CuvÃ©e 1843";"Besserat de Bellefon BB CuvÃ©e";"0";"2450";"0.75";"3266.67";"Champagne, brut";"Glass";"12.5";"26.133333"
"Vinmonopolet";"11254801";"Olaf Vinho Tinto 2017";"Olaf Vinho Tinto";"2017";"149.9";"0.75";"199.87";"RÃ¸dvin";"Glass";"13.5";"1.4804938"
"Vinmonopolet";"11254901";"Besserat de Bellefon Champagne CuvÃ©e Des Moines Blanc de Blancs";"Besserat de Bellefon Champagne CuvÃ©e Des Moines Blanc de Blancs";"0";"666";"0.75";"888";"Champagne, brut";"Glass";"12.5";"7.104"
"Vinmonopolet";"11255402";"Storelgen Aquavit";"Storelgen Aquavit";"0";"365";"0.5";"730";"Aquavit";"Glass";"40";"1.825"
"Vinmonopolet";"11255502";"Sierra Nevada Sierraveza";"Sierra Nevada Sierraveza";"0";"46.9";"0.35";"132.11";"Light lager";"Metall";"5";"2.68"
"Vinmonopolet";"11255602";"Sierra Nevada Hop Bullet";"Sierra Nevada Hop Bullet";"0";"54.9";"0.35";"154.65";"India pale ale";"Metall";"8";"1.9607143"
"Vinmonopolet";"11255802";"BFM Saison";"BFM Saison";"0";"75.9";"0.33";"230";"Saison farmhouse ale";"Glass";"6";"3.8333333"
"Vinmonopolet";"11255901";"Bosco Bracco Barbera d'Asti Le Serre 2016";"Bosco Bracco Barbera d'Asti Le Serre";"2016";"299.8";"0.75";"399.73";"RÃ¸dvin";"Glass";"15.5";"2.5789247"
"Vinmonopolet";"11256001";"Gusbourne Reserve Brut 2009";"Gusbourne Reserve Brut";"2009";"699.9";"0.75";"933.2";"Sparkling wine";"Glass";"12";"7.776667"
"Vinmonopolet";"11256201";"Hardanger Draum 2018";"Hardanger Draum";"2018";"221.9";"0.75";"295.87";"Cider";"Glass";"9.6";"3.0819442"
"Vinmonopolet";"11256402";"AleBrowar El Fruto Hazy Juicy DIPA";"AleBrowar El Fruto Hazy Juicy DIPA";"0";"59.9";"0.33";"181.52";"India pale ale";"Glass";"8";"2.2689393"
"Vinmonopolet";"11256502";"AleBrowar New England DDH DIPA Simcoe+Mosaic";"AleBrowar New England DDH DIPA Simcoe+Mosaic";"0";"59.9";"0.33";"181.52";"India pale ale";"Glass";"7";"2.5930736"
"Vinmonopolet";"11256701";"Hammer London Dry Gin";"Hammer London Dry Gin";"0";"329.9";"0.7";"471.29";"Gin";"Glass";"37.5";"1.2567619"
"Vinmonopolet";"11256801";"Aalborg Dild Akvavit";"Aalborg Dild Akvavit";"0";"359.9";"0.7";"514.14";"Aquavit";"Glass";"38";"1.3530076"
"Vinmonopolet";"11256906";"MarquÃ©s de Nombrevilla Garnacha";"MarquÃ©s de Nombrevilla Garnacha";"2019";"249.9";"1.5";"166.6";"RÃ¸dvin";"Pouch";"13.5";"1.234074"
"Vinmonopolet";"11257001";"Ch. Bastoney";"Ch. Bastoney";"2016";"200";"0.75";"266.67";"RÃ¸dvin";"Glass";"13.5";"1.9753087"
"Vinmonopolet";"11257101";"Dom. Lombard BrÃ©zÃ¨me CÃ´tes du RhÃ´ne";"Dom. Lombard BrÃ©zÃ¨me CÃ´tes du RhÃ´ne";"2016";"289.9";"0.75";"386.53";"RÃ¸dvin";"Glass";"13";"2.9733334"
"Vinmonopolet";"11257201";"Dom. Lombard BrÃ©zÃ¨me CÃ´tes du RhÃ´ne EugÃ¨ne de Monicault";"Dom. Lombard BrÃ©zÃ¨me CÃ´tes du RhÃ´ne EugÃ¨ne de Monicault";"2016";"319.9";"0.75";"426.53";"RÃ¸dvin";"Glass";"13";"3.2810256"
"Vinmonopolet";"11257301";"Dom. Lombard Cornas";"Dom. Lombard Cornas";"2014";"459.9";"0.75";"613.2";"RÃ¸dvin";"Glass";"13";"4.716923"
"Vinmonopolet";"11257601";"Grappes & Terroirs CÃ©sar ChÃ¢teauneuf-du-Pape 2016";"Grappes & Terroirs CÃ©sar ChÃ¢teauneuf-du-Pape";"2016";"487.8";"0.75";"650.4";"RÃ¸dvin";"Glass";"15";"4.336"
"Vinmonopolet";"11257701";"Grappes & Terroirs Honorine ChÃ¢teauneuf-du-Pape 2017";"Grappes & Terroirs Honorine ChÃ¢teauneuf-du-Pape";"2017";"470";"0.75";"626.67";"White wine";"Glass";"13.5";"4.6419754"
"Vinmonopolet";"11257801";"Grappes & Terroirs Thomas & Co Vacqueyras 2017";"Grappes & Terroirs Thomas & Co Vacqueyras";"2017";"315.5";"0.75";"420.67";"White wine";"Glass";"13.5";"3.1160493"
"Vinmonopolet";"11258402";"Koskenkorva Ginger Shot";"Koskenkorva Ginger Shot";"0";"169.9";"0.5";"339.8";"LikÃ¸r";"Glass";"21";"1.6180952"
"Vinmonopolet";"11258501";"Koskenkorva Vanilla";"Koskenkorva Vanilla";"0";"339.9";"0.7";"485.57";"Other spirit";"Glass";"37.5";"1.2948571"
"Vinmonopolet";"11258602";"Koskenkorva Raspberry Pine";"Koskenkorva Raspberry Pine";"0";"139.9";"0.5";"279.8";"Other spirit";"Plast";"21";"1.3323809"
"Vinmonopolet";"11258703";"XantÃ©";"XantÃ©";"0";"39.9";"0.05";"798";"LikÃ¸r";"Plast";"38";"2.1000001"
"Vinmonopolet";"11258806";"Chile Con Carne 2018";"Chile Con Carne";"2018";"189.9";"1.5";"126.6";"RÃ¸dvin";"Bag-in-box";"13";"0.97384614"
"Vinmonopolet";"11259202";"Montepaldi Vin Santo del Chianti Classico 2008";"Montepaldi Vin Santo del Chianti Classico";"2008";"349.8";"0.5";"699.6";"White wine";"Glass";"16";"4.3725"
"Vinmonopolet";"11259301";"Moretto Semprebon Lambrusco Grasparossa di Castelvetro 2018";"Moretto Semprebon Lambrusco Grasparossa di Castelvetro";"2018";"209.8";"0.75";"279.73";"RÃ¸dvin";"Glass";"10.5";"2.664127"
"Vinmonopolet";"11259401";"Moretto Monovitigno Lambrusco Grasparossa di Castelvetro 2018";"Moretto Monovitigno Lambrusco Grasparossa di Castelvetro";"2018";"249.8";"0.75";"333.07";"RÃ¸dvin";"Glass";"12";"2.7755556"
"Vinmonopolet";"11259501";"Montepaldi Tagliafune Chianti Classico Riserva 2013";"Montepaldi Tagliafune Chianti Classico Riserva";"2013";"279.8";"0.75";"373.07";"RÃ¸dvin";"Glass";"14";"2.6647618"
"Vinmonopolet";"11259601";"Montepaldi Tagliafune Chianti Classico 2015";"Montepaldi Tagliafune Chianti Classico";"2015";"199.6";"0.75";"266.13";"RÃ¸dvin";"Glass";"14.5";"1.8354024"
"Vinmonopolet";"11260301";"Hyde No. 8 Heritage Cask 4 YO Irish Whiskey Stout cask finish";"Hyde No. 8 Heritage Cask 4 YO Irish Whiskey Stout cask finish";"0";"615";"0.7";"878.57";"Whisky";"Glass";"43";"2.0431893"
"Vinmonopolet";"11260401";"Hyde No. 7 Presidents Cask 6 YO Single Malt Sherry cask finish";"Hyde No. 7 Presidents Cask 6 YO Single Malt Sherry cask finish";"0";"765";"0.7";"1092.86";"Whisky";"Glass";"46";"2.3757765"
"Vinmonopolet";"11260701";"Wemyss Auld Scots Bakery Glenrothes 1996 22 YO";"Wemyss Auld Scots Bakery Glenrothes  22 YO";"1996";"1500";"0.7";"2142.86";"Whisky";"Glass";"46";"4.6583853"
"Vinmonopolet";"11261201";"Penfolds Great Grandfather Rare Tawny 30 YO";"Penfolds Great Grandfather Rare Tawny 30 YO";"0";"2100";"0.75";"2800";"Fortified wine";"Glass";"19.5";"14.358974"
"Vinmonopolet";"11261301";"Wynns The Gables Coonawara Cabernet Sauvignon";"Wynns The Gables Coonawara Cabernet Sauvignon";"2016";"169.9";"0.75";"226.53";"RÃ¸dvin";"Glass";"13.5";"1.6780246"
"Vinmonopolet";"11261501";"Valdesil Valteiro Maria Ardona 2015";"Valdesil Valteiro Maria Ardona";"2015";"342.2";"0.75";"456.27";"RÃ¸dvin";"Glass";"14.5";"3.1466668"
"Vinmonopolet";"11261701";"Rapet Corton Pougets Grand Cru 2017";"Rapet Corton Pougets Grand Cru";"2017";"899.9";"0.75";"1199.87";"RÃ¸dvin";"Glass";"13.5";"8.887901"
"Vinmonopolet";"11261801";"Rapet Aloxe-Corton 2017";"Rapet Aloxe-Corton";"2017";"499.9";"0.75";"666.53";"RÃ¸dvin";"Glass";"13.5";"4.937284"
"Vinmonopolet";"11261901";"Rapet Pernand-Vergelesses 1er Cru Ile des Vergelesses 2017";"Rapet Pernand-Vergelesses 1er Cru Ile des Vergelesses";"2017";"529.8";"0.75";"706.4";"RÃ¸dvin";"Glass";"13.5";"5.2325926"
"Vinmonopolet";"11262101";"Les Dames de Ferran 2014";"Les Dames de Ferran";"2014";"139.6";"0.75";"186.13";"White wine";"Glass";"13";"1.4317949"
"Vinmonopolet";"11262201";"La RÃ©serve de Ferran 2013";"La RÃ©serve de Ferran";"2013";"139.6";"0.75";"186.13";"White wine";"Glass";"13";"1.4317949"
"Vinmonopolet";"11263001";"Justin Girardin Bourgogne Pinot Noir 2017";"Justin Girardin Bourgogne Pinot Noir";"2017";"239.9";"0.75";"319.87";"RÃ¸dvin";"Glass";"13";"2.4605129"
"Vinmonopolet";"11263101";"Justin Girardin Bourgogne Chardonnay 2018";"Justin Girardin Bourgogne Chardonnay";"2018";"239.9";"0.75";"319.87";"White wine";"Glass";"12.5";"2.5589333"
"Vinmonopolet";"11263201";"Justin Girardin Maranges Vieilles Vignes 2017";"Justin Girardin Maranges Vieilles Vignes";"2017";"199.9";"0.75";"266.53";"RÃ¸dvin";"Glass";"13";"2.0502563"
"Vinmonopolet";"11263301";"Meinklang UKA-19 2018";"Meinklang UKA-19";"2018";"160";"0.75";"213.33";"RÃ¸dvin";"Glass";"12";"1.7777778"
"Vinmonopolet";"11263402";"Cervisiam Rocky Road Picture Show Imperial Stout";"Cervisiam Rocky Road Picture Show Imperial Stout";"0";"79.9";"0.33";"236.06";"Porter and stout";"Emballasje med pant";"10";"2.421212"
"Vinmonopolet";"11263502";"Cervisiam Squatched New England IPA";"Cervisiam Squatched New England IPA";"0";"67.9";"0.33";"199.7";"India pale ale";"Emballasje med pant";"7";"2.939394"
"Vinmonopolet";"11263602";"Cervisiam From the Void New England Double IPA";"Cervisiam From the Void New England Double IPA";"0";"69.9";"0.33";"205.76";"India pale ale";"Emballasje med pant";"8";"2.6477273"
"Vinmonopolet";"11263801";"Borgo San Daniele Arbis RÃ²s 2015";"Borgo San Daniele Arbis RÃ²s";"2015";"473";"0.75";"630.67";"RÃ¸dvin";"Glass";"14";"4.5047617"
"Vinmonopolet";"11264301";"Sogn og Fjordane Noe rÃ¸dt";"Sogn og Fjordane Noe rÃ¸dt";"2018";"134.5";"0.75";"179.33";"RÃ¸dvin";"Glass";"11.5";"1.5594203"
"Vinmonopolet";"11264801";"DialÃ¦kt i TrÃ¸ndelag Noe RÃ¸dt";"DialÃ¦kt i TrÃ¸ndelag Noe RÃ¸dt";"2018";"134.5";"0.75";"179.33";"RÃ¸dvin";"Glass";"11.5";"1.5594203"
"Vinmonopolet";"11264901";"Ca'Botta Tenuta Soprazocco Garda Riesling";"Ca'Botta Tenuta Soprazocco Garda Riesling";"2018";"229";"0.75";"305.33";"White wine";"Glass";"14";"2.1809523"
"Vinmonopolet";"11265001";"Wynns Riddoch Coonawarra Cabernet Sauvignon";"Wynns Riddoch Coonawarra Cabernet Sauvignon";"2016";"849.9";"0.75";"1133.2";"RÃ¸dvin";"Glass";"13.7";"8.271533"
"Vinmonopolet";"11265202";"Lindheim x Maaemo The Apple People";"Lindheim x Maaemo The Apple People";"0";"125";"0.38";"333.33";"Special";"Glass";"8";"4.111842"
"Vinmonopolet";"11265301";"AndrÃ© Clouet Dream Vintage Brut 2012";"AndrÃ© Clouet Dream Vintage Brut";"2012";"499.9";"0.75";"666.53";"Champagne, brut";"Glass";"12";"5.5544443"
"Vinmonopolet";"11265401";"Sangre de Toro 5,5Â°";"Sangre de Toro 5,5Â°";"2018";"129.9";"0.75";"173.2";"RÃ¸dvin";"Glass";"5.5";"3.1490908"
"Vinmonopolet";"11265501";"Sangre de Toro Reserva";"Sangre de Toro Reserva";"2015";"179.9";"0.75";"239.87";"RÃ¸dvin";"Glass";"14";"1.7133332"
"Vinmonopolet";"11265704";"Elephant in the room Pinot Noir";"Elephant in the room Pinot Noir";"2017";"64.9";"0.25";"259.6";"RÃ¸dvin";"Metall";"13.5";"1.922963"
"Vinmonopolet";"11266002";"Oskar Blues Can-O-Bliss Hazy IPA";"Oskar Blues Can-O-Bliss Hazy IPA";"0";"59.9";"0.35";"168.73";"India pale ale";"Metall";"7.2";"2.3769844"
"Vinmonopolet";"11266102";"Jikiun Virgin Batch White IPA";"Jikiun Virgin Batch White IPA";"0";"59.9";"0.33";"175.45";"India pale ale";"Emballasje med pant";"6";"3.0252526"
"Vinmonopolet";"11266301";"Weiser-KÃ¼nstler Wolfer Sonnenlay SpÃ¤tlese 2018";"Weiser-KÃ¼nstler Wolfer Sonnenlay SpÃ¤tlese";"2018";"299.9";"0.75";"399.87";"White wine";"Glass";"7.5";"5.3315554"
"Vinmonopolet";"11266401";"Weiser-KÃ¼nstler Trarbacher Schlossberg Kabinett 2018";"Weiser-KÃ¼nstler Trarbacher Schlossberg Kabinett";"2018";"269.9";"0.75";"359.87";"White wine";"Glass";"9.5";"3.7880702"
"Vinmonopolet";"11266506";"In the Mood for Langhe Rosso";"In the Mood for Langhe Rosso";"0";"549.9";"3";"183.3";"RÃ¸dvin";"Bag-in-box";"13";"1.4100001"
"Vinmonopolet";"11267002";"A. H. Riise XO Reserve";"A. H. Riise XO Reserve";"0";"419.9";"0.35";"1199.71";"Rum";"Glass";"40";"2.9992857"
"Vinmonopolet";"11267101";"A. H. Riise Platinum";"A. H. Riise Platinum";"0";"2499.9";"0.7";"3571.29";"Rum";"Glass";"42";"8.503061"
"Vinmonopolet";"11267201";"Paul John Indian Single Malt Whisky";"Paul John Indian Single Malt Whisky";"0";"669.9";"0.7";"957";"Whisky";"Glass";"46";"2.0804348"
"Vinmonopolet";"11267301";"Paul John Indian Single Malt Whisky Peated Select Cask";"Paul John Indian Single Malt Whisky Peated Select Cask";"0";"969.9";"0.7";"1385.57";"Whisky";"Glass";"55.5";"2.4965253"
"Vinmonopolet";"11267401";"Bonpas Ventoux Grande RÃ©serve des ChalliÃ¨res";"Bonpas Ventoux Grande RÃ©serve des ChalliÃ¨res";"2018";"139.9";"0.75";"186.53";"RÃ¸dvin";"Glass";"13.5";"1.3817283"
"Vinmonopolet";"11267501";"Bonpas Vacqueyras Grand Cartulaire 2017";"Bonpas Vacqueyras Grand Cartulaire";"2017";"259.9";"0.75";"346.53";"RÃ¸dvin";"Glass";"13.5";"2.5669136"
"Vinmonopolet";"11267606";"Tavernello Bianco";"Tavernello Bianco";"0";"349.9";"3";"116.63";"White wine";"Bag-in-box";"10.5";"1.1107936"
"Vinmonopolet";"11267706";"Tavernello Rosso";"Tavernello Rosso";"0";"349.9";"3";"116.63";"RÃ¸dvin";"Bag-in-box";"11.5";"1.0142028"
"Vinmonopolet";"11267801";"Casillero del Diablo Limited Edition Cabernet Sauvignon";"Casillero del Diablo Limited Edition Cabernet Sauvignon";"2017";"119.9";"0.75";"159.87";"RÃ¸dvin";"Glass";"13.5";"1.1841975"
"Vinmonopolet";"11268001";"MÃ¼ller-Catoir Haardt SpÃ¤tburgunder 2017";"MÃ¼ller-Catoir Haardt SpÃ¤tburgunder";"2017";"299.7";"0.75";"399.6";"RÃ¸dvin";"Glass";"13";"3.0738463"
"Vinmonopolet";"11268106";"Schwedhelm Riesling 2018";"Schwedhelm Riesling";"2018";"524.9";"3";"174.97";"White wine";"Bag-in-box";"12";"1.4580556"
"Vinmonopolet";"11268205";"KÃ¼nstler Hochheim HÃ¶lle Riesling trocken GG";"KÃ¼nstler Hochheim HÃ¶lle Riesling trocken GG";"2018";"824.7";"1.5";"549.8";"White wine";"Glass";"13";"4.229231"
"Vinmonopolet";"11268305";"KÃ¼nstler Kostheim Weiss Erd Riesling trocken GG 2018";"KÃ¼nstler Kostheim Weiss Erd Riesling trocken GG";"2018";"684.7";"1.5";"456.47";"White wine";"Glass";"13";"3.5112822"
"Vinmonopolet";"11268405";"Markus Molitor Zeltinger Sonnenuhr Riesling SpÃ¤tlese TÃ¸rr 2017";"Markus Molitor Zeltinger Sonnenuhr Riesling SpÃ¤tlese TÃ¸rr";"2017";"539.8";"1.5";"359.87";"White wine";"Glass";"11";"3.2715151"
"Vinmonopolet";"11268505";"Markus Molitor Zeltinger Sonnenuhr Riesling Auslese** TÃ¸rr 2017";"Markus Molitor Zeltinger Sonnenuhr Riesling Auslese** TÃ¸rr";"2017";"789.8";"1.5";"526.53";"White wine";"Glass";"12";"4.387778"
"Vinmonopolet";"11268605";"Markus Molitor Zeltinger Sonnenuhr Riesling Auslese*** TÃ¸rr 2017";"Markus Molitor Zeltinger Sonnenuhr Riesling Auslese*** TÃ¸rr";"2017";"1399.8";"1.5";"933.2";"White wine";"Glass";"12";"7.776667"
"Vinmonopolet";"11268705";"Battenfeld-Spanier Am Schwarzen Herrgott Riesling trocken GG 2018";"Battenfeld-Spanier Am Schwarzen Herrgott Riesling trocken GG";"2018";"859.8";"1.5";"573.2";"White wine";"Glass";"12.5";"4.5856"
"Vinmonopolet";"11268805";"KÃ¼hling-Gillot Nierstein Pettenthal Riesling trocken GG 2018";"KÃ¼hling-Gillot Nierstein Pettenthal Riesling trocken GG";"2018";"859.8";"1.5";"573.2";"White wine";"Glass";"12.5";"4.5856"
"Vinmonopolet";"11268901";"Hexamer SchlossbÃ¶ckelheimer In den Felsen No.1 Riesling Trocken 2018";"Hexamer SchlossbÃ¶ckelheimer In den Felsen No.1 Riesling Trocken";"2018";"274.8";"0.75";"366.4";"White wine";"Glass";"13";"2.8184614"
"Vinmonopolet";"11269001";"Hexamer Meddersheimer Rheingrafenberg No 1 Riesling 2018";"Hexamer Meddersheimer Rheingrafenberg No 1 Riesling";"2018";"374.8";"0.75";"499.73";"White wine";"Glass";"13.5";"3.7017283"
"Vinmonopolet";"11269101";"Hexamer Meddersheimer Rheingrafenberg Riesling Auslese 2018";"Hexamer Meddersheimer Rheingrafenberg Riesling Auslese";"2018";"349.8";"0.75";"466.4";"White wine";"Glass";"8";"5.83"
"Vinmonopolet";"11269202";"Bache-Gabrielsen Dry & Rustic Borderies TrÃ©s Vieilles";"Bache-Gabrielsen Dry & Rustic Borderies TrÃ©s Vieilles";"0";"699";"0.5";"1398";"Grape spirit";"Glass";"47";"2.974468"
"Vinmonopolet";"11269405";"Torres Purgatori 2015";"Torres Purgatori";"2015";"799.9";"1.5";"533.27";"RÃ¸dvin";"Glass";"14.5";"3.6777012"
"Vinmonopolet";"11269501";"Quinta Do Portal Reserva";"Quinta Do Portal Reserva";"2016";"279.9";"0.75";"373.2";"RÃ¸dvin";"Glass";"14.5";"2.573793"
"Vinmonopolet";"11269601";"J. Vignier Ora Alba Grand Cru Blanc de Blancs Brut";"J. Vignier Ora Alba Grand Cru Blanc de Blancs Brut";"0";"479";"0.75";"638.67";"Champagne, brut";"Glass";"12";"5.322222"
"Vinmonopolet";"11269701";"J. Vignier Silexus Sezannensis Brut";"J. Vignier Silexus Sezannensis Brut";"0";"479";"0.75";"638.67";"Champagne, brut";"Glass";"12";"5.322222"
"Vinmonopolet";"11269801";"Benedikt Baltes Klingenberg Alte Reben SpÃ¤tburgunder";"Benedikt Baltes Klingenberg Alte Reben SpÃ¤tburgunder";"2016";"499";"0.75";"665.33";"RÃ¸dvin";"Glass";"13";"5.1179485"
"Vinmonopolet";"11270501";"1865 Pinot Noir";"Pinot Noir";"2018";"224.9";"0.75";"299.87";"RÃ¸dvin";"Glass";"13.5";"2.2212346"
"Vinmonopolet";"11270601";"Peyre Rose Syrah Leone 2009";"Peyre Rose Syrah Leone";"2009";"648.6";"0.75";"864.8";"RÃ¸dvin";"Glass";"14.5";"5.9641376"
"Vinmonopolet";"11270701";"Peyre Rose Clos des Cistes 2009";"Peyre Rose Clos des Cistes";"2009";"648.6";"0.75";"864.8";"RÃ¸dvin";"Glass";"14.5";"5.9641376"
"Vinmonopolet";"11270801";"Peyre Rose Oro 2004";"Peyre Rose Oro";"2004";"649";"0.75";"865.33";"White wine";"Glass";"14.5";"5.967816"
"Vinmonopolet";"11270901";"Homage Garnacha";"Homage Garnacha";"2018";"155.9";"0.75";"207.87";"RÃ¸dvin";"Glass";"14";"1.4847618"
"Vinmonopolet";"11271001";"Camp Garnacha";"Camp Garnacha";"2018";"135.9";"0.75";"177.2";"RÃ¸dvin";"Emballasje med pant";"14.5";"1.2496551"
"Vinmonopolet";"11271101";"RÃ¸dvin RÃ¸dvin Bordeaux";"RÃ¸dvin RÃ¸dvin Bordeaux";"2018";"134.9";"0.75";"179.87";"RÃ¸dvin";"Glass";"13.5";"1.3323456"
"Vinmonopolet";"11272202";"Mack Mikrobryggeri DjÃ¦velsk TÃ¸rr Brut IPA";"Mack Mikrobryggeri DjÃ¦velsk TÃ¸rr Brut IPA";"0";"59.9";"0.5";"119.8";"India pale ale";"Glass";"7";"1.7114286"
"Vinmonopolet";"11272501";"Mesquida Mora Trispol";"Mesquida Mora Trispol";"2016";"355";"0.75";"473.33";"RÃ¸dvin";"Glass";"13";"3.6410255"
"Vinmonopolet";"11272602";"ValverÃ¡n 20 Manzanas Sidra de Hielo";"ValverÃ¡n 20 Manzanas Sidra de Hielo";"2016";"290";"0.38";"773.33";"Cider";"Glass";"10";"7.631579"
"Vinmonopolet";"11272701";"Nevel Grondslag blonde";"Nevel Grondslag blonde";"0";"214.8";"0.75";"286.4";"Special";"Glass";"5.2";"5.507693"
"Vinmonopolet";"11272801";"Nevel Bloei";"Nevel Bloei";"0";"219.8";"0.75";"293.07";"Special";"Glass";"6.1";"4.804372"
"Vinmonopolet";"11272901";"Nevel x Seperatist Aurum Blonde";"Nevel x Seperatist Aurum Blonde";"0";"214.8";"0.75";"286.4";"Special";"Glass";"5.2";"5.507693"
"Vinmonopolet";"11273101";"Nevel x Burial x Frontaal Pinetrees and cemeteries";"Nevel x Burial x Frontaal Pinetrees and cemeteries";"0";"224.9";"0.75";"299.87";"Special";"Glass";"6.7";"4.4756217"
"Vinmonopolet";"11273501";"Nevel Vlijt Saison";"Nevel Vlijt Saison";"0";"179.8";"0.75";"239.73";"Saison farmhouse ale";"Glass";"5.2";"4.6102567"
"Vinmonopolet";"11273602";"Althaia Cap Negret Oatmeal Nitro Stout";"Althaia Cap Negret Oatmeal Nitro Stout";"0";"49.9";"0.33";"151.21";"Porter and stout";"Metall";"4.8";"3.1502523"
"Vinmonopolet";"11273702";"Althaia Cornamusa America Red Ale";"Althaia Cornamusa America Red Ale";"0";"74.8";"0.33";"226.67";"Red/amber";"Glass";"5.7";"3.9766083"
"Vinmonopolet";"11277501";"FÃ¦mund Aquavit";"FÃ¦mund Aquavit";"0";"475";"0.7";"678.57";"Aquavit";"Glass";"40";"1.6964287"
"Vinmonopolet";"11277601";"Troms NÃ¥kka RÃ¸dt";"Troms NÃ¥kka RÃ¸dt";"2018";"155";"0.75";"206.67";"RÃ¸dvin";"Glass";"12.5";"1.6533333"
"Vinmonopolet";"11277707";"Kruger-Rumpf Pitterberg Riesling GG 2018";"Kruger-Rumpf Pitterberg Riesling GG";"2018";"1449.9";"3";"483.3";"White wine";"Glass";"13";"3.7176924"
"Vinmonopolet";"11277805";"Kruger-Rumpf Pitterberg Riesling GG 2018";"Kruger-Rumpf Pitterberg Riesling GG";"2018";"759.9";"1.5";"506.6";"White wine";"Glass";"13";"3.8969233"
"Vinmonopolet";"11277901";"Ca' Botta Valpolicella";"Ca' Botta Valpolicella";"2018";"199.5";"0.75";"266";"RÃ¸dvin";"Glass";"13.5";"1.9703704"
"Vinmonopolet";"11278501";"Ronchi di Cialla Refosco 2004";"Ronchi di Cialla Refosco";"2004";"506.1";"0.75";"674.8";"RÃ¸dvin";"Glass";"13";"5.190769"
"Vinmonopolet";"11278601";"BÃ¸ddel Sider";"BÃ¸ddel Sider";"2018";"184.9";"0.75";"246.53";"Cider";"Glass";"9";"2.7392592"
"Vinmonopolet";"11278701";"Cleto Chiarli Lambrusco Grasparossa di Castelvetro";"Cleto Chiarli Lambrusco Grasparossa di Castelvetro";"2018";"139.9";"0.75";"186.53";"Sparkling wine";"Glass";"11";"1.6957575"
"Vinmonopolet";"11278801";"Boatyard Old Tom Gin";"Boatyard Old Tom Gin";"0";"610";"0.7";"871.43";"Gin";"Glass";"46";"1.89441"
"Vinmonopolet";"11278803";"Boatyard Old Tom Gin";"Boatyard Old Tom Gin";"0";"79";"0.05";"1580";"Gin";"Glass";"46";"3.4347825"
"Vinmonopolet";"11278901";"Tezza Ma Roat Ripasso Superiore";"Tezza Ma Roat Ripasso Superiore";"2017";"200";"0.75";"266.67";"RÃ¸dvin";"Glass";"13.5";"1.9753087"
"Vinmonopolet";"11279201";"Bitter Gamondi";"Bitter Gamondi";"0";"399.9";"1";"399.9";"Bitter	";"Glass";"25";"1.5996"
"Vinmonopolet";"11279302";"Wild Weather Beyond Obsidian Blueberry Imperial Stout";"Wild Weather Beyond Obsidian Blueberry Imperial Stout";"0";"86.9";"0.44";"197.5";"Porter and stout";"Metall";"10";"1.975"
"Vinmonopolet";"11279402";"Wild Weather All Hans on Deck";"Wild Weather All Hans on Deck";"0";"69.9";"0.44";"158.86";"India pale ale";"Metall";"5.9";"2.692604"
"Vinmonopolet";"11279502";"Wild Weather Shepards Warning IPA";"Wild Weather Shepards Warning IPA";"0";"69.9";"0.44";"158.86";"Pale ale";"Metall";"5.6";"2.836851"
"Vinmonopolet";"11279602";"Wild Weather Full of Beans II Coconut Chocolate Stout";"Wild Weather Full of Beans II Coconut Chocolate Stout";"0";"69.9";"0.44";"158.86";"Porter and stout";"Metall";"5.9";"2.692604"
"Vinmonopolet";"11280001";"Dorrance CuvÃ©e Anais Chardonnay";"Dorrance CuvÃ©e Anais Chardonnay";"2017";"279.9";"0.75";"373.2";"White wine";"Glass";"14";"2.6657143"
"Vinmonopolet";"11280101";"Dorrance Rouge Cinsault";"Dorrance Rouge Cinsault";"2018";"169.9";"0.75";"226.53";"RÃ¸dvin";"Glass";"13.5";"1.6780246"
"Vinmonopolet";"11280201";"Dorrance Kama Chenin Blanc";"Dorrance Kama Chenin Blanc";"2017";"269.9";"0.75";"359.87";"White wine";"Glass";"14";"2.570476"
"Vinmonopolet";"11280301";"Dorrance Chenin Blanc";"Dorrance Chenin Blanc";"2019";"169.9";"0.75";"226.53";"White wine";"Glass";"12.5";"1.8122666"
"Vinmonopolet";"11280502";"Goldberg Gin & Tonic";"Goldberg Gin & Tonic";"0";"44.9";"0.33";"136.06";"Other spirit";"Metall";"5";"2.7212121"
"Vinmonopolet";"11280801";"Nordic Noir Gin";"Nordic Noir Gin";"2019";"555";"0.7";"792.86";"Gin";"Glass";"43";"1.8438538"
"Vinmonopolet";"11280902";"Pivo Z BeneÅ¡ova Ferdinand";"Pivo Z BeneÅ¡ova Ferdinand";"0";"49.9";"0.5";"99.8";"MÃ¸rk lager";"Glass";"5.5";"1.8145455"
"Vinmonopolet";"11281002";"Ego BÃ¸ddelen Imperial Stout";"Ego BÃ¸ddelen Imperial Stout";"0";"59.3";"0.33";"173.64";"Porter and stout";"Emballasje med pant";"8";"2.246212"
"Vinmonopolet";"11281201";"Jolie Laide Pinot Gris 2018";"Jolie Laide Pinot Gris";"2018";"349.9";"0.75";"466.53";"White wine";"Glass";"12";"3.8877778"
"Vinmonopolet";"11281301";"Jolie Laide Rose of ValdeguiÃ© 2018";"Jolie Laide Rose of ValdeguiÃ©";"2018";"339.9";"0.75";"453.2";"RosÃ©vin";"Glass";"11.8";"3.8406777"
"Vinmonopolet";"11281801";"Boobs Vodka";"Boobs Vodka";"0";"419.9";"0.7";"599.86";"Vodka";"Glass";"37.5";"1.599619"
"Vinmonopolet";"11281902";"Fjordfolk Uhrwerk Kveika Porter";"Fjordfolk Uhrwerk Kveika Porter";"0";"69.6";"0.33";"204.85";"Porter and stout";"Emballasje med pant";"7";"3.012987"
"Vinmonopolet";"11282008";"Domenis Storica Grappa Riserva (10x5ml)";"Domenis Storica Grappa Riserva (10x5ml)";"0";"227.4";"0.05";"4548";"Grape spirit";"Ãvrig";"50";"9.096"
"Vinmonopolet";"11282102";"To Ãl Beastly Biscuit";"To Ãl Beastly Biscuit";"0";"95.9";"0.33";"290.61";"Barley wine	";"Glass";"10.9";"2.6661108"
"Vinmonopolet";"11282201";"Schloss Vollrads Greiffenberg Riesling GG 2017";"Schloss Vollrads Greiffenberg Riesling GG";"2017";"434";"0.75";"578.67";"White wine";"Glass";"13";"4.451282"
"Vinmonopolet";"11282506";"Dreissigacker Organic Riesling 2018";"Dreissigacker Organic Riesling";"2018";"399.9";"2.25";"177.73";"White wine";"Bag-in-box";"12";"1.481111"
"Vinmonopolet";"11282601";"ClÃ©ment VI ChÃ¢teauneuf-du-Pape 2016";"ClÃ©ment VI ChÃ¢teauneuf-du-Pape";"2016";"419.9";"0.75";"559.87";"RÃ¸dvin";"Glass";"15";"3.7324443"
"Vinmonopolet";"11282801";"Spottswoode Sauvignon Blanc 2018";"Spottswoode Sauvignon Blanc";"2018";"469.7";"0.75";"626.27";"White wine";"Glass";"14.1";"4.4416075"
"Vinmonopolet";"11282901";"Patrice Rion Chambolle-Musigny Vieilles Vignes 2017";"Patrice Rion Chambolle-Musigny Vieilles Vignes";"2017";"550";"0.75";"733.33";"RÃ¸dvin";"Glass";"13";"5.6410255"
"Vinmonopolet";"11283005";"ClÃ©ment VI ChÃ¢teauneuf du Pape";"ClÃ©ment VI ChÃ¢teauneuf du Pape";"2016";"749.9";"1.5";"499.93";"RÃ¸dvin";"Glass";"15";"3.332889"
"Vinmonopolet";"11283505";"Dom. Chavy-Chouet Bourgogne Les Femelottes";"Dom. Chavy-Chouet Bourgogne Les Femelottes";"2017";"424.9";"1.5";"283.27";"White wine";"Glass";"12.5";"2.2661333"
"Vinmonopolet";"11284002";"Katlenburger Mead Dark Aronia Berry";"Katlenburger Mead Dark Aronia Berry";"0";"80.5";"0.5";"161";"MjÃ¸d";"Glass";"9";"1.7888889"
"Vinmonopolet";"11284301";"Selection Olivier Blanc XO Artisanal FranÃ§ois Voyer GC";"Selection Olivier Blanc XO Artisanal FranÃ§ois Voyer GC";"0";"965";"0.7";"1378.57";"Grape spirit";"Glass";"40";"3.4464285"
"Vinmonopolet";"11284408";"Ego I am Kveik (3x33cl)";"Ego I am Kveik (3x33cl)";"0";"169";"0.99";"170.71";"Special";"Ãvrig";"6";"2.8451178"
"Vinmonopolet";"11284702";"Jean Fillioux Hors d'Age Grande Champagne";"Jean Fillioux Hors d'Age Grande Champagne";"0";"1195.1";"0.5";"2390.2";"Grape spirit";"Glass";"43";"5.5586047"
"Vinmonopolet";"11284801";"Jean Fillioux Collection PrivÃ©e de Pascal Fillioux 1989";"Jean Fillioux Collection PrivÃ©e de Pascal Fillioux";"1989";"1080.7";"0.7";"1543.86";"Grape spirit";"Glass";"43";"3.5903654"
"Vinmonopolet";"11284901";"De Boel CÃ´tes-du-RhÃ´ne Villages Massif d'Uchaux Aleph 2018";"De Boel CÃ´tes-du-RhÃ´ne Villages Massif d'Uchaux Aleph";"2018";"219.9";"0.75";"293.2";"RÃ¸dvin";"Glass";"14";"2.0942857"
"Vinmonopolet";"11285101";"Longrow Single Cask 11 YO";"Longrow Single Cask 11 YO";"0";"981.6";"0.7";"1402.29";"Whisky";"Glass";"56.8";"2.468813"
"Vinmonopolet";"11285201";"Dom. du Closel SavenniÃ¨res Les CaillardiÃ¨res 2018";"Dom. du Closel SavenniÃ¨res Les CaillardiÃ¨res";"2018";"384";"0.75";"512";"White wine";"Glass";"14.5";"3.5310345"
"Vinmonopolet";"11285802";"Warenghem Roof Rye Double Maturation";"Warenghem Roof Rye Double Maturation";"0";"599";"0.5";"1198";"Whisky";"Glass";"46";"2.604348"
"Vinmonopolet";"11285901";"Castillo de Belarfonso 2017";"Castillo de Belarfonso";"2017";"169.9";"0.75";"226.53";"RÃ¸dvin";"Glass";"14.5";"1.5622988"
"Vinmonopolet";"11286001";"Bulle Nature PÃ©tillant RosÃ©";"Bulle Nature PÃ©tillant RosÃ©";"0";"229.9";"0.75";"306.53";"Perlende vin, rosÃ©";"Glass";"11.5";"2.665507"
"Vinmonopolet";"11287901";"Cascina Allegria Festivo Barbera d'Asti";"Cascina Allegria Festivo Barbera d'Asti";"2018";"199.1";"0.75";"265.47";"RÃ¸dvin";"Glass";"14.5";"1.8308047"
"Vinmonopolet";"11289201";"Lindeman's Chardonnay 2018";"Lindeman's Chardonnay";"2018";"114.9";"0.75";"149.2";"White wine";"Emballasje med pant";"13.5";"1.1348149"
"Vinmonopolet";"11289401";"MjÃ¸sa noe rÃ¸dt";"MjÃ¸sa noe rÃ¸dt";"2018";"155";"0.75";"206.67";"RÃ¸dvin";"Glass";"12.5";"1.6533333"
"Vinmonopolet";"11295601";"Birra B2O Xmastrong";"Birra B2O Xmastrong";"2019";"149.9";"0.75";"199.87";"Light ale";"Glass";"9.5";"2.1038597"
"Vinmonopolet";"11296001";"La Varenne du Poirier 2018";"La Varenne du Poirier";"2018";"269.9";"0.75";"359.87";"White wine";"Glass";"13";"2.7682052"
"Vinmonopolet";"11296101";"Bonnet Ponson CuvÃ©e Perpetuelle 1er Cru Extra Brut";"Bonnet Ponson CuvÃ©e Perpetuelle 1er Cru Extra Brut";"0";"399.9";"0.75";"533.2";"Champagne extra brut";"Glass";"12";"4.443333"
"Vinmonopolet";"11296201";"Pernot Belicart Puligny Montrachet Village 2018";"Pernot Belicart Puligny Montrachet Village";"2018";"549.9";"0.75";"733.2";"White wine";"Glass";"13.5";"5.4311113"
"Vinmonopolet";"11296801";"Majella Cabernet Sauvignon 2016";"Majella Cabernet Sauvignon";"2016";"235";"0.75";"313.33";"RÃ¸dvin";"Glass";"14.5";"2.1609194"
"Vinmonopolet";"11296902";"GrÃ¼nerlÃ¸kka Brygghus LÃ¸kka Jul";"GrÃ¼nerlÃ¸kka Brygghus LÃ¸kka Jul";"2019";"59.5";"0.33";"180.3";"Special";"Glass";"6.5";"2.7738926"
"Vinmonopolet";"11297102";"Ringnes Julebokk";"Ringnes Julebokk";"2019";"48";"0.33";"145.46";"MÃ¸rk lager";"Glass";"9";"1.6161616"
"Vinmonopolet";"11297202";"E.C. Dahls Sankt Olav";"E.C. Dahls Sankt Olav";"0";"69.9";"0.33";"211.82";"Trappist";"Glass";"9.1";"2.3276722"
"Vinmonopolet";"11297402";"Fjellbryggeriet Svartjoleftan JuleÃ¸l";"Fjellbryggeriet Svartjoleftan JuleÃ¸l";"0";"94.9";"0.5";"189.8";"Special";"Glass";"10";"1.898"
"Vinmonopolet";"11297501";"Baladin Noel Chocolate";"Baladin Noel Chocolate";"0";"159.9";"0.75";"213.2";"Special";"Glass";"8.5";"2.5082352"
"Vinmonopolet";"11297605";"Belgica Christmas";"Belgica Christmas";"0";"339.9";"1.5";"226.6";"Special";"Glass";"9";"2.5177777"
"Vinmonopolet";"11297902";"Midtfyns Funky Santa";"Midtfyns Funky Santa";"0";"89.9";"0.5";"179.8";"Special";"Glass";"8.5";"2.1152942"
"Vinmonopolet";"11298002";"Midtfyns Santas IPA";"Midtfyns Santas IPA";"0";"79.9";"0.5";"159.8";"India pale ale";"Glass";"6.5";"2.4584615"
"Vinmonopolet";"11298202";"BÃ¸gedal Jul #1";"BÃ¸gedal Jul #1";"2019";"119.8";"0.37";"328.22";"Special";"Glass";"6.9";"4.6925187"
"Vinmonopolet";"11298302";"BÃ¸gedal JuleBooster";"BÃ¸gedal JuleBooster";"2019";"124.8";"0.37";"341.92";"Special";"Glass";"7.7";"4.3804846"
"Vinmonopolet";"11298702";"Bryggerhuset JuleÃ¸l PinnekjÃ¸tt RÃ¸ybock";"Bryggerhuset JuleÃ¸l PinnekjÃ¸tt RÃ¸ybock";"0";"64.9";"0.33";"196.67";"MÃ¸rk lager";"Glass";"8";"2.4583333"
"Vinmonopolet";"11298902";"Mikkeller Hazy Holidays New England APA";"Mikkeller Hazy Holidays New England APA";"0";"59";"0.33";"178.79";"Light ale";"Glass";"4.9";"3.648732"
"Vinmonopolet";"11299002";"RÃ¸ros Bryggeri Santa's Malty Helper";"RÃ¸ros Bryggeri Santa's Malty Helper";"0";"84.7";"0.44";"187.95";"MÃ¸rk lager";"Emballasje med pant";"7";"2.75"
"Vinmonopolet";"11299102";"Wettre Julekula 2019";"Wettre Julekula";"2019";"99.9";"0.5";"199.8";"Barley wine	";"Glass";"8.5";"2.3505883"
"Vinmonopolet";"11299202";"Wettre Julekula Aquavit Barrel Edition";"Wettre Julekula Aquavit Barrel Edition";"2019";"99.9";"0.5";"199.8";"Barley wine	";"Glass";"8.5";"2.3505883"
"Vinmonopolet";"11299302";"OMA JuleÃ¸l";"OMA JuleÃ¸l";"0";"69.9";"0.33";"211.82";"MÃ¸rk lager";"Glass";"7";"3.025974"
"Vinmonopolet";"11299502";"FlÃ¥klypa Spesial JuleÃ¸l vol.#2";"FlÃ¥klypa Spesial JuleÃ¸l vol.#2";"0";"62.9";"0.33";"190.61";"MÃ¸rk lager";"Glass";"6.5";"2.932401"
"Vinmonopolet";"11300001";"Tya Bryggeri Grand Cru JuleÃ¸l";"Tya Bryggeri Grand Cru JuleÃ¸l";"0";"194.6";"0.75";"259.47";"Porter and stout";"Glass";"11.2";"2.3166668"
"Vinmonopolet";"11300502";"Loverbeer A renna glÃ¼h";"Loverbeer A renna glÃ¼h";"0";"149.8";"0.38";"399.47";"SurÃ¸l";"Glass";"8";"4.927632"
"Vinmonopolet";"11300601";"Lambrate Brighella";"Lambrate Brighella";"0";"139.7";"0.66";"211.67";"Special";"Glass";"9";"2.3518517"
"Vinmonopolet";"11301002";"Haandbryggeriet Julepils";"Haandbryggeriet Julepils";"0";"84.1";"0.44";"186.59";"Light lager";"Emballasje med pant";"5.5";"3.4752066"
"Vinmonopolet";"11301202";"Lervig Naughty & Nice Doppelbock";"Lervig Naughty & Nice Doppelbock";"0";"47.5";"0.33";"143.94";"MÃ¸rk lager";"Glass";"8";"1.7992424"
"Vinmonopolet";"11301302";"Lervig Christmas Crush Barrel aged Flemmish inspired red ale";"Lervig Christmas Crush Barrel aged Flemmish inspired red ale";"0";"130";"0.33";"393.94";"Red/amber";"Glass";"10";"3.9393938"
"Vinmonopolet";"11301402";"Lervig Hipster for Christmas Barrel Aged Barley Wine";"Lervig Hipster for Christmas Barrel Aged Barley Wine";"0";"130";"0.33";"387.88";"Barley wine	";"Emballasje med pant";"12";"3.282828"
"Vinmonopolet";"11301502";"7 Fjell No Cake for You! Christmas Imp Stout";"7 Fjell No Cake for You! Christmas Imp Stout";"0";"89.8";"0.33";"272.12";"Porter and stout";"Glass";"12.5";"2.1769698"
"Vinmonopolet";"11301602";"7 Fjell Mordraniht Dark Christmas Ale";"7 Fjell Mordraniht Dark Christmas Ale";"0";"64.9";"0.33";"196.67";"Special";"Glass";"8";"2.4583333"
"Vinmonopolet";"11301702";"7 Fjell Julesnop White Christmas Stout";"7 Fjell Julesnop White Christmas Stout";"0";"69.9";"0.33";"211.82";"Porter and stout";"Glass";"9";"2.3535354"
"Vinmonopolet";"11301802";"Schouskjellern Sur RÃ¸d Jul";"Schouskjellern Sur RÃ¸d Jul";"0";"59.9";"0.33";"181.52";"SurÃ¸l";"Glass";"5.5";"3.3002753"
"Vinmonopolet";"11301902";"Little Brother GrÃ¸nne tre velkommen";"Little Brother GrÃ¸nne tre velkommen";"0";"86.8";"0.33";"256.97";"Porter and stout";"Emballasje med pant";"10";"2.630303"
"Vinmonopolet";"11302002";"Little Brother Du glitrende god dag";"Little Brother Du glitrende god dag";"0";"78.8";"0.33";"232.73";"Trappist";"Emballasje med pant";"7";"3.4112554"
"Vinmonopolet";"11302402";"Amundsen Ashes to Ashes Imperial Stout 2019";"Amundsen Ashes to Ashes Imperial Stout";"2019";"94.9";"0.33";"281.52";"Porter and stout";"Emballasje med pant";"10.5";"2.7388167"
"Vinmonopolet";"11302502";"7 Fjell The Grinch Stolen IPA";"7 Fjell The Grinch Stolen IPA";"0";"57";"0.33";"166.67";"India pale ale";"Emballasje med pant";"6.5";"2.6573424"
"Vinmonopolet";"11303002";"De Tvende Winterwald Julebock";"De Tvende Winterwald Julebock";"0";"62.9";"0.33";"190.61";"MÃ¸rk lager";"Glass";"7.5";"2.541414"
"Vinmonopolet";"11303202";"Graff Julebokk Fatlagret";"Graff Julebokk Fatlagret";"0";"79.9";"0.33";"242.12";"MÃ¸rk lager";"Glass";"8.8";"2.7513773"
"Vinmonopolet";"11303801";"Ch. Lalaudey Moulis en MÃ©doc Cru Bourgeois 2016";"Ch. Lalaudey Moulis en MÃ©doc Cru Bourgeois";"2016";"239.9";"0.75";"319.87";"RÃ¸dvin";"Glass";"13.5";"2.3693826"
"Vinmonopolet";"11303802";"Ch. Lalaudey Moulis Medoc Cru Bourgeois 2016";"Ch. Lalaudey Moulis Medoc Cru Bourgeois";"2016";"139.9";"0.38";"373.07";"RÃ¸dvin";"Glass";"13.5";"2.7270954"
"Vinmonopolet";"11304702";"Jikiun Triple Decoction Christmas Dobbelbock";"Jikiun Triple Decoction Christmas Dobbelbock";"0";"68.9";"0.33";"202.73";"MÃ¸rk lager";"Emballasje med pant";"8";"2.6098485"
"Vinmonopolet";"11305101";"Corino Langhe Nebbiolo";"Corino Langhe Nebbiolo";"2017";"269.2";"0.75";"358.93";"RÃ¸dvin";"Glass";"14.5";"2.4754024"
"Vinmonopolet";"11305401";"Dom. de Bel Avenir Saint-Amour La GagÃ¨re 2018";"Dom. de Bel Avenir Saint-Amour La GagÃ¨re";"2018";"230";"0.75";"306.67";"RÃ¸dvin";"Glass";"14.5";"2.1149426"
"Vinmonopolet";"11305701";"Cristo de la Vega Halling vin RÃ¸d";"Cristo de la Vega Halling vin RÃ¸d";"2015";"155";"0.75";"206.67";"RÃ¸dvin";"Glass";"12.5";"1.6533333"
"Vinmonopolet";"11306002";"Ystad Aquavit";"Ystad Aquavit";"0";"481.3";"0.5";"962.6";"Aquavit";"Glass";"38";"2.5331578"
"Vinmonopolet";"11307102";"Haandbryggeriet Pils, pils!";"Haandbryggeriet Pils, pils!";"0";"60.8";"0.44";"133.64";"Light lager";"Emballasje med pant";"5.5";"2.5123966"
"Vinmonopolet";"11307701";"Nik Weis St. Urbans-Hof Wiltinger Schlangengraben Auslese 1996";"Nik Weis St. Urbans-Hof Wiltinger Schlangengraben Auslese";"1996";"790";"0.75";"1053.33";"White wine";"Glass";"8.5";"12.392157"
"Vinmonopolet";"11307802";"Nik Weis St. Urbans-Hof Laurentiuslay Trockenbeernauslese 2011";"Nik Weis St. Urbans-Hof Laurentiuslay Trockenbeernauslese";"2011";"2899";"0.38";"7730.67";"White wine";"Glass";"6";"127.149124"
"Vinmonopolet";"11307901";"SelskapsglÃ¸gg";"SelskapsglÃ¸gg";"0";"129.9";"0.75";"173.2";"Flavoured wine	";"Glass";"15";"1.1546667"
"Vinmonopolet";"11308002";"Little Brother EBB & Flow Farmhouse Edition 001";"Little Brother EBB & Flow Farmhouse Edition 001";"0";"61.9";"0.33";"181.52";"Saison farmhouse ale";"Emballasje med pant";"7";"2.6796536"
"Vinmonopolet";"11308102";"SmÃ¥ Sure Jungle Fruits";"SmÃ¥ Sure Jungle Fruits";"0";"159.9";"0.5";"319.8";"LikÃ¸r";"Plast";"16.4";"1.9499999"
"Vinmonopolet";"11308201";"Senesi Aretini Chianti 2018";"Senesi Aretini Chianti";"2018";"156.3";"0.75";"208.4";"RÃ¸dvin";"Glass";"13.5";"1.5437037"
"Vinmonopolet";"11308301";"Sangre de Toro Garnacha";"Sangre de Toro Garnacha";"2018";"149.9";"0.75";"199.87";"RÃ¸dvin";"Glass";"14";"1.427619"
"Vinmonopolet";"11308701";"Louis Bernard Cairanne 2018";"Louis Bernard Cairanne";"2018";"169.7";"0.75";"226.27";"RÃ¸dvin";"Glass";"14";"1.6161904"
"Vinmonopolet";"11309001";"Herrljunga GlÃ¸gg Ekologisk";"Herrljunga GlÃ¸gg Ekologisk";"0";"128.8";"0.75";"171.73";"Flavoured wine	";"Glass";"15";"1.1448889"
"Vinmonopolet";"11309101";"Birichino Grenache Besson Vineyard";"Birichino Grenache Besson Vineyard";"2017";"284.9";"0.75";"379.87";"RÃ¸dvin";"Glass";"13.5";"2.813827"
"Vinmonopolet";"11309201";"Pannonia Natur";"Pannonia Natur";"2017";"209.9";"0.75";"279.87";"RÃ¸dvin";"Glass";"13.5";"2.0730863"
"Vinmonopolet";"11309301";"Costalago Rosso Veronese 2016";"Costalago Rosso Veronese";"2016";"249.9";"0.75";"333.2";"RÃ¸dvin";"Glass";"14";"2.3799999"
"Vinmonopolet";"11310306";"Roche de Bellene Bellenos Cuvee Rouge";"Roche de Bellene Bellenos Cuvee Rouge";"0";"479.9";"3";"159.97";"RÃ¸dvin";"Bag-in-box";"12.5";"1.2797333"
"Vinmonopolet";"11310401";"Augenblick Riesling";"Augenblick Riesling";"2018";"114";"0.75";"152";"White wine";"Glass";"11";"1.3818182"
"Vinmonopolet";"11310501";"Cant. A. Martinelli Trentino Chardonnay 2018";"Cant. A. Martinelli Trentino Chardonnay";"2018";"299.8";"0.75";"399.73";"White wine";"Glass";"12.5";"3.1978664"
"Vinmonopolet";"11310601";"Clot de l'Oum Dolce & Gavatx 2018";"Clot de l'Oum Dolce & Gavatx";"2018";"228.9";"0.75";"305.2";"White wine";"Glass";"12";"2.5433333"
"Vinmonopolet";"11310701";"Baron Gaston Legrand Armagnac";"Baron Gaston Legrand Armagnac";"2000";"875";"0.7";"1250";"Grape spirit";"Glass";"40";"3.125"
"Vinmonopolet";"11310801";"LhÃ©raud Cognac Petite Champagne";"LhÃ©raud Cognac Petite Champagne";"1990";"3825";"0.7";"5464.29";"Grape spirit";"Glass";"48";"11.383928"
"Vinmonopolet";"11310901";"LillestrÃ¸m akevitten";"LillestrÃ¸m akevitten";"2019";"453";"0.7";"647.14";"Aquavit";"Glass";"40";"1.6178572"
"Vinmonopolet";"11311001";"Clos du Moulin aux Moines Pommard Premier Cru Clos Orgelot 2013";"Clos du Moulin aux Moines Pommard Premier Cru Clos Orgelot";"2013";"749.9";"0.75";"999.87";"RÃ¸dvin";"Glass";"12.5";"7.998934"
"Vinmonopolet";"11311102";"Omnipollo x Buxton Raspberry Meringue Ice Cream Pie";"Omnipollo x Buxton Raspberry Meringue Ice Cream Pie";"0";"125";"0.44";"284.09";"SurÃ¸l";"Metall";"6";"4.7348485"
"Vinmonopolet";"11311202";"Omnipollo x Buxton Lemon Meringue Ice Cream Pie";"Omnipollo x Buxton Lemon Meringue Ice Cream Pie";"0";"125";"0.44";"284.09";"SurÃ¸l";"Metall";"6";"4.7348485"
"Vinmonopolet";"11311301";"Maxime Trijol Petite Champagne";"Maxime Trijol Petite Champagne";"1969";"2400";"0.7";"3428.57";"Grape spirit";"Glass";"40";"8.571428"
"Vinmonopolet";"11311401";"Macime Trijol Fins Bois";"Macime Trijol Fins Bois";"1979";"2200";"0.7";"3142.86";"Grape spirit";"Glass";"40";"7.857143"
"Vinmonopolet";"11311502";"Eiker Hagelangs";"Eiker Hagelangs";"2018";"70.2";"0.33";"212.73";"Saison farmhouse ale";"Glass";"7";"3.0389607"
"Vinmonopolet";"11311601";"ABK6 Cognac XO Renaissance Single Estate";"ABK6 Cognac XO Renaissance Single Estate";"0";"1347.1";"0.7";"1924.43";"Grape spirit";"Glass";"40";"4.8110714"
"Vinmonopolet";"11311701";"ABK6 Cinnamon & Orange Cognac Liqueur";"ABK6 Cinnamon & Orange Cognac Liqueur";"0";"482.1";"0.7";"688.71";"LikÃ¸r";"Glass";"35";"1.9677552"
"Vinmonopolet";"11311801";"The Crossings Wild Pinot Noir 2017";"The Crossings Wild Pinot Noir";"2017";"239.9";"0.75";"319.87";"RÃ¸dvin";"Glass";"12.5";"2.5589333"
"Vinmonopolet";"11312001";"Enzo Bartoli Langhe Nebbiolo";"Enzo Bartoli Langhe Nebbiolo";"2017";"219.9";"0.75";"293.2";"RÃ¸dvin";"Glass";"13.5";"2.1718519"
"Vinmonopolet";"11312101";"TrÃ¸ndelag Cognac XO Special Reserve";"TrÃ¸ndelag Cognac XO Special Reserve";"0";"629";"0.7";"898.57";"Grape spirit";"Glass";"40";"2.2464287"
"Vinmonopolet";"11312201";"Moss 300 Cognac Xo";"Moss 300 Cognac Xo";"0";"629";"0.7";"898.57";"Grape spirit";"Glass";"40";"2.2464287"
"Vinmonopolet";"11312301";"Fjor-N rÃ¸dvin Toscana";"Fjor-N rÃ¸dvin Toscana";"2018";"155";"0.75";"206.67";"RÃ¸dvin";"Glass";"12.5";"1.6533333"
"Vinmonopolet";"11312502";"Ayinger Festmarzen";"Ayinger Festmarzen";"0";"59.9";"0.5";"119.8";"MÃ¸rk lager";"Glass";"5.8";"2.0655172"
"Vinmonopolet";"11312602";"Ayinger Bairisch Pils";"Ayinger Bairisch Pils";"0";"42.9";"0.33";"130";"Light lager";"Glass";"5.3";"2.45283"
"Vinmonopolet";"11312701";"GÃ©rard Courbis Saint-Joseph 2017";"GÃ©rard Courbis Saint-Joseph";"2017";"299.9";"0.75";"399.87";"RÃ¸dvin";"Glass";"12.5";"3.1989334"
"Vinmonopolet";"11312802";"Yeastie Boys Beautiful People Brett IPA";"Yeastie Boys Beautiful People Brett IPA";"0";"80";"0.44";"181.82";"India pale ale";"Metall";"6.7";"2.7137043"
"Vinmonopolet";"11312902";"8 Wired iStout Affogato Imperial Stout";"8 Wired iStout Affogato Imperial Stout";"0";"107.5";"0.44";"244.32";"Porter and stout";"Metall";"10";"2.4431818"
"Vinmonopolet";"11313002";"Deep Creek Wisdom IPA";"Deep Creek Wisdom IPA";"0";"89.9";"0.44";"204.32";"India pale ale";"Metall";"6.9";"2.961133"
"Vinmonopolet";"11313102";"Deep Creek Courage Double IPA";"Deep Creek Courage Double IPA";"0";"95";"0.44";"215.91";"India pale ale";"Metall";"8";"2.6988637"
"Vinmonopolet";"11313201";"Philippe Glavier Genesis";"Philippe Glavier Genesis";"0";"593.5";"0.75";"791.33";"Champagne, other";"Glass";"12";"6.5944443"
"Vinmonopolet";"11313301";"Philippe Glavier Emotion";"Philippe Glavier Emotion";"2012";"669.7";"0.75";"892.93";"Champagne, other";"Glass";"12";"7.441111"
"Vinmonopolet";"11313401";"Philippe Glavier Rubellite Celeste Grand Cru RosÃ©";"Philippe Glavier Rubellite Celeste Grand Cru RosÃ©";"0";"506.5";"0.75";"675.33";"Champagne, rosÃ©";"Glass";"12";"5.6277776"
"Vinmonopolet";"11316601";"Bottega Stardust Prosecco";"Bottega Stardust Prosecco";"0";"850";"0.75";"1133.33";"Sparkling wine";"Glass";"11";"10.30303"
"Vinmonopolet";"11316701";"Bergen 950 Cognac XO";"Bergen 950 Cognac XO";"0";"950";"0.7";"1357.14";"Grape spirit";"Glass";"42";"3.2312925"
"Vinmonopolet";"11316801";"Kontoret Riesling Reserve 2017";"Kontoret Riesling Reserve";"2017";"198";"0.75";"264";"White wine";"Glass";"11.5";"2.2956522"
"Vinmonopolet";"11316901";"Kontoret Cremant d'Alsace 2017";"Kontoret Cremant d'Alsace";"2017";"219";"0.75";"292";"Sparkling wine";"Glass";"11.5";"2.5391304"
"Vinmonopolet";"11318005";"Wongraven Alleanza Black Label 2016";"Wongraven Alleanza Black Label";"2016";"499.9";"1.5";"333.27";"RÃ¸dvin";"Glass";"14";"2.3804762"
"Vinmonopolet";"11318301";"Salcheto Rosso Di Montepulciano";"Salcheto Rosso Di Montepulciano";"2018";"242.9";"0.75";"323.87";"RÃ¸dvin";"Glass";"13";"2.491282"
"Vinmonopolet";"11318401";"Salcheto Nobile Di Montepulciano";"Salcheto Nobile Di Montepulciano";"2016";"339.2";"0.75";"452.27";"RÃ¸dvin";"Glass";"13.5";"3.3501236"
"Vinmonopolet";"11318501";"Les Cordeliers CrÃ©mant de Bordeaux Exclusive Brut";"Les Cordeliers CrÃ©mant de Bordeaux Exclusive Brut";"0";"169.9";"0.75";"226.53";"Sparkling wine";"Glass";"12";"1.8877777"
"Vinmonopolet";"11319001";"Kollwentz Chardonnay Leithakalk";"Kollwentz Chardonnay Leithakalk";"2018";"297";"0.75";"396";"White wine";"Glass";"13.5";"2.9333334"
"Vinmonopolet";"11319101";"Kollwentz BlaufrÃ¤nkisch Leithakalk";"Kollwentz BlaufrÃ¤nkisch Leithakalk";"2015";"298.9";"0.75";"398.53";"RÃ¸dvin";"Glass";"14";"2.8466666"
"Vinmonopolet";"11319208";"24 Ice Jule Ice (5x6,5cl)";"24 Ice Jule Ice (5x6,5cl)";"0";"114.9";"0.32";"353.54";"Other spirit";"Ãvrig";"5";"7.18125"
"Vinmonopolet";"11319301";"Hey French";"Hey French";"0";"369.9";"0.75";"493.2";"White wine";"Glass";"13";"3.7938461"
"Vinmonopolet";"11320701";"Between Five Bells Red 2016";"Between Five Bells Red";"2016";"324.9";"0.75";"433.2";"RÃ¸dvin";"Glass";"14.5";"2.9875863"
"Vinmonopolet";"11320801";"Between Five Bells Amber";"Between Five Bells Amber";"2018";"324.9";"0.75";"433.2";"White wine";"Glass";"13";"3.3323076"
"Vinmonopolet";"11320902";"Albino Armani Recioto della Valpolicella";"Albino Armani Recioto della Valpolicella";"2015";"259.9";"0.5";"519.8";"RÃ¸dvin";"Glass";"13.5";"3.8503702"
"Vinmonopolet";"11321004";"Lorenzo Inga My Limoncello";"Lorenzo Inga My Limoncello";"0";"149.9";"0.2";"749.5";"LikÃ¸r";"Glass";"30";"2.4983332"
"Vinmonopolet";"11321101";"Lorenzo Inga Maestro CafÃ©";"Lorenzo Inga Maestro CafÃ©";"0";"319.9";"0.7";"457";"LikÃ¸r";"Glass";"17";"2.6882353"
"Vinmonopolet";"11321201";"Hardanger Cideri Sider frÃ¥ Hardanger Bobler";"Hardanger Cideri Sider frÃ¥ Hardanger Bobler";"2018";"147.5";"0.75";"196.67";"Cider";"Glass";"7";"2.8095238"
"Vinmonopolet";"11321301";"Lorenzo Spumante Brut";"Lorenzo Spumante Brut";"2016";"199.3";"0.75";"265.73";"Sparkling wine";"Glass";"12.5";"2.1258667"
"Vinmonopolet";"11321401";"Between Five Bells PÃ©t-Nat 2018";"Between Five Bells PÃ©t-Nat";"2018";"297.7";"0.75";"396.93";"Sparkling white wine";"Glass";"11.5";"3.4515944"
"Vinmonopolet";"11321501";"Carmelo Rodero TMS 2015";"Carmelo Rodero TMS";"2015";"712.4";"0.75";"949.87";"RÃ¸dvin";"Glass";"14";"6.784762"
"Vinmonopolet";"11321601";"Carmelo Rodero Reserva 2015";"Carmelo Rodero Reserva";"2015";"407.5";"0.75";"543.33";"RÃ¸dvin";"Glass";"14.5";"3.7471263"
"Vinmonopolet";"11321701";"Cecilia Beretta Mizzole Valpolicella Superiore";"Cecilia Beretta Mizzole Valpolicella Superiore";"2017";"299.9";"0.75";"399.87";"RÃ¸dvin";"Glass";"13";"3.0758975"
"Vinmonopolet";"11321801";"Rivetto Langhe Nebbiolo Terracotta";"Rivetto Langhe Nebbiolo Terracotta";"2017";"399.9";"0.75";"533.2";"RÃ¸dvin";"Glass";"14";"3.8085713"
"Vinmonopolet";"11321901";"Rivetto Barolo Etter Vinteren";"Rivetto Barolo Etter Vinteren";"2015";"434.9";"0.75";"579.87";"RÃ¸dvin";"Glass";"14.5";"3.9990804"
"Vinmonopolet";"11322101";"Riecine La Gioia 2014";"Riecine La Gioia";"2014";"549";"0.75";"732";"RÃ¸dvin";"Glass";"13.5";"5.422222"
"Vinmonopolet";"11322201";"Stella di Campalto Brunello di Montalcino Riserva 2012";"Stella di Campalto Brunello di Montalcino Riserva";"2012";"1249";"0.75";"1665.33";"RÃ¸dvin";"Glass";"14";"11.895238"
"Vinmonopolet";"11322301";"Philip Togni Cabernet Sauvignon 2016";"Philip Togni Cabernet Sauvignon";"2016";"1399";"0.75";"1865.33";"RÃ¸dvin";"Glass";"14";"13.32381"
"Vinmonopolet";"11322401";"Ch. La Fleur Morange 2003";"Ch. La Fleur Morange";"2003";"599";"0.75";"798.67";"RÃ¸dvin";"Glass";"13.5";"5.9160495"
"Vinmonopolet";"11322501";"Ch. La Fleur Morange 2004";"Ch. La Fleur Morange";"2004";"599";"0.75";"798.67";"RÃ¸dvin";"Glass";"14";"5.704762"
"Vinmonopolet";"11322601";"Ch. La Fleur Morange 2002";"Ch. La Fleur Morange";"2002";"599";"0.75";"798.67";"RÃ¸dvin";"Glass";"13.5";"5.9160495"
"Vinmonopolet";"11322705";"Ch. La Fleur Morange 2003";"Ch. La Fleur Morange";"2003";"1299";"1.5";"866";"RÃ¸dvin";"Glass";"13.5";"6.414815"
"Vinmonopolet";"11322801";"Ch. Fombrauge 2006";"Ch. Fombrauge";"2006";"398.9";"0.75";"531.87";"RÃ¸dvin";"Glass";"14";"3.7990475"
"Vinmonopolet";"11322901";"Philip Togni Tanbark Hill Vineyard Cabernet Sauvignon 2016";"Philip Togni Tanbark Hill Vineyard Cabernet Sauvignon";"2016";"699";"0.75";"932";"RÃ¸dvin";"Glass";"14";"6.6571426"
"Vinmonopolet";"11323101";"Ch. Rieussec Sauternes 2005";"Ch. Rieussec Sauternes";"2005";"679.9";"0.75";"906.53";"White wine";"Glass";"14";"6.4752383"
"Vinmonopolet";"11323501";"Dom. Wachau GlÃ¼hwein";"Dom. Wachau GlÃ¼hwein";"0";"145";"0.75";"193.33";"Flavoured wine	";"Glass";"9.5";"2.0350878"
"Vinmonopolet";"11323602";"Oslow Wine Spritzer Nordic Berries";"Oslow Wine Spritzer Nordic Berries";"0";"61.9";"0.33";"181.52";"Flavoured wine	";"Emballasje med pant";"8.5";"2.2067735"
"Vinmonopolet";"11323701";"Muga Seleccion Especial 2004";"Muga Seleccion Especial";"2004";"749.9";"0.75";"999.87";"RÃ¸dvin";"Glass";"14";"7.141905"
"Vinmonopolet";"11323801";"Muga Seleccion Especial 2005";"Muga Seleccion Especial";"2005";"699.9";"0.75";"933.2";"RÃ¸dvin";"Glass";"14";"6.6657147"
"Vinmonopolet";"11323901";"Maximin GrÃ¼nhaus Abstberg Auslese 2018";"Maximin GrÃ¼nhaus Abstberg Auslese";"2018";"449.9";"0.75";"599.87";"White wine";"Glass";"8";"7.4983335"
"Vinmonopolet";"11324001";"Maximin GrÃ¼nhaus Herrenberg Auslese 2018";"Maximin GrÃ¼nhaus Herrenberg Auslese";"2018";"479.9";"0.75";"639.87";"White wine";"Glass";"7.5";"8.531555"
"Vinmonopolet";"11324101";"Almadi Prosecco";"Almadi Prosecco";"0";"118.9";"0.75";"158.53";"Sparkling wine";"Glass";"11";"1.4412122"
"Vinmonopolet";"11324205";"Pago de Carraovejas 2016";"Pago de Carraovejas";"2016";"702.9";"1.5";"468.6";"RÃ¸dvin";"Glass";"15";"3.124"
"Vinmonopolet";"11330905";"Fontanabianca Barbaresco Bordini 2016";"Fontanabianca Barbaresco Bordini";"2016";"999";"1.5";"666";"RÃ¸dvin";"Glass";"14.5";"4.5931034"
"Vinmonopolet";"11331101";"Teeda 5 YO Japanese Rum";"Teeda 5 YO Japanese Rum";"0";"899.9";"0.7";"1285.57";"Rum";"Glass";"40";"3.2139287"
"Vinmonopolet";"11331201";"The Matsui Single Malt Mizunara Cask";"The Matsui Single Malt Mizunara Cask";"0";"1159.9";"0.7";"1657";"Whisky";"Glass";"48";"3.4520833"
"Vinmonopolet";"11331302";"La Tomato Japanese Liqueur";"La Tomato Japanese Liqueur";"0";"289.9";"0.5";"579.8";"Other spirit";"Glass";"18";"3.221111"
"Vinmonopolet";"11331401";"Indian Summer Cask Strength Gin ex sherry Ardmore Peated Cask";"Indian Summer Cask Strength Gin ex sherry Ardmore Peated Cask";"0";"875";"0.7";"1250";"Gin";"Glass";"56.3";"2.2202487"
"Vinmonopolet";"11331501";"The Matsui Single Malt Sakura Cask";"The Matsui Single Malt Sakura Cask";"0";"1159.9";"0.7";"1657";"Whisky";"Glass";"48";"3.4520833"
"Vinmonopolet";"11331601";"The Matsui Single Malt Peated";"The Matsui Single Malt Peated";"0";"1159.9";"0.7";"1657";"Whisky";"Glass";"48";"3.4520833"
"Vinmonopolet";"11331701";"BenRiach Peated Rum Single Cask 10 YO";"BenRiach Peated Rum Single Cask 10 YO";"0";"879.2";"0.7";"1256";"Whisky";"Glass";"59.7";"2.1038527"
"Vinmonopolet";"11331801";"Ossian Capitel 2016";"Ossian Capitel";"2016";"597.9";"0.75";"797.2";"White wine";"Glass";"14";"5.694286"
"Vinmonopolet";"11331902";"PÃµhjala Cellar Series Odravein Bourbon BA";"PÃµhjala Cellar Series Odravein Bourbon BA";"0";"109";"0.33";"330.3";"Barley wine	";"Glass";"14";"2.3593073"
"Vinmonopolet";"11332002";"Toten Cognac Old Premium XO";"Toten Cognac Old Premium XO";"0";"480";"0.5";"960";"Grape spirit";"Glass";"40";"2.4"
"Vinmonopolet";"11332101";"Bruce Cabernet Franc 2017";"Bruce Cabernet Franc";"2017";"266.2";"0.75";"354.93";"RÃ¸dvin";"Glass";"14";"2.5352383"
"Vinmonopolet";"11332201";"BenoÃ®t Charbonnaud Saint-Aubin Premier Cru Les PerriÃ¨res 1997";"BenoÃ®t Charbonnaud Saint-Aubin Premier Cru Les PerriÃ¨res";"1997";"489.9";"0.75";"653.2";"RÃ¸dvin";"Glass";"13";"5.0246153"
"Vinmonopolet";"11332301";"A Tribute to Grace Vie Caprice Grenache 2017";"A Tribute to Grace Vie Caprice Grenache";"2017";"449";"0.75";"598.67";"RÃ¸dvin";"Glass";"14";"4.2761903"
"Vinmonopolet";"11332401";"Mayacamas Cabernet Sauvignon 2015";"Mayacamas Cabernet Sauvignon";"2015";"995";"0.75";"1326.67";"RÃ¸dvin";"Glass";"13.8";"9.613526"
"Vinmonopolet";"11332701";"Oslo En god rÃ¸d";"Oslo En god rÃ¸d";"0";"144";"0.75";"192";"RÃ¸dvin";"Glass";"12.5";"1.536"
"Vinmonopolet";"11332801";"Asker En god rÃ¸d";"Asker En god rÃ¸d";"0";"144";"0.75";"192";"RÃ¸dvin";"Glass";"12.5";"1.536"
"Vinmonopolet";"11332901";"BodÃ¸ En god rÃ¸d";"BodÃ¸ En god rÃ¸d";"0";"148";"0.75";"197.33";"RÃ¸dvin";"Glass";"12.5";"1.5786667"
"Vinmonopolet";"11333101";"Sandefjord En god rÃ¸d";"Sandefjord En god rÃ¸d";"0";"154.7";"0.75";"206.27";"RÃ¸dvin";"Glass";"12.5";"1.6501333"
"Vinmonopolet";"11333701";"Santa Trinita God Jul Toscano Rosso";"Santa Trinita God Jul Toscano Rosso";"0";"144.6";"0.75";"192.8";"RÃ¸dvin";"Glass";"11.5";"1.6765218"
"Vinmonopolet";"11333801";"Selection Olivier Blanc XO Artisanal Dom. Chainier";"Selection Olivier Blanc XO Artisanal Dom. Chainier";"0";"995";"0.7";"1421.43";"Grape spirit";"Glass";"40";"3.5535715"
"Vinmonopolet";"11334001";"Saint Nicolas Plante Gate 2012";"Saint Nicolas Plante Gate";"2012";"565.7";"0.75";"754.27";"RÃ¸dvin";"Glass";"13.5";"5.5871606"
"Vinmonopolet";"11334101";"Goisot Bourgogne CÃ´tes d'Auxerre Biaumont 2017";"Goisot Bourgogne CÃ´tes d'Auxerre Biaumont";"2017";"386.4";"0.75";"515.2";"White wine";"Glass";"13";"3.9630768"
"Vinmonopolet";"11334201";"Goisot Saint-Bris Exogyra Virgula 2018";"Goisot Saint-Bris Exogyra Virgula";"2018";"288.6";"0.75";"384.8";"White wine";"Glass";"12.7";"3.0299213"
"Vinmonopolet";"11334301";"Saint Nicolas Jacques Rouge 2014";"Saint Nicolas Jacques Rouge";"2014";"393";"0.75";"524";"White wine";"Glass";"13.5";"3.8814814"
"Vinmonopolet";"11334401";"Goisot Bourgogne CÃ´tes d'Auxerre 2018";"Goisot Bourgogne CÃ´tes d'Auxerre";"2018";"288.5";"0.75";"384.67";"White wine";"Glass";"13";"2.9589744"
"Vinmonopolet";"11334601";"Glenfarclas The Family Casks 1998 Cask No. 1698";"Glenfarclas The Family Casks  Cask No.";"0";"1990";"0.7";"2842.86";"Whisky";"Glass";"52.4";"5.4252996"
"Vinmonopolet";"11335001";"Inara Pinot Noir 2018";"Inara Pinot Noir";"2018";"285.2";"0.75";"380.27";"RÃ¸dvin";"Glass";"13";"2.9251282"
"Vinmonopolet";"11335101";"Fritz Haag Brauneberger Juffer Sonnenuhr Riesling Auslese 2018";"Fritz Haag Brauneberger Juffer Sonnenuhr Riesling Auslese";"2018";"546";"0.75";"728";"White wine";"Glass";"7.5";"9.706667"
"Vinmonopolet";"11335201";"Longrow Red 11 YO Pinot Noir Cask";"Longrow Red 11 YO Pinot Noir Cask";"0";"1084.4";"0.7";"1549.14";"Whisky";"Glass";"53.1";"2.9174068"
"Vinmonopolet";"11335301";"Hazelburn 14 YO Oloroso Cask";"Hazelburn 14 YO Oloroso Cask";"0";"999";"0.7";"1427.14";"Whisky";"Glass";"49.3";"2.8948133"
"Vinmonopolet";"11335401";"Dom. Marcoux ChÃ¢teauneuf-du-Pape 2016";"Dom. Marcoux ChÃ¢teauneuf-du-Pape";"2016";"499.9";"0.75";"666.53";"RÃ¸dvin";"Glass";"15.5";"4.300215"
"Vinmonopolet";"11335501";"Matrot Meursault Rouge 2016";"Matrot Meursault Rouge";"2016";"409";"0.75";"545.33";"RÃ¸dvin";"Glass";"13";"4.194872"
"Vinmonopolet";"11335601";"Matrot Meursault Rouge 2017";"Matrot Meursault Rouge";"2017";"412";"0.75";"549.33";"RÃ¸dvin";"Glass";"13";"4.2256413"
"Vinmonopolet";"11335701";"Talenti Brunello di Montalcino 2014";"Talenti Brunello di Montalcino";"2014";"425";"0.75";"566.67";"RÃ¸dvin";"Glass";"14.5";"3.908046"
"Vinmonopolet";"11335805";"Talenti Brunello di Montalcino 2014";"Talenti Brunello di Montalcino";"2014";"929.9";"1.5";"619.93";"RÃ¸dvin";"Glass";"14.5";"4.2754025"
"Vinmonopolet";"11335905";"Talenti Brunello di Montalcino Riserva 2013";"Talenti Brunello di Montalcino Riserva";"2013";"1250";"1.5";"833.33";"RÃ¸dvin";"Glass";"14.5";"5.7471266"
"Vinmonopolet";"11336001";"Claude Cazals Clos Cazals Grand Cru Blanc de Blancs Extra Brut 2008";"Claude Cazals Clos Cazals Grand Cru Blanc de Blancs Extra Brut";"2008";"1068";"0.75";"1424";"Champagne extra brut";"Glass";"12.5";"11.392"
"Vinmonopolet";"11336101";"Cavallotto Barolo Vignolo Riserva 2013";"Cavallotto Barolo Vignolo Riserva";"2013";"1068";"0.75";"1424";"RÃ¸dvin";"Glass";"14.5";"9.820689"
"Vinmonopolet";"11336201";"Cavallotto Barolo Bricco Boschis Vigna San Giuseppe Riserva 2013";"Cavallotto Barolo Bricco Boschis Vigna San Giuseppe Riserva";"2013";"1288";"0.75";"1717.33";"RÃ¸dvin";"Glass";"14.5";"11.843678"
"Vinmonopolet";"11336305";"Talenti Brunello di Montalcino Riserva 2012";"Talenti Brunello di Montalcino Riserva";"2012";"1250";"1.5";"833.33";"RÃ¸dvin";"Glass";"15";"5.5555553"
"Vinmonopolet";"11336405";"Cavallotto Barolo Bricco Boschis Vigna San Giuseppe Riserva 2013";"Cavallotto Barolo Bricco Boschis Vigna San Giuseppe Riserva";"2013";"2588.1";"1.5";"1725.4";"RÃ¸dvin";"Glass";"14.5";"11.899311"
"Vinmonopolet";"11336501";"Luigi Baudana Barolo Baudana 2015";"Luigi Baudana Barolo Baudana";"2015";"525";"0.75";"700";"RÃ¸dvin";"Glass";"14";"5"
"Vinmonopolet";"11336601";"Luigi Baudana Barolo Cerretta 2015";"Luigi Baudana Barolo Cerretta";"2015";"525";"0.75";"700";"RÃ¸dvin";"Glass";"14";"5"
"Vinmonopolet";"11336701";"Fattoria Intatto Rosso Piceno";"Fattoria Intatto Rosso Piceno";"2018";"129.8";"0.75";"173.07";"RÃ¸dvin";"Glass";"12.5";"1.3845334"
"Vinmonopolet";"11336802";"Lervig Konrad's Stout";"Lervig Konrad's Stout";"0";"75.9";"0.33";"223.94";"Porter and stout";"Emballasje med pant";"10.4";"2.2115386"
"Vinmonopolet";"11336901";"Highland Queen 12 YO Single Malt";"Highland Queen 12 YO Single Malt";"0";"479.9";"0.7";"685.57";"Whisky";"Glass";"40";"1.7139286"
"Vinmonopolet";"11337101";"Corralejo 99000 Horas AÃ±ejo";"Corralejo 0 Horas AÃ±ejo";"0";"779.9";"0.7";"1114.14";"Fruit spirit";"Glass";"38";"2.931955"
"Vinmonopolet";"11337208";"Sibona Grappa Collezione (3x20 cl)";"Sibona Grappa Collezione (3x20 cl)";"0";"729.9";"0.6";"1216.5";"Grape spirit";"Ãvrig";"44";"2.7647727"
"Vinmonopolet";"11338301";"Anthill Farms North Coast Chardonnay";"Anthill Farms North Coast Chardonnay";"0";"329";"0.75";"438.67";"White wine";"Glass";"13.1";"3.3486004"
"Vinmonopolet";"11338401";"Anthill Farms North Coast Pinot Noir";"Anthill Farms North Coast Pinot Noir";"0";"299";"0.75";"398.67";"RÃ¸dvin";"Glass";"13.4";"2.9751244"
"Vinmonopolet";"11338501";"Anthill Farms Peters Vineyard Syrah 2016";"Anthill Farms Peters Vineyard Syrah";"2016";"398";"0.75";"530.67";"RÃ¸dvin";"Glass";"13.7";"3.8734794"
"Vinmonopolet";"11338601";"Graham's Single Harvest Tawny 1940";"Graham's Single Harvest Tawny";"1940";"9000";"0.75";"12000";"Port wine";"Glass";"20";"60"
"Vinmonopolet";"11338701";"Rabl Schenkenbichl Riesling Alte Reben";"Rabl Schenkenbichl Riesling Alte Reben";"2017";"299.9";"0.75";"399.87";"White wine";"Glass";"13.5";"2.9619753"
"Vinmonopolet";"11338801";"Santa Helena Varietal CarmÃ©nÃ¨re";"Santa Helena Varietal CarmÃ©nÃ¨re";"2018";"129.9";"1";"129.9";"RÃ¸dvin";"Plast";"13";"0.99923074"
"Vinmonopolet";"11339001";"Il Borro Petruna Sangiovese in Anfora 2017";"Il Borro Petruna Sangiovese in Anfora";"2017";"599";"0.75";"798.67";"RÃ¸dvin";"Glass";"13";"6.14359"
"Vinmonopolet";"11339101";"Il Borro Toscana";"Il Borro Toscana";"2015";"549";"0.75";"732";"RÃ¸dvin";"Glass";"14.5";"5.048276"
"Vinmonopolet";"11339304";"Merry Christmas Ugly Sweater White";"Merry Christmas Ugly Sweater White";"2018";"53.9";"0.19";"288.24";"White wine";"Glass";"12.5";"2.2694738"
"Vinmonopolet";"11339404";"A Grown Up Stocking Stuffer Red";"A Grown Up Stocking Stuffer Red";"2018";"53.9";"0.19";"288.24";"RÃ¸dvin";"Glass";"13";"2.1821864"
"Vinmonopolet";"11339506";"MarquÃ©s de CÃ¡ceres Cristina Garnacha";"MarquÃ©s de CÃ¡ceres Cristina Garnacha";"2018";"489.9";"3";"163.3";"RÃ¸dvin";"Bag-in-box";"14";"1.1664286"
"Vinmonopolet";"11339601";"Fontanafredda Barolo Riserva 1999";"Fontanafredda Barolo Riserva";"1999";"1299.9";"0.75";"1733.2";"RÃ¸dvin";"Glass";"13.5";"12.838519"
"Vinmonopolet";"11339705";"Fontanafredda Vigna La Rosa 1996";"Fontanafredda Vigna La Rosa";"1996";"2749.9";"1.5";"1833.27";"RÃ¸dvin";"Glass";"13.5";"13.579753"
"Vinmonopolet";"11339801";"Larsen Viking Ship Christmas 19";"Larsen Viking Ship Christmas 19";"0";"2199.9";"0.7";"3142.71";"Grape spirit";"Glass";"40";"7.8567853"
"Vinmonopolet";"11339901";"Grape Gambler GSM";"Grape Gambler GSM";"0";"149.9";"0.75";"199.87";"RÃ¸dvin";"Glass";"13.5";"1.4804938"
"Vinmonopolet";"11340001";"Enzo Bartoli Barolo";"Enzo Bartoli Barolo";"2015";"269.9";"0.75";"359.87";"RÃ¸dvin";"Glass";"13.5";"2.665679"
"Vinmonopolet";"11340101";"Blossa 19 Aloha";"Blossa 19 Aloha";"2018";"159.9";"0.75";"213.2";"Flavoured wine	";"Glass";"15";"1.4213333"
"Vinmonopolet";"11340202";"Larsen Cooper's Selection Double Toasted VSOP";"Larsen Cooper's Selection Double Toasted VSOP";"0";"369.9";"0.5";"739.8";"Grape spirit";"Glass";"40";"1.8495"
"Vinmonopolet";"11340301";"Berlucchi 61 Brut Franciacorta";"Berlucchi 61 Brut Franciacorta";"2019";"292.5";"0.75";"390";"Sparkling wine";"Glass";"12.5";"3.12"
"Vinmonopolet";"11340401";"Samuel Billaud Chablis 1. Cru Les Vaillons 2017";"Samuel Billaud Chablis 1. Cru Les Vaillons";"2017";"384.9";"0.75";"513.2";"White wine";"Glass";"13";"3.9476922"
"Vinmonopolet";"11340501";"Janare Falanghina del Sannio";"Janare Falanghina del Sannio";"2018";"169.9";"0.75";"226.53";"White wine";"Glass";"13.5";"1.6780246"
"Vinmonopolet";"11340601";"Fatt. dei Barbi Maremma Toscana";"Fatt. dei Barbi Maremma Toscana";"2017";"209.9";"0.75";"279.87";"RÃ¸dvin";"Glass";"14";"1.9990475"
"Vinmonopolet";"11340701";"Janare Aglianico del Sannio";"Janare Aglianico del Sannio";"2017";"169.9";"0.75";"226.53";"RÃ¸dvin";"Glass";"13";"1.7425641"
"Vinmonopolet";"11340801";"Ch. de Rochemorin Rouge";"Ch. de Rochemorin Rouge";"2015";"249.9";"0.75";"333.2";"RÃ¸dvin";"Glass";"14";"2.3799999"
"Vinmonopolet";"11340901";"Leonce Vermouth Rouge";"Leonce Vermouth Rouge";"0";"199.9";"0.75";"266.53";"Vermouth";"Glass";"16";"1.6658332"
"Vinmonopolet";"11341001";"Pedralonga Doumia";"Pedralonga Doumia";"2017";"219.9";"0.75";"293.2";"RÃ¸dvin";"Glass";"12";"2.4433331"
"Vinmonopolet";"11341101";"Corbon Avize Grand Cru Les Bacchantes 2009";"Corbon Avize Grand Cru Les Bacchantes";"2009";"599.9";"0.75";"799.87";"Champagne extra brut";"Glass";"12";"6.665556"
"Vinmonopolet";"11341201";"Corbon Avize Les Bacchantes RosÃ© de SaignÃ©e 2015";"Corbon Avize Les Bacchantes RosÃ© de SaignÃ©e";"2015";"599.9";"0.75";"799.87";"Champagne, rosÃ©";"Glass";"12";"6.665556"
"Vinmonopolet";"11341401";"Bod. Fulcro Pedreira Blanco 2018";"Bod. Fulcro Pedreira Blanco";"2018";"212.9";"0.75";"283.87";"White wine";"Glass";"13";"2.1835897"
"Vinmonopolet";"11341501";"Bod. Fulcro Pescuda Blanco 2018";"Bod. Fulcro Pescuda Blanco";"2018";"194.9";"0.75";"259.87";"White wine";"Glass";"13";"1.9989743"
"Vinmonopolet";"11341601";"Bod. Fulcro Pescuda Tinto 2018";"Bod. Fulcro Pescuda Tinto";"2018";"209.9";"0.75";"279.87";"RÃ¸dvin";"Glass";"13";"2.1528203"
"Vinmonopolet";"11341701";"Bod. Fulcro O Equilibrio 2018";"Bod. Fulcro O Equilibrio";"2018";"259.9";"0.75";"346.53";"White wine";"Glass";"13";"2.665641"
"Vinmonopolet";"11341801";"Bod. Fulcro Aliaxe 2017";"Bod. Fulcro Aliaxe";"2017";"259.9";"0.75";"346.53";"RÃ¸dvin";"Glass";"11.5";"3.0133333"
"Vinmonopolet";"11342001";"Carpineto Chianti Classico Gran Selezione";"Carpineto Chianti Classico Gran Selezione";"2015";"429.9";"0.75";"573.2";"RÃ¸dvin";"Glass";"14";"4.0942855"
"Vinmonopolet";"11342105";"Kopke Vintage Porto 2017";"Kopke Vintage Porto";"2017";"1071.9";"1.5";"714.6";"Port wine";"Glass";"20";"3.5730002"
"Vinmonopolet";"11342301";"Amrut Two Indies Rum";"Amrut Two Indies Rum";"0";"535";"0.7";"764.29";"Rum";"Glass";"42.8";"1.7857144"
"Vinmonopolet";"11342401";"ÃvadÃ© Single Malt Peated Whisky";"ÃvadÃ© Single Malt Peated Whisky";"0";"775";"0.7";"1107.14";"Whisky";"Glass";"43";"2.574751"
"Vinmonopolet";"11342501";"ÃvadÃ© Single Malt Whisky";"ÃvadÃ© Single Malt Whisky";"0";"720";"0.7";"1028.57";"Whisky";"Glass";"40";"2.5714285"
"Vinmonopolet";"11342601";"Sakurao Original";"Sakurao Original";"0";"899";"0.7";"1284.29";"Gin";"Glass";"47";"2.7325227"
"Vinmonopolet";"11342701";"Okayama Single Malt Whisky";"Okayama Single Malt Whisky";"0";"1924";"0.7";"2748.57";"Whisky";"Glass";"40";"6.8714285"
"Vinmonopolet";"11342802";"Akashi Single Malt Whisky 3 YO Sake cask";"Akashi Single Malt Whisky 3 YO Sake cask";"0";"1350";"0.5";"2700";"Whisky";"Glass";"50";"5.4"
"Vinmonopolet";"11344001";"Villa Guelpa Sizzano";"Villa Guelpa Sizzano";"2016";"299.9";"0.75";"399.87";"RÃ¸dvin";"Glass";"13.5";"2.9619753"
"Vinmonopolet";"11344101";"Ancarani Indigeno";"Ancarani Indigeno";"2018";"199.9";"0.75";"266.53";"Sparkling white wine";"Glass";"11.5";"2.317681"
"Vinmonopolet";"11344201";"Soerlie Hors d'Age Grande Champagne";"Soerlie Hors d'Age Grande Champagne";"0";"1079";"0.7";"1541.43";"Grape spirit";"Glass";"45";"3.425397"
"Vinmonopolet";"11344301";"Ancarani Signore Famoso";"Ancarani Signore Famoso";"2018";"189.9";"0.75";"253.2";"White wine";"Glass";"11.5";"2.201739"
"Vinmonopolet";"11344401";"Ancarani Perlagioia";"Ancarani Perlagioia";"2018";"194.9";"0.75";"259.87";"White wine";"Glass";"12.5";"2.0789332"
"Vinmonopolet";"11344501";"Ancarani Biagio Antico Romagna Sangiovese Superiore";"Ancarani Biagio Antico Romagna Sangiovese Superiore";"2017";"199.9";"0.75";"266.53";"RÃ¸dvin";"Glass";"13";"2.0502563"
"Vinmonopolet";"11344601";"Pianetto Insolia";"Pianetto Insolia";"2018";"179.9";"0.75";"239.87";"White wine";"Glass";"12.5";"1.9189333"
"Vinmonopolet";"11344801";"Christmann Pfarrwingert Weissburgunder Trocken 2018";"Christmann Pfarrwingert Weissburgunder Trocken";"2018";"274.9";"0.75";"366.53";"White wine";"Glass";"12";"3.0544443"
"Vinmonopolet";"11344901";"Knipser SteinbÃ¼ckel Riesling GG";"Knipser SteinbÃ¼ckel Riesling GG";"2017";"359.9";"0.75";"479.87";"White wine";"Glass";"12.5";"3.8389332"
"Vinmonopolet";"11345001";"De Venoge Princes Extra Brut";"De Venoge Princes Extra Brut";"0";"655";"0.75";"873.33";"Champagne extra brut";"Glass";"12";"7.2777777"
"Vinmonopolet";"11345101";"De Venoge Princes Blanc de Noir";"De Venoge Princes Blanc de Noir";"0";"655";"0.75";"873.33";"Champagne, brut";"Glass";"12";"7.2777777"
"Vinmonopolet";"11345201";"Kavalan Podium Single Malt Whisky";"Kavalan Podium Single Malt Whisky";"0";"759.9";"0.7";"1085.57";"Whisky";"Glass";"46";"2.359938"
"Vinmonopolet";"11345301";"Bantu Cannonau di Sardegna 2017";"Bantu Cannonau di Sardegna";"2017";"149.9";"0.75";"199.87";"RÃ¸dvin";"Glass";"13.5";"1.4804938"
"Vinmonopolet";"11345401";"Domaine du Vieux Pressoir Saumur Elegance 2018";"Domaine du Vieux Pressoir Saumur Elegance";"2018";"159.9";"0.75";"213.2";"White wine";"Glass";"13.5";"1.5792592"
"Vinmonopolet";"11345602";"Planat Hors d'Age Grande Champagne";"Planat Hors d'Age Grande Champagne";"0";"794.3";"0.5";"1588.6";"Grape spirit";"Glass";"45";"3.5302222"
"Vinmonopolet";"11345801";"Vincent Paris Cornas Granit 60 2017";"Vincent Paris Cornas Granit 60";"2017";"449.9";"0.75";"599.87";"RÃ¸dvin";"Glass";"13";"4.614359"
"Vinmonopolet";"11345901";"Gonon Saint-Joseph 2017";"Gonon Saint-Joseph";"2017";"473.9";"0.75";"631.87";"RÃ¸dvin";"Glass";"13.5";"4.680494"
"Vinmonopolet";"11346001";"Valmaggiore Roero Reserva 2015";"Valmaggiore Roero Reserva";"2015";"499.9";"0.75";"666.53";"RÃ¸dvin";"Glass";"14";"4.7609525"
"Vinmonopolet";"11346101";"Lambert Bourgenne Saumur BrÃ©zÃ© Chenin 2016";"Lambert Bourgenne Saumur BrÃ©zÃ© Chenin";"2016";"479.9";"0.75";"639.87";"White wine";"Glass";"13";"4.9220514"
"Vinmonopolet";"11346201";"Le Piane Boca 2013";"Le Piane Boca";"2013";"549.9";"0.75";"733.2";"RÃ¸dvin";"Glass";"12.5";"5.8656"
"Vinmonopolet";"11346301";"Lejeune Pommard 1er Cru Les ArgilliÃ¨res 2017";"Lejeune Pommard 1er Cru Les ArgilliÃ¨res";"2017";"599.9";"0.75";"799.87";"RÃ¸dvin";"Glass";"13";"6.1528206"
"Vinmonopolet";"11346401";"Leroux Savigny-les-Beaune 1er Cru Les Hauts Jarrons 2017";"Leroux Savigny-les-Beaune 1er Cru Les Hauts Jarrons";"2017";"435";"0.75";"580";"RÃ¸dvin";"Glass";"13";"4.4615383"
"Vinmonopolet";"11346501";"Leroux Pommard 2017";"Leroux Pommard";"2017";"539.9";"0.75";"719.87";"RÃ¸dvin";"Glass";"13";"5.537436"
"Vinmonopolet";"11346601";"Leroux Volnay 1er Cru Clos de la Cave des Ducs 2017";"Leroux Volnay 1er Cru Clos de la Cave des Ducs";"2017";"791.9";"0.75";"1055.87";"RÃ¸dvin";"Glass";"13";"8.122051"
"Vinmonopolet";"11346701";"Dom. Rion Nuits-Saint-Georges 1er Cru Clos des ArgilliÃ¨res";"Dom. Rion Nuits-Saint-Georges 1er Cru Clos des ArgilliÃ¨res";"2017";"720";"0.75";"960";"RÃ¸dvin";"Glass";"13";"7.3846154"
"Vinmonopolet";"11346801";"Dom. Rion Nuits-Saint-Georges 1er Cru Clos Saint Marc 2017";"Dom. Rion Nuits-Saint-Georges 1er Cru Clos Saint Marc";"2017";"872";"0.75";"1162.67";"RÃ¸dvin";"Glass";"13";"8.94359"
"Vinmonopolet";"11346901";"Dom. Rion Chambolle-Musigny 1er Cru Les Charmes 2017";"Dom. Rion Chambolle-Musigny 1er Cru Les Charmes";"2017";"872";"0.75";"1162.67";"RÃ¸dvin";"Glass";"13";"8.94359"
"Vinmonopolet";"11347001";"BrÃ©geon Clisson Muscadet de SÃ¨vre et Maine 2014";"BrÃ©geon Clisson Muscadet de SÃ¨vre et Maine";"2014";"289.9";"0.75";"386.53";"White wine";"Glass";"13";"2.9733334"
"Vinmonopolet";"11347101";"Lamy Saint-Aubin La PrincÃ©e 2017";"Lamy Saint-Aubin La PrincÃ©e";"2017";"399.9";"0.75";"533.2";"White wine";"Glass";"13";"4.101538"
"Vinmonopolet";"11347201";"Cigliuti Barbaresco Serraboella 2015";"Cigliuti Barbaresco Serraboella";"2015";"529.9";"0.75";"706.53";"RÃ¸dvin";"Glass";"15";"4.7102222"
"Vinmonopolet";"11347301";"Cigliuti Langhe Nebbiolo 2018";"Cigliuti Langhe Nebbiolo";"2018";"305.1";"0.75";"406.8";"RÃ¸dvin";"Glass";"14.5";"2.8055172"
"Vinmonopolet";"11347401";"Cigliuti Barbaresco Vie Erte 2016";"Cigliuti Barbaresco Vie Erte";"2016";"435";"0.75";"580";"RÃ¸dvin";"Glass";"15";"3.8666666"
"Vinmonopolet";"11347501";"MalvirÃ  Treuve Langhe Bianco 2013";"MalvirÃ  Treuve Langhe Bianco";"2013";"238.9";"0.75";"318.53";"White wine";"Glass";"13";"2.4502563"
"Vinmonopolet";"11347601";"Ingenting N'DAR Merlot";"Ingenting N'DAR Merlot";"2018";"190";"0.75";"253.33";"RÃ¸dvin";"Glass";"13";"1.948718"
"Vinmonopolet";"11347701";"Ingenting Ribolla Gialla";"Ingenting Ribolla Gialla";"2018";"190";"0.75";"253.33";"White wine";"Glass";"13";"1.948718"
"Vinmonopolet";"11347801";"Dom. des 13 Lunes Apremont 2018";"Dom. des 13 Lunes Apremont";"2018";"195.9";"0.75";"261.2";"White wine";"Glass";"11.5";"2.2713044"
"Vinmonopolet";"11347901";"Artuke Rioja 2018";"Artuke Rioja";"2018";"174.9";"0.75";"233.2";"RÃ¸dvin";"Glass";"13.5";"1.7274073"
"Vinmonopolet";"11348001";"Artuke Pies Negros 2017";"Artuke Pies Negros";"2017";"229.9";"0.75";"306.53";"RÃ¸dvin";"Glass";"14";"2.1895237"
"Vinmonopolet";"11348101";"Artuke Finca de Los Locos";"Artuke Finca de Los Locos";"2017";"299.9";"0.75";"399.87";"RÃ¸dvin";"Glass";"14";"2.8561904"
"Vinmonopolet";"11348201";"Artuke Paso Las MaÃ±as 2017";"Artuke Paso Las MaÃ±as";"2017";"309.9";"0.75";"413.2";"RÃ¸dvin";"Glass";"14";"2.9514284"
"Vinmonopolet";"11348301";"Cuevas de Arom As Ladieras";"Cuevas de Arom As Ladieras";"2016";"289.9";"0.75";"386.53";"RÃ¸dvin";"Glass";"14.5";"2.6657472"
"Vinmonopolet";"11348407";"Massimo Rattalino Barbaresco Quarantadue42 2015";"Massimo Rattalino Barbaresco Quarantadue42";"2015";"2169.9";"3";"723.3";"RÃ¸dvin";"Glass";"14.5";"4.9882755"
"Vinmonopolet";"11348507";"Massimo Rattalino Barbaresco Quarantadue42 2015";"Massimo Rattalino Barbaresco Quarantadue42";"2015";"3489.9";"5";"697.98";"RÃ¸dvin";"Glass";"14.5";"4.813655"
"Vinmonopolet";"11348601";"Dom. des Pothiers CÃ´te Roannaise La Chapelle 2017";"Dom. des Pothiers CÃ´te Roannaise La Chapelle";"2017";"269.9";"0.75";"359.87";"RÃ¸dvin";"Glass";"12.5";"2.8789332"
"Vinmonopolet";"11348702";"BrewDog OverWorks Cosmic Crush Cherry Sour";"BrewDog OverWorks Cosmic Crush Cherry Sour";"0";"109.9";"0.5";"219.8";"SurÃ¸l";"Glass";"6.3";"3.4888887"
"Vinmonopolet";"11348802";"BrewDog OverWorks Cosmic Crush Raspberry Sour";"BrewDog OverWorks Cosmic Crush Raspberry Sour";"0";"109.9";"0.5";"219.8";"SurÃ¸l";"Glass";"5.8";"3.7896552"
"Vinmonopolet";"11349002";"Brasserie des Pothiers Raymonde Blonde IntrÃ©pide";"Brasserie des Pothiers Raymonde Blonde IntrÃ©pide";"0";"69.9";"0.33";"211.82";"Light ale";"Glass";"5";"4.2363634"
"Vinmonopolet";"11349101";"Sperino Uvaggio 2015";"Sperino Uvaggio";"2015";"319.9";"0.75";"426.53";"RÃ¸dvin";"Glass";"13.5";"3.159506"
"Vinmonopolet";"11349201";"Sperino Lessona 2014";"Sperino Lessona";"2014";"529.9";"0.75";"706.53";"RÃ¸dvin";"Glass";"13";"5.434872"
"Vinmonopolet";"11349301";"Caol Ila Distillers Edition 2019";"Caol Ila Distillers Edition";"2019";"699.9";"0.7";"999.86";"Whisky";"Glass";"43";"2.3252492"
"Vinmonopolet";"11349401";"Talisker The Distillers Edition 2019";"Talisker The Distillers Edition";"2019";"679.9";"0.7";"971.29";"Whisky";"Glass";"45.8";"2.1207113"
"Vinmonopolet";"11349501";"Cragganmore The Distillers Edition 2019";"Cragganmore The Distillers Edition";"2019";"649.9";"0.7";"928.43";"Whisky";"Glass";"40";"2.3210716"
"Vinmonopolet";"11349601";"Oban The Distillers Edition 2019";"Oban The Distillers Edition";"2019";"779.9";"0.7";"1114.14";"Whisky";"Glass";"43";"2.5910301"
"Vinmonopolet";"11349702";"Jinro Strawberry Soju";"Jinro Strawberry Soju";"0";"120";"0.36";"333.33";"Other spirit";"Glass";"13";"2.5641024"
"Vinmonopolet";"11349802";"Jinro Plum Soju";"Jinro Plum Soju";"0";"120";"0.36";"333.33";"Other spirit";"Glass";"13";"2.5641024"
"Vinmonopolet";"11349901";"Glenkinchie The Distillers Edition 2019";"Glenkinchie The Distillers Edition";"2019";"649.9";"0.7";"928.43";"Whisky";"Glass";"43";"2.1591363"
"Vinmonopolet";"11350001";"Lagavulin The Distillers Edition 2019";"Lagavulin The Distillers Edition";"2019";"889.9";"0.7";"1271.29";"Whisky";"Glass";"43";"2.9564786"
"Vinmonopolet";"11350101";"Dalwhinnie The Distillers Edition 2019";"Dalwhinnie The Distillers Edition";"2019";"699.9";"0.7";"999.86";"Whisky";"Glass";"43";"2.3252492"
"Vinmonopolet";"11350201";"Tanqueray Sevilla";"Tanqueray Sevilla";"0";"449.9";"0.7";"642.71";"Gin";"Glass";"41.3";"1.556209"
"Vinmonopolet";"11350302";"Jinro Grapefruit Soju";"Jinro Grapefruit Soju";"0";"120";"0.36";"333.33";"Other spirit";"Glass";"13";"2.5641024"
"Vinmonopolet";"11350402";"Jinro Green Grape Soju";"Jinro Green Grape Soju";"0";"120";"0.36";"333.33";"Other spirit";"Glass";"13";"2.5641024"
"Vinmonopolet";"11350601";"Guignier La Bonne Pioche Beaujolais Villages 2017";"Guignier La Bonne Pioche Beaujolais Villages";"2017";"249.9";"0.75";"333.2";"RÃ¸dvin";"Glass";"11.5";"2.8973913"
"Vinmonopolet";"11350701";"Guignier La Petite Oseille Moulin Ã  Vent 2016";"Guignier La Petite Oseille Moulin Ã  Vent";"2016";"294.9";"0.75";"393.2";"RÃ¸dvin";"Glass";"11.5";"3.4191303"
"Vinmonopolet";"11351001";"Cume do Avia Colleita NÂ°6 Branco";"Cume do Avia Colleita NÂ°6 Branco";"2018";"259.9";"0.75";"346.53";"White wine";"Glass";"11.5";"3.0133333"
"Vinmonopolet";"11351101";"Cume do Avia Colleita NÂ°6 Tinto";"Cume do Avia Colleita NÂ°6 Tinto";"2018";"259.9";"0.75";"346.53";"RÃ¸dvin";"Glass";"11";"3.150303"
"Vinmonopolet";"11351201";"Cume do Avia Arraiano Branco 2018";"Cume do Avia Arraiano Branco";"2018";"239.9";"0.75";"319.87";"White wine";"Glass";"11.5";"2.7814493"
"Vinmonopolet";"11351301";"Sakurao Hamagou Gin";"Sakurao Hamagou Gin";"0";"999";"0.7";"1427.14";"Gin";"Glass";"47";"3.0364742"
"Vinmonopolet";"11351601";"Payton & Jones Major Kong Syrah 2018";"Payton & Jones Major Kong Syrah";"2018";"449.9";"0.75";"599.87";"RÃ¸dvin";"Glass";"13.5";"4.4434566"
"Vinmonopolet";"11351701";"Payton & Jones Chardonnay 2018";"Payton & Jones Chardonnay";"2018";"299.9";"0.75";"399.87";"White wine";"Glass";"12.5";"3.1989334"
"Vinmonopolet";"11351801";"Payton & Jones Pinot Noir 2015";"Payton & Jones Pinot Noir";"2015";"299.9";"0.75";"399.87";"RÃ¸dvin";"Glass";"13";"3.0758975"
"Vinmonopolet";"11351901";"Sons of Eden Romulus Shiraz 2016";"Sons of Eden Romulus Shiraz";"2016";"659.9";"0.75";"879.87";"RÃ¸dvin";"Glass";"14.5";"6.068046"
"Vinmonopolet";"11352001";"Redman Coonawarra Shiraz 2013";"Redman Coonawarra Shiraz";"2013";"279.9";"0.75";"373.2";"RÃ¸dvin";"Glass";"13.8";"2.7043478"
"Vinmonopolet";"11352201";"Scuri Cabernet Sauvignon";"Scuri Cabernet Sauvignon";"2018";"186.5";"0.75";"248.67";"RÃ¸dvin";"Glass";"13";"1.9128205"
"Vinmonopolet";"11352301";"Scuri Merlot";"Scuri Merlot";"2018";"177.7";"0.75";"236.93";"RÃ¸dvin";"Glass";"12.5";"1.8954667"
"Vinmonopolet";"11352401";"Ciari Pinot Grigio";"Ciari Pinot Grigio";"2018";"177.7";"0.75";"236.93";"White wine";"Glass";"12.5";"1.8954667"
"Vinmonopolet";"11352501";"Ciari Chardonnay";"Ciari Chardonnay";"2018";"177.7";"0.75";"236.93";"White wine";"Glass";"12.5";"1.8954667"
"Vinmonopolet";"11352601";"Ciari Sauvignon Blanc";"Ciari Sauvignon Blanc";"2018";"177.7";"0.75";"236.93";"White wine";"Glass";"12.5";"1.8954667"
"Vinmonopolet";"11352701";"Scuri Pinot Nero";"Scuri Pinot Nero";"2018";"179.5";"0.75";"239.33";"RÃ¸dvin";"Glass";"12.5";"1.9146667"
"Vinmonopolet";"11352801";"Borgo Molino Prosecco Treviso Extra Dry";"Borgo Molino Prosecco Treviso Extra Dry";"2019";"176.3";"0.75";"235.07";"Sparkling wine";"Glass";"11";"2.1369698"
"Vinmonopolet";"11352901";"Asolo Prosecco Superiore Brut";"Asolo Prosecco Superiore Brut";"2019";"196.9";"0.75";"262.53";"Sparkling wine";"Glass";"11.5";"2.2828984"
"Vinmonopolet";"11353001";"Burguet Gevrey-Chambertin Symphonie 2017";"Burguet Gevrey-Chambertin Symphonie";"2017";"550.9";"0.75";"734.53";"RÃ¸dvin";"Glass";"13";"5.6502566"
"Vinmonopolet";"11353101";"Burguet Chambolle-Musigny Les Eschezeaux 2017";"Burguet Chambolle-Musigny Les Eschezeaux";"2017";"699";"0.75";"932";"RÃ¸dvin";"Glass";"13";"7.169231"
"Vinmonopolet";"11353201";"Motivo Prosecco Brut";"Motivo Prosecco Brut";"2018";"181.1";"0.75";"241.47";"Sparkling wine";"Glass";"11";"2.1951516"
"Vinmonopolet";"11353401";"Fairview Grenache Blanc";"Fairview Grenache Blanc";"2018";"169.9";"0.75";"226.53";"White wine";"Glass";"13.5";"1.6780246"
"Vinmonopolet";"11353501";"Fairview Grenache Noir";"Fairview Grenache Noir";"2018";"169.9";"0.75";"226.53";"RÃ¸dvin";"Glass";"13.5";"1.6780246"
"Vinmonopolet";"11353601";"Bollinger 007 2011";"Bollinger 007";"2011";"2007";"0.75";"2676";"Champagne, brut";"Glass";"12";"22.3"
"Vinmonopolet";"11353901";"Jaume Serra Cava Ice RosÃ©";"Jaume Serra Cava Ice RosÃ©";"0";"119.9";"0.75";"159.87";"Musserende vin, rosÃ©";"Glass";"11.5";"1.390145"
"Vinmonopolet";"11354001";"Jaume Serra Cava Ice";"Jaume Serra Cava Ice";"0";"119.9";"0.75";"159.87";"Sparkling wine";"Glass";"11.5";"1.390145"
"Vinmonopolet";"11354401";"Zeni Corvina Veronese 2018";"Zeni Corvina Veronese";"2018";"199.9";"0.75";"266.53";"RÃ¸dvin";"Glass";"13";"2.0502563"
"Vinmonopolet";"11354501";"Zeni Bardolino Classico 2018";"Zeni Bardolino Classico";"2018";"159.9";"0.75";"213.2";"RÃ¸dvin";"Glass";"12.5";"1.7055999"
"Vinmonopolet";"11354601";"Zeni Amarone della Valpolicella Classico 2015";"Zeni Amarone della Valpolicella Classico";"2015";"349.9";"0.75";"466.53";"RÃ¸dvin";"Glass";"15";"3.110222"
"Vinmonopolet";"11354901";"Rivetto Langhe Nebbiolo";"Rivetto Langhe Nebbiolo";"2017";"307.9";"0.75";"410.53";"RÃ¸dvin";"Glass";"14";"2.932381"
"Vinmonopolet";"11355101";"Contessa Matilde Lambrusco di Sorbara";"Contessa Matilde Lambrusco di Sorbara";"0";"119.9";"0.75";"159.87";"Perlende vin, rÃ¸d";"Glass";"8";"1.9983333"
"Vinmonopolet";"11355201";"Biscardo Amarone Valpolicella Classico";"Biscardo Amarone Valpolicella Classico";"2015";"365.9";"0.75";"487.87";"RÃ¸dvin";"Glass";"15.5";"3.1475267"
"Vinmonopolet";"11355301";"Biscardo Neropasso";"Biscardo Neropasso";"2017";"192.9";"0.75";"257.2";"RÃ¸dvin";"Glass";"13.5";"1.9051851"
"Vinmonopolet";"11355401";"Burguet Gevrey-Chambertin Premier Cru Lavaux St. Jacques 2017";"Burguet Gevrey-Chambertin Premier Cru Lavaux St. Jacques";"2017";"1098";"0.75";"1464";"RÃ¸dvin";"Glass";"13.5";"10.844444"
"Vinmonopolet";"11355501";"La Vieille Julienne ChÃ¢teauneuf-du-Pape les Trois Sources 2013";"La Vieille Julienne ChÃ¢teauneuf-du-Pape les Trois Sources";"2013";"598";"0.75";"797.33";"RÃ¸dvin";"Glass";"14";"5.695238"
"Vinmonopolet";"11355605";"Marchand Tawse Vosne-RomanÃ©e Aux Champs Perdrix";"Marchand Tawse Vosne-RomanÃ©e Aux Champs Perdrix";"2017";"1691.9";"1.5";"1127.93";"RÃ¸dvin";"Glass";"13";"8.676411"
"Vinmonopolet";"11355701";"El Enemigo Chardonnay 2017";"El Enemigo Chardonnay";"2017";"246";"0.75";"328";"White wine";"Glass";"13.5";"2.4296296"
"Vinmonopolet";"11355801";"ViÃ±alba Reserve Cabernet Franc 2018";"ViÃ±alba Reserve Cabernet Franc";"2018";"181";"0.75";"241.33";"RÃ¸dvin";"Glass";"14.5";"1.6643678"
"Vinmonopolet";"11355901";"Noah Lessona 2015";"Noah Lessona";"2015";"399.9";"0.75";"533.2";"RÃ¸dvin";"Glass";"13.5";"3.9496295"
"Vinmonopolet";"11356001";"Skerk Ograde 2017";"Skerk Ograde";"2017";"349.9";"0.75";"466.53";"White wine";"Glass";"13";"3.588718"
"Vinmonopolet";"11356101";"Sobilane Rivesaltes 1946";"Sobilane Rivesaltes";"1946";"1495";"0.75";"1993.33";"Fortified wine";"Glass";"16";"12.458333"
"Vinmonopolet";"11356201";"Bousquet Gaia Malbec 2018";"Bousquet Gaia Malbec";"2018";"159.9";"0.75";"213.2";"RÃ¸dvin";"Glass";"14.5";"1.4703448"
"Vinmonopolet";"11356301";"Casas del Bosque Reserva Pinot Noir 2018";"Casas del Bosque Reserva Pinot Noir";"2018";"149.9";"0.75";"199.87";"RÃ¸dvin";"Glass";"14";"1.427619"
"Vinmonopolet";"11356401";"Casas del Bosque Reserva Syrah 2019";"Casas del Bosque Reserva Syrah";"2019";"145.9";"0.75";"194.53";"RÃ¸dvin";"Glass";"13";"1.4964103"
"Vinmonopolet";"11356501";"Graziano Monte Volpe Primo Rosso 2014";"Graziano Monte Volpe Primo Rosso";"2014";"229";"0.75";"305.33";"RÃ¸dvin";"Glass";"14.5";"2.1057472"
"Vinmonopolet";"11356601";"Sobilane Rivesaltes 1950";"Sobilane Rivesaltes";"1950";"1598";"0.75";"2130.67";"Fortified wine";"Glass";"16";"13.316667"
"Vinmonopolet";"11356702";"Lorenz Auslese";"Lorenz Auslese";"2017";"129.9";"0.38";"346.4";"White wine";"Glass";"7";"4.8834586"
"Vinmonopolet";"11356801";"Glenmorangie Quinta Ruban 14 YO";"Glenmorangie Quinta Ruban 14 YO";"0";"659.4";"0.7";"942";"Whisky";"Glass";"46";"2.0478263"
"Vinmonopolet";"11357001";"Labastide Dauzac 2015";"Labastide Dauzac";"2015";"319.9";"0.75";"426.53";"RÃ¸dvin";"Glass";"14";"3.0466666"
"Vinmonopolet";"11357101";"La Devise de Lilian 2015";"La Devise de Lilian";"2015";"259.9";"0.75";"346.53";"RÃ¸dvin";"Glass";"13";"2.665641"
"Vinmonopolet";"11357201";"Walter Riesling Kabinett 2018";"Walter Riesling Kabinett";"2018";"164.9";"0.75";"219.87";"White wine";"Glass";"9.5";"2.314386"
"Vinmonopolet";"11357308";"The Matsui Single Malt Whisky Collection (3x20cl)";"The Matsui Single Malt Whisky Collection (3x20cl)";"0";"1162";"0.6";"1936.67";"Whisky";"Ãvrig";"48";"4.034722"
"Vinmonopolet";"11357401";"Corbon Avize Grand Cru Chardonnay Brut 1986";"Corbon Avize Grand Cru Chardonnay Brut";"1986";"1899.5";"0.75";"2532.67";"Champagne extra brut";"Glass";"12";"21.105556"
"Vinmonopolet";"11357502";"La Yuzu";"La Yuzu";"0";"289.9";"0.5";"579.8";"LikÃ¸r";"Glass";"14";"4.1414285"
"Vinmonopolet";"11357602";"Oslo HÃ¥ndverksdestilleri Juleakevitt";"Oslo HÃ¥ndverksdestilleri Juleakevitt";"2019";"399.9";"0.5";"799.8";"Aquavit";"Glass";"41";"1.9507316"
"Vinmonopolet";"11358501";"Park Borderies Mizunara 10 YO";"Park Borderies Mizunara 10 YO";"0";"705.7";"0.7";"1008.14";"Grape spirit";"Glass";"44";"2.2912338"
"Vinmonopolet";"11358602";"Churchill's Vintage Port 2016";"Churchill's Vintage Port";"2016";"329.9";"0.38";"879.73";"Port wine";"Glass";"20";"4.3407893"
"Vinmonopolet";"11358701";"Churchill's Vintage Port 2016";"Churchill's Vintage Port";"2016";"649.9";"0.75";"866.53";"Port wine";"Glass";"20";"4.332667"
"Vinmonopolet";"11358801";"M. Charpoutier Les Granits Blanc 2017";"M. Charpoutier Les Granits Blanc";"2017";"779";"0.75";"1038.67";"White wine";"Glass";"13.5";"7.693827"
"Vinmonopolet";"11358901";"Moestue Cornas Reynard 2017";"Moestue Cornas Reynard";"2017";"518";"0.75";"690.67";"RÃ¸dvin";"Glass";"14";"4.9333334"
"Vinmonopolet";"11358905";"Moestue Cornas Reynard 2017";"Moestue Cornas Reynard";"2017";"1068";"1.5";"712";"RÃ¸dvin";"Glass";"14";"5.0857143"
"Vinmonopolet";"11359001";"Steinberger Riesling SpÃ¤tlese 1995";"Steinberger Riesling SpÃ¤tlese";"1995";"969";"0.75";"1292";"White wine";"Glass";"9.5";"13.6"
"Vinmonopolet";"11359101";"Rauentaler Gehrn Riesling Trocken Goldkapsel 2013";"Rauentaler Gehrn Riesling Trocken Goldkapsel";"2013";"399.9";"0.75";"533.2";"White wine";"Glass";"12.5";"4.2655997"
"Vinmonopolet";"11359201";"Hochheimer Domdechaney Riesling Auslese Goldkapsel 2000";"Hochheimer Domdechaney Riesling Auslese Goldkapsel";"2000";"769";"0.75";"1025.33";"White wine";"Glass";"9.5";"10.792982"
"Vinmonopolet";"11359302";"Walter PÃ¼ndericher Marienburg Riesling Auslese 2018";"Walter PÃ¼ndericher Marienburg Riesling Auslese";"2018";"209.9";"0.5";"419.8";"White wine";"Glass";"8";"5.2475"
"Vinmonopolet";"11359501";"Dom. Chapel Julienas 2018";"Dom. Chapel Julienas";"2018";"299.9";"0.75";"399.87";"RÃ¸dvin";"Glass";"14";"2.8561904"
"Vinmonopolet";"11359601";"Walter PÃ¼ndericher Marienburg Riesling Kabinett 2018";"Walter PÃ¼ndericher Marienburg Riesling Kabinett";"2018";"199.9";"0.75";"266.53";"White wine";"Glass";"9.5";"2.805614"
"Vinmonopolet";"11359701";"Whitcraft Pinot Noir Santa Barbara County La Lie Fine V.3 2017";"Whitcraft Pinot Noir Santa Barbara County La Lie Fine V.3";"2017";"379.9";"0.75";"506.53";"RÃ¸dvin";"Glass";"12.8";"3.9572916"
"Vinmonopolet";"11359801";"M. Chapoutier CÃ´te-RÃ´tie La Mordoree 2008";"M. Chapoutier CÃ´te-RÃ´tie La Mordoree";"2008";"1298";"0.75";"1730.67";"RÃ¸dvin";"Glass";"12.5";"13.845333"
"Vinmonopolet";"11359901";"Clos de la Roche Grand Cru 2016";"Clos de la Roche Grand Cru";"2016";"1795";"0.75";"2393.33";"RÃ¸dvin";"Glass";"13";"18.410257"
"Vinmonopolet";"11360001";"M. Chapoutier CÃ´te-RÃ´tie La Mordoree 2017";"M. Chapoutier CÃ´te-RÃ´tie La Mordoree";"2017";"1198";"0.75";"1597.33";"RÃ¸dvin";"Glass";"14";"11.409524"
"Vinmonopolet";"11360101";"M. Chapoutier Les Granits Rouge 2017";"M. Chapoutier Les Granits Rouge";"2017";"779";"0.75";"1038.67";"RÃ¸dvin";"Glass";"14";"7.419048"
"Vinmonopolet";"11360201";"DiplomÃ¡tico Distillery Collection No.3";"DiplomÃ¡tico Distillery Collection No.3";"0";"749";"0.7";"1070";"Rum";"Glass";"47";"2.2765958"
"Vinmonopolet";"11360401";"Baltika No. 7";"Baltika No. 7";"0";"89";"0.9";"95.56";"Light lager";"Emballasje med pant";"5.4";"1.8312757"
"Vinmonopolet";"11360501";"Newfound Yount Mill Vineyard Napa Valley Semillon 2016";"Newfound Yount Mill Vineyard Napa Valley Semillon";"2016";"309.9";"0.75";"413.2";"White wine";"Glass";"12";"3.4433331"
"Vinmonopolet";"11360601";"Newfound Scaggs Vineyard Mt. Veeder Napa Valley Mourvedre 2017";"Newfound Scaggs Vineyard Mt. Veeder Napa Valley Mourvedre";"2017";"389.9";"0.75";"519.87";"RÃ¸dvin";"Glass";"13.5";"3.8508642"
"Vinmonopolet";"11360701";"Newfound Scaggs Vineyard Mt. Veeder Napa Valley Grenache 2017";"Newfound Scaggs Vineyard Mt. Veeder Napa Valley Grenache";"2017";"389.9";"0.75";"519.87";"RÃ¸dvin";"Glass";"14";"3.7133334"
"Vinmonopolet";"11360801";"Caparsa Chianti Classico 2016";"Caparsa Chianti Classico";"2016";"259.9";"0.75";"346.53";"RÃ¸dvin";"Glass";"13.5";"2.5669136"
"Vinmonopolet";"11360901";"Caparsa Rosso di Caparsa";"Caparsa Rosso di Caparsa";"0";"239.9";"0.75";"319.87";"RÃ¸dvin";"Glass";"13";"2.4605129"
"Vinmonopolet";"11361101";"Ridge Monte Bello 2016";"Ridge Monte Bello";"2016";"1599";"0.75";"2132";"RÃ¸dvin";"Glass";"13.5";"15.792593"
"Vinmonopolet";"11361501";"Rivella Serafino Barbaresco Montestefano 2015";"Rivella Serafino Barbaresco Montestefano";"2015";"749.9";"0.75";"999.87";"RÃ¸dvin";"Glass";"14.5";"6.8956323"
"Vinmonopolet";"11361805";"Faiveley Mercurey la FramboisiÃ¨re 2017";"Faiveley Mercurey la FramboisiÃ¨re";"2017";"570";"1.5";"380";"RÃ¸dvin";"Glass";"13";"2.9230769"
"Vinmonopolet";"11361901";"Faiveley Marsannay 2017";"Faiveley Marsannay";"2017";"265";"0.75";"353.33";"RÃ¸dvin";"Glass";"13";"2.7179487"
"Vinmonopolet";"11362005";"Faiveley Corton Clos des Cortons 2017";"Faiveley Corton Clos des Cortons";"2017";"2850";"1.5";"1900";"RÃ¸dvin";"Glass";"13";"14.615385"
"Vinmonopolet";"11362101";"Faiveley Marsannay les Echezeaux 2017";"Faiveley Marsannay les Echezeaux";"2017";"315";"0.75";"420";"RÃ¸dvin";"Glass";"13";"3.2307692"
"Vinmonopolet";"11362201";"Intellego Halagasha 2019";"Intellego Halagasha";"2019";"259.9";"0.75";"346.53";"RÃ¸dvin";"Glass";"12.5";"2.7722666"
"Vinmonopolet";"11362301";"Intellego The Story of Harry 2019";"Intellego The Story of Harry";"2019";"219.9";"0.75";"293.2";"White wine";"Glass";"11";"2.6654544"
"Vinmonopolet";"11362401";"Tillingham PÃ©tillant RosÃ©";"Tillingham PÃ©tillant RosÃ©";"2018";"349.9";"0.75";"466.53";"Perlende vin, rosÃ©";"Glass";"11.5";"4.0568113"
"Vinmonopolet";"11362501";"Indigo Sal da Terra AlbariÃ±o 2018";"Indigo Sal da Terra AlbariÃ±o";"2018";"319.9";"0.75";"426.53";"White wine";"Glass";"12";"3.5544443"
"Vinmonopolet";"11362601";"The Damn Wall Chenin Blanc";"The Damn Wall Chenin Blanc";"2018";"129.9";"0.75";"173.2";"White wine";"Glass";"12";"1.4433333"
"Vinmonopolet";"11362705";"Foradori Nosiola Fontanasanta 2018";"Foradori Nosiola Fontanasanta";"2018";"820";"1.5";"546.67";"White wine";"Glass";"13";"4.205128"
"Vinmonopolet";"11362805";"Foradori Teroldego 2016";"Foradori Teroldego";"2016";"595";"1.5";"396.67";"RÃ¸dvin";"Glass";"12.5";"3.1733334"
"Vinmonopolet";"11362901";"Gurashvili's Kindzmarauli 2018";"Gurashvili's Kindzmarauli";"2018";"259.9";"0.75";"346.53";"RÃ¸dvin";"Glass";"12";"2.8877778"
"Vinmonopolet";"11363001";"Shalva Gvaramadze Tsarapi 2018";"Shalva Gvaramadze Tsarapi";"2018";"249.9";"0.75";"333.2";"White wine";"Glass";"12.5";"2.6655998"
"Vinmonopolet";"11363101";"Derain Saint-Aubin 2018";"Derain Saint-Aubin";"2018";"520";"0.75";"693.33";"White wine";"Glass";"13.5";"5.1358023"
"Vinmonopolet";"11363201";"Dominique Derain Bourgogne Blanc 2018";"Dominique Derain Bourgogne Blanc";"2018";"359.9";"0.75";"479.87";"White wine";"Glass";"12";"3.9988887"
"Vinmonopolet";"11363301";"Derain Saint-Aubin 1er Cru Les Combes au Sud 2017";"Derain Saint-Aubin 1er Cru Les Combes au Sud";"2017";"559.9";"0.75";"746.53";"White wine";"Glass";"13";"5.742564"
"Vinmonopolet";"11363601";"Derain Bourgogne Les Riaux Rouge 2018";"Derain Bourgogne Les Riaux Rouge";"2018";"379.9";"0.75";"506.53";"RÃ¸dvin";"Glass";"13.5";"3.7520988"
"Vinmonopolet";"11363701";"Vino di Anna Palmento Rosso";"Vino di Anna Palmento Rosso";"2018";"279.9";"0.75";"373.2";"RÃ¸dvin";"Glass";"12.5";"2.9856"
"Vinmonopolet";"11363801";"Vino di Anna Palmento Bianco";"Vino di Anna Palmento Bianco";"2019";"279.9";"0.75";"373.2";"White wine";"Glass";"11.5";"3.2452173"
"Vinmonopolet";"11363901";"Vino di Anna Q 100 Tartaraci 2016";"Vino di Anna Q 100 Tartaraci";"2016";"459.9";"0.75";"613.2";"RÃ¸dvin";"Glass";"13.5";"4.542222"
"Vinmonopolet";"11364001";"Vino di Anna Contrada Crasa";"Vino di Anna Contrada Crasa";"2018";"419.9";"0.75";"559.87";"RÃ¸dvin";"Glass";"13.5";"4.1471605"
"Vinmonopolet";"11364301";"Ridge Geyserville 2017";"Ridge Geyserville";"2017";"459";"0.75";"612";"RÃ¸dvin";"Glass";"14.5";"4.22069"
"Vinmonopolet";"11364401";"Ridge Lytton Springs 2017";"Ridge Lytton Springs";"2017";"449";"0.75";"598.67";"RÃ¸dvin";"Glass";"14.5";"4.1287355"
"Vinmonopolet";"11364502";"Ridge Lytton Springs 2017";"Ridge Lytton Springs";"2017";"279";"0.38";"744";"RÃ¸dvin";"Glass";"14.8";"4.9608817"
"Vinmonopolet";"11364601";"Thierry Germain Saumur l'Insolite 2017";"Thierry Germain Saumur l'Insolite";"2017";"319";"0.75";"425.33";"White wine";"Glass";"12.5";"3.4026666"
"Vinmonopolet";"11364701";"Dom. des 13 Lunes La Nuit nous Appartient 2018";"Dom. des 13 Lunes La Nuit nous Appartient";"2018";"239.9";"0.75";"319.87";"RÃ¸dvin";"Glass";"12";"2.6655555"
"Vinmonopolet";"11364801";"Guignier Le Boutis 2017";"Guignier Le Boutis";"2017";"259.9";"0.75";"346.53";"RÃ¸dvin";"Glass";"12";"2.8877778"
"Vinmonopolet";"11364901";"Dom. des 13 Lunes Le Coeur en Goguette 2018";"Dom. des 13 Lunes Le Coeur en Goguette";"2018";"214.9";"0.75";"286.53";"RÃ¸dvin";"Glass";"11.5";"2.491594"
"Vinmonopolet";"11365001";"Dom. des 13 Lunes Ami-Amis 2018";"Dom. des 13 Lunes Ami-Amis";"2018";"239.9";"0.75";"319.87";"White wine";"Glass";"12";"2.6655555"
"Vinmonopolet";"11365701";"Rizzi Barbaresco Nervo 2016";"Rizzi Barbaresco Nervo";"2016";"499.9";"0.75";"666.53";"RÃ¸dvin";"Glass";"14.5";"4.5967817"
"Vinmonopolet";"11365801";"Rizzi Langhe Nebbiolo 2017";"Rizzi Langhe Nebbiolo";"2017";"299.9";"0.75";"399.87";"RÃ¸dvin";"Glass";"14.5";"2.7577012"
"Vinmonopolet";"11365901";"Samuel Billaud Chablis Premier Cru Montmains 2017";"Samuel Billaud Chablis Premier Cru Montmains";"2017";"419.9";"0.75";"559.87";"White wine";"Glass";"13";"4.3066664"
"Vinmonopolet";"11366001";"Rizzi Barbaresco Pajore 2016";"Rizzi Barbaresco Pajore";"2016";"499.9";"0.75";"666.53";"RÃ¸dvin";"Glass";"14.5";"4.5967817"
"Vinmonopolet";"11366101";"Pico Maccario Tre Roveri Barbera d'Asti Superiore 2018";"Pico Maccario Tre Roveri Barbera d'Asti Superiore";"2018";"269.9";"0.75";"359.87";"RÃ¸dvin";"Glass";"14";"2.570476"
"Vinmonopolet";"11366201";"Rizzi Barbera d'Alba 2016";"Rizzi Barbera d'Alba";"2016";"279.9";"0.75";"373.2";"RÃ¸dvin";"Glass";"14.5";"2.573793"
"Vinmonopolet";"11366301";"Pico Maccario Epico Barbera d'Asti Superiore 2018";"Pico Maccario Epico Barbera d'Asti Superiore";"2018";"399.9";"0.75";"533.2";"RÃ¸dvin";"Glass";"15";"3.5546665"
"Vinmonopolet";"11366401";"Thierry Germain Saumur-Champigny Les Roches 2018";"Thierry Germain Saumur-Champigny Les Roches";"2018";"239";"0.75";"318.67";"RÃ¸dvin";"Glass";"13.5";"2.360494"
"Vinmonopolet";"11366501";"Kistler Sonoma Coast Pinot Noir 2016";"Kistler Sonoma Coast Pinot Noir";"2016";"625";"0.75";"833.33";"RÃ¸dvin";"Glass";"14.1";"5.9101653"
"Vinmonopolet";"11366601";"Kistler Les Noisetiers Chardonnay 2017";"Kistler Les Noisetiers Chardonnay";"2017";"599";"0.75";"798.67";"White wine";"Glass";"14.4";"5.5462966"
"Vinmonopolet";"11366701";"Ridge Lytton Estate Petite Sirah 2017";"Ridge Lytton Estate Petite Sirah";"2017";"419";"0.75";"558.67";"RÃ¸dvin";"Glass";"14";"3.9904761"
"Vinmonopolet";"11366801";"Mas del PÃ©riÃ© Les Acacias 2017";"Mas del PÃ©riÃ© Les Acacias";"2017";"339.9";"0.75";"453.2";"RÃ¸dvin";"Glass";"12.5";"3.6255999"
"Vinmonopolet";"11366901";"Quinta de la Rosa Vintage 2017";"Quinta de la Rosa Vintage";"2017";"509";"0.75";"678.67";"Port wine";"Glass";"20";"3.3933334"
"Vinmonopolet";"11367002";"Tokaj-HÃ©tszÃ³lÃ³ NacyszÃ³lÃ³-DÃºlÃ³ 1er Cru 6 Puttuyos 2013";"Tokaj-HÃ©tszÃ³lÃ³ NacyszÃ³lÃ³-DÃºlÃ³ 1er Cru 6 Puttuyos";"2013";"1230";"0.5";"2460";"White wine";"Glass";"11";"22.363636"
"Vinmonopolet";"11367102";"Tokaj-HÃ©tszÃ³lÃ³ ImpÃ©rial Ãdes Szamorodni 2017";"Tokaj-HÃ©tszÃ³lÃ³ ImpÃ©rial Ãdes Szamorodni";"2017";"234";"0.5";"468";"White wine";"Glass";"11.5";"4.0695653"
"Vinmonopolet";"11367201";"Valroggero Valfaccenda Roero 2016";"Valroggero Valfaccenda Roero";"2016";"336.9";"0.75";"449.2";"RÃ¸dvin";"Glass";"13.5";"3.3274074"
"Vinmonopolet";"11367301";"Dom. du PÃ©lican Arbois Poulsard 2017";"Dom. du PÃ©lican Arbois Poulsard";"2017";"382";"0.75";"509.33";"RÃ¸dvin";"Glass";"12.5";"4.0746665"
"Vinmonopolet";"11367401";"BrÃ©geon Les Vigneaux Muscadet de SÃ¨vre et Maine Cru Gorges";"BrÃ©geon Les Vigneaux Muscadet de SÃ¨vre et Maine Cru Gorges";"2014";"299.9";"0.75";"399.87";"White wine";"Glass";"12";"3.3322222"
"Vinmonopolet";"11367501";"Tribut Chablis Premier Cru CÃ´te de LÃªchet 2017";"Tribut Chablis Premier Cru CÃ´te de LÃªchet";"2017";"390";"0.75";"520";"White wine";"Glass";"13";"4"
"Vinmonopolet";"11367605";"Tribut Chablis Premier Cru Montmains 2017";"Tribut Chablis Premier Cru Montmains";"2017";"815";"1.5";"543.33";"White wine";"Glass";"13";"4.179487"
"Vinmonopolet";"11367701";"Agrapart MinÃ©ral Grand Cru Blanc de Blancs Extra Brut 2013";"Agrapart MinÃ©ral Grand Cru Blanc de Blancs Extra Brut";"2013";"875";"0.75";"1166.67";"Champagne extra brut";"Glass";"12";"9.722222"
"Vinmonopolet";"11367901";"Selection Olivier Blanc XO Extraordinaire Pierre de Segonzac";"Selection Olivier Blanc XO Extraordinaire Pierre de Segonzac";"0";"1690.1";"0.7";"2414.43";"Grape spirit";"Glass";"40";"6.0360713"
"Vinmonopolet";"11368001";"Girardin Chassagne-Montrachet 1er Cru Les ChaumÃ©es 2017";"Girardin Chassagne-Montrachet 1er Cru Les ChaumÃ©es";"2017";"719.9";"0.75";"959.87";"White wine";"Glass";"13.5";"7.1101236"
"Vinmonopolet";"11368101";"Vajra Barolo Bricco delle Viole 2015";"Vajra Barolo Bricco delle Viole";"2015";"559";"0.75";"745.33";"RÃ¸dvin";"Glass";"14.5";"5.1402297"
"Vinmonopolet";"11368201";"Vajra Barolo Coste di Rose 2015";"Vajra Barolo Coste di Rose";"2015";"479";"0.75";"638.67";"RÃ¸dvin";"Glass";"14";"4.561905"
"Vinmonopolet";"11368401";"BÃ¼rklin-Wolf Wachenheimer BÃ¶hlig Riesling P.C. 2018";"BÃ¼rklin-Wolf Wachenheimer BÃ¶hlig Riesling P.C.";"2018";"372";"0.75";"496";"White wine";"Glass";"13";"3.8153846"
"Vinmonopolet";"11368505";"BÃ¼rklin-Wolf Wachenheimer BÃ¶hlig Riesling P.C. 2018";"BÃ¼rklin-Wolf Wachenheimer BÃ¶hlig Riesling P.C.";"2018";"782";"1.5";"521.33";"White wine";"Glass";"13";"4.0102563"
"Vinmonopolet";"11368601";"BÃ¼rklin-Wolf Ungeheuer Riesling G.C. 2017";"BÃ¼rklin-Wolf Ungeheuer Riesling G.C.";"2017";"740";"0.75";"986.67";"White wine";"Glass";"12.5";"7.8933334"
"Vinmonopolet";"11368701";"BÃ¼rklin-Wolf GaisbÃ¶hl Riesling G.C. 2017";"BÃ¼rklin-Wolf GaisbÃ¶hl Riesling G.C.";"2017";"512";"0.75";"682.67";"White wine";"Glass";"13";"5.251282"
"Vinmonopolet";"11368801";"Ridge East Bench Zinfandel 2017";"Ridge East Bench Zinfandel";"2017";"369";"0.75";"492";"RÃ¸dvin";"Glass";"14.5";"3.3931034"
"Vinmonopolet";"11368901";"Ridge Estate Chardonnay 2017";"Ridge Estate Chardonnay";"2017";"529";"0.75";"705.33";"White wine";"Glass";"14";"5.0380955"
"Vinmonopolet";"11369001";"Pardas Blau Cru";"Pardas Blau Cru";"2017";"239";"0.75";"318.67";"White wine";"Glass";"13.5";"2.360494"
"Vinmonopolet";"11369101";"Hajszan-Neumann Natural Zweigelt 2018";"Hajszan-Neumann Natural Zweigelt";"2018";"279.2";"0.75";"372.27";"RÃ¸dvin";"Glass";"13";"2.8635898"
"Vinmonopolet";"11369201";"Geiler Terroirs d'Alluvions Gewurztraminer";"Geiler Terroirs d'Alluvions Gewurztraminer";"2013";"199.9";"0.75";"266.53";"White wine";"Glass";"13";"2.0502563"
"Vinmonopolet";"11369301";"Double Canyon Cabernet Sauvignon";"Double Canyon Cabernet Sauvignon";"2014";"339.9";"0.75";"453.2";"RÃ¸dvin";"Glass";"14.5";"3.1255171"
"Vinmonopolet";"11369401";"GÃ¶ttelmann MÃ¼nsterer DautenpflÃ¤nzer Riesling Trocken 2018";"GÃ¶ttelmann MÃ¼nsterer DautenpflÃ¤nzer Riesling Trocken";"2018";"200.1";"0.75";"266.8";"White wine";"Glass";"13";"2.0523078"
"Vinmonopolet";"11369601";"Cordillera Carmenere";"Cordillera Carmenere";"2015";"199.9";"0.75";"266.53";"RÃ¸dvin";"Glass";"13.5";"1.9743209"
"Vinmonopolet";"11369702";"Sattlerhof Sauvignon Blanc Beerenauslese 2017";"Sattlerhof Sauvignon Blanc Beerenauslese";"2017";"279";"0.38";"744";"White wine";"Glass";"11";"6.674641"
"Vinmonopolet";"11369801";"Ch. d'Issan 2016";"Ch. d'Issan";"2016";"1145";"0.75";"1526.67";"RÃ¸dvin";"Glass";"13";"11.743589"
"Vinmonopolet";"11369901";"St. Antony Chardonnay 2018";"St. Antony Chardonnay";"2018";"228.9";"0.75";"305.2";"White wine";"Glass";"12.5";"2.4415998"
"Vinmonopolet";"11370001";"Ch. Clerc Milon 2015";"Ch. Clerc Milon";"2015";"1855";"0.75";"2473.33";"RÃ¸dvin";"Glass";"13.5";"18.320988"
"Vinmonopolet";"11370101";"Ch. d'Armailhac 2015";"Ch. d'Armailhac";"2015";"1130";"0.75";"1506.67";"RÃ¸dvin";"Glass";"13.5";"11.160494"
"Vinmonopolet";"11370201";"Colin Grand Cru Blanc de Blancs Brut 2011";"Colin Grand Cru Blanc de Blancs Brut";"2011";"679";"0.75";"905.33";"Champagne, brut";"Glass";"12";"7.5444446"
"Vinmonopolet";"11370301";"Rioja Vega Venta JalÃ³n Reserva 2014";"Rioja Vega Venta JalÃ³n Reserva";"2014";"399";"0.75";"532";"RÃ¸dvin";"Glass";"13.5";"3.9407408"
"Vinmonopolet";"11370402";"Jikiun Hoppy Saison";"Jikiun Hoppy Saison";"0";"69.9";"0.33";"205.76";"Saison farmhouse ale";"Emballasje med pant";"8.3";"2.5520263"
"Vinmonopolet";"11370501";"Joseph Perrier CuvÃ©e JosÃ©phine";"Joseph Perrier CuvÃ©e JosÃ©phine";"2008";"1325";"0.75";"1766.67";"Champagne, brut";"Glass";"12";"14.722222"
"Vinmonopolet";"11370601";"Joseph Perrier La CÃ´te Ã  Bras Blanc de Noirs Brut Nature";"Joseph Perrier La CÃ´te Ã  Bras Blanc de Noirs Brut Nature";"0";"847.1";"0.75";"1129.47";"Champagne extra brut";"Glass";"12";"9.412222"
"Vinmonopolet";"11370701";"Identidade Arinarnoa";"Identidade Arinarnoa";"0";"343";"0.75";"457.33";"RÃ¸dvin";"Glass";"13";"3.5179486"
"Vinmonopolet";"11370801";"Identidade Marselan";"Identidade Marselan";"0";"340";"0.75";"453.33";"RÃ¸dvin";"Glass";"12.5";"3.6266668"
"Vinmonopolet";"11370908";"Bivrost Aquavit (3x5cl)";"Bivrost Aquavit (3x5cl)";"0";"219.9";"0.15";"1466";"Aquavit";"Ãvrig";"40";"3.6649997"
"Vinmonopolet";"11371102";"Hadeland Juleaquavit";"Hadeland Juleaquavit";"0";"392.9";"0.5";"785.8";"Aquavit";"Glass";"40";"1.9645"
"Vinmonopolet";"11371202";"Ãlesund Aquavit";"Ãlesund Aquavit";"0";"369.9";"0.5";"739.8";"Aquavit";"Glass";"38";"1.9468421"
"Vinmonopolet";"11371402";"Hammerfest 2020 Aquavit";"Hammerfest  Aquavit";"0";"369.9";"0.5";"739.8";"Aquavit";"Glass";"38";"1.9468421"
"Vinmonopolet";"11371602";"Lindesnes 2020 Aquavit";"Lindesnes  Aquavit";"0";"369.9";"0.5";"739.8";"Aquavit";"Glass";"38";"1.9468421"
"Vinmonopolet";"11372502";"Stavanger 2020 Aquavit";"Stavanger  Aquavit";"0";"369.9";"0.5";"739.8";"Aquavit";"Glass";"38";"1.9468421"
"Vinmonopolet";"11372602";"Sunnfjord Aquavit";"Sunnfjord Aquavit";"0";"369.9";"0.5";"739.8";"Aquavit";"Glass";"38";"1.9468421"
"Vinmonopolet";"11372702";"Eiktyrne Adopted Malt MacHidden NAS";"Eiktyrne Adopted Malt MacHidden NAS";"0";"799";"0.5";"1598";"Whisky";"Glass";"44.4";"3.599099"
"Vinmonopolet";"11372802";"Eiktyrne Adopted Malt MacHidden 15 YO";"Eiktyrne Adopted Malt MacHidden 15 YO";"0";"999";"0.5";"1998";"Whisky";"Glass";"49.8";"4.0120482"
"Vinmonopolet";"11372902";"Eiktyrne Adopted Malt MacHidden 21 YO";"Eiktyrne Adopted Malt MacHidden 21 YO";"0";"1299";"0.5";"2598";"Whisky";"Glass";"52.4";"4.958015"
"Vinmonopolet";"11373002";"Eiktyrne Adopted Malt MacHidden 25 YO";"Eiktyrne Adopted Malt MacHidden 25 YO";"0";"1499";"0.5";"2998";"Whisky";"Glass";"46.4";"6.461207"
"Vinmonopolet";"11373106";"Bolero 2018";"Bolero";"2018";"469.9";"3";"156.63";"RÃ¸dvin";"Bag-in-box";"13.5";"1.1602468"
"Vinmonopolet";"11373201";"Berry Bros & Rudd Speyside 1995 21 YO";"Berry Bros & Rudd Speyside  21 YO";"0";"1549.9";"0.7";"2214.14";"Whisky";"Glass";"57";"3.8844612"
"Vinmonopolet";"11373305";"Von Buhl Riesling Brut 2015";"Von Buhl Riesling Brut";"2015";"529.9";"1.5";"353.27";"Sparkling wine";"Glass";"12.5";"2.8261335"
"Vinmonopolet";"11373401";"Camille Cayran La BÃ©te Ã  Bon Dieu Plan de Dieu";"Camille Cayran La BÃ©te Ã  Bon Dieu Plan de Dieu";"2018";"175";"0.75";"233.33";"RÃ¸dvin";"Glass";"14.5";"1.6091954"
"Vinmonopolet";"11373501";"Camille Cayran L'ElÃ©gante Cairanne";"Camille Cayran L'ElÃ©gante Cairanne";"2018";"175";"0.75";"233.33";"RÃ¸dvin";"Glass";"14.5";"1.6091954"
"Vinmonopolet";"11373606";"OMA Piemonte Rosso";"OMA Piemonte Rosso";"2018";"485";"3";"161.67";"RÃ¸dvin";"Bag-in-box";"13.5";"1.1975309"
"Vinmonopolet";"11373801";"Terzavia Metodo Classico";"Terzavia Metodo Classico";"2016";"399.9";"0.75";"533.2";"Sparkling wine";"Glass";"12.5";"4.2655997"
"Vinmonopolet";"11373901";"Marco de Bartoli Vecchio Samperi";"Marco de Bartoli Vecchio Samperi";"2018";"699.9";"0.75";"933.2";"Fortified wine";"Glass";"16.5";"5.655758"
"Vinmonopolet";"11375202";"Stemning akevitt";"Stemning akevitt";"0";"304.9";"0.5";"609.8";"Aquavit";"Glass";"37.5";"1.6261333"
"Vinmonopolet";"11375302";"Cold Hand Winery Cydonia Kvedevin";"Cold Hand Winery Cydonia Kvedevin";"2016";"429";"0.38";"1144";"Fruit wine";"Glass";"10";"11.289474"
"Vinmonopolet";"11375401";"Simone Scaletta Langhe Nebbiolo";"Simone Scaletta Langhe Nebbiolo";"0";"259.5";"0.75";"346";"RÃ¸dvin";"Glass";"14";"2.4714286"
"Vinmonopolet";"11375501";"CastaÃ±o GSM 2017";"CastaÃ±o GSM";"2017";"159.9";"0.75";"213.2";"RÃ¸dvin";"Glass";"14";"1.5228571"
"Vinmonopolet";"11375601";"Domenico Clerico Arte Langhe Rosso 2016";"Domenico Clerico Arte Langhe Rosso";"2016";"399.8";"0.75";"533.07";"RÃ¸dvin";"Glass";"14.5";"3.6763217"
"Vinmonopolet";"11375701";"Domenico Clerico Barolo 2015";"Domenico Clerico Barolo";"2015";"479.9";"0.75";"639.87";"RÃ¸dvin";"Glass";"14.5";"4.4128737"
"Vinmonopolet";"11375801";"Glengoyne 10 YO Cask 10 Years Anniversary";"Glengoyne 10 YO Cask 10 Years Anniversary";"0";"1679.9";"0.7";"2399.86";"Whisky";"Glass";"57.2";"4.1955547"
"Vinmonopolet";"11376001";"Berry Bros & Rudd Tullibardine 1993 24 YO";"Berry Bros & Rudd Tullibardine  24 YO";"0";"1199.9";"0.7";"1714.14";"Whisky";"Glass";"46";"3.7263978"
"Vinmonopolet";"11376101";"Berry Bros & Rudd Glentauchers 1996 20 YO";"Berry Bros & Rudd Glentauchers  20 YO";"0";"1499.9";"0.7";"2142.71";"Whisky";"Glass";"46";"4.658075"
"Vinmonopolet";"11376301";"Domenico Clerico Barolo Pajana 2015";"Domenico Clerico Barolo Pajana";"2015";"799.9";"0.75";"1066.53";"RÃ¸dvin";"Glass";"14.5";"7.3554025"
"Vinmonopolet";"11376701";"2Naturkinder Wilde Heimat";"2Naturkinder Wilde Heimat";"0";"349.8";"0.75";"466.4";"White wine";"Glass";"12.5";"3.7312"
"Vinmonopolet";"11376801";"2Naturkinder SpÃ¤tburgunder";"2Naturkinder SpÃ¤tburgunder";"0";"299.8";"0.75";"399.73";"RÃ¸dvin";"Glass";"10";"3.9973333"
"Vinmonopolet";"11376901";"2Naturkinder Kleine Heimat";"2Naturkinder Kleine Heimat";"0";"259.8";"0.75";"346.4";"White wine";"Glass";"11.5";"3.0121737"
"Vinmonopolet";"11377001";"GlenAllachie 15 YO";"GlenAllachie 15 YO";"0";"959.9";"0.7";"1371.29";"Whisky";"Glass";"46";"2.981056"
"Vinmonopolet";"11377101";"GlenAllachie 10 YO Cask Strenght Batch 3";"GlenAllachie 10 YO Cask Strenght Batch 3";"0";"939.9";"0.7";"1342.71";"Whisky";"Glass";"58.2";"2.3070693"
"Vinmonopolet";"11377301";"Ronco del Gelso Sottomonte Sauvignon";"Ronco del Gelso Sottomonte Sauvignon";"0";"279.8";"0.75";"373.07";"White wine";"Glass";"14";"2.6647618"
"Vinmonopolet";"11377401";"Ronco del Gelso Sot Lis Rivis Pinot Grigio";"Ronco del Gelso Sot Lis Rivis Pinot Grigio";"0";"279.8";"0.75";"373.07";"White wine";"Glass";"14";"2.6647618"
"Vinmonopolet";"11377501";"Ronco del Gelso Schulz Riesling";"Ronco del Gelso Schulz Riesling";"0";"279.8";"0.75";"373.07";"White wine";"Glass";"14";"2.6647618"
"Vinmonopolet";"11377601";"Feudi del Pisciotto Davolarosa Spumante Brut";"Feudi del Pisciotto Davolarosa Spumante Brut";"0";"249.8";"0.75";"333.07";"Musserende vin, rosÃ©";"Glass";"12.5";"2.6645334"
"Vinmonopolet";"11377701";"Meierer Mosel Riesling";"Meierer Mosel Riesling";"2018";"159";"0.75";"212";"White wine";"Glass";"11";"1.9272727"
"Vinmonopolet";"11377801";"Weiser-KÃ¼nstler Trarbacher Ortswein Trocken 2018";"Weiser-KÃ¼nstler Trarbacher Ortswein Trocken";"2018";"249.9";"0.75";"333.2";"White wine";"Glass";"12.5";"2.6655998"
"Vinmonopolet";"11377902";"AttÃ¥t klÃ¸ver gin";"AttÃ¥t klÃ¸ver gin";"2019";"429.5";"0.5";"859";"Gin";"Glass";"43";"1.9976745"
"Vinmonopolet";"11378001";"Vaona Pegrandi Amarone della Valpolicella Riserva 2011";"Vaona Pegrandi Amarone della Valpolicella Riserva";"2011";"765";"0.75";"1020";"RÃ¸dvin";"Glass";"16";"6.375"
"Vinmonopolet";"11378102";"Amundsen Cookies & Cream Pastry Stout";"Amundsen Cookies & Cream Pastry Stout";"0";"94.9";"0.33";"281.52";"Porter and stout";"Emballasje med pant";"10.5";"2.7388167"
"Vinmonopolet";"11378202";"Oud Beersel Tripel Oak Aged 2019";"Oud Beersel Tripel Oak Aged";"2019";"124.9";"0.38";"333.07";"SurÃ¸l";"Glass";"10.5";"3.1303258"
"Vinmonopolet";"11378302";"Amundsen Neapolitan Ice-Cream Pastry Stout";"Amundsen Neapolitan Ice-Cream Pastry Stout";"0";"94.9";"0.33";"281.52";"Porter and stout";"Emballasje med pant";"10.5";"2.7388167"
"Vinmonopolet";"11378601";"Ch. Rauzan-SÃ©gla 2012";"Ch. Rauzan-SÃ©gla";"2012";"1395";"0.75";"1860";"RÃ¸dvin";"Glass";"13.5";"13.777778"
"Vinmonopolet";"11378701";"Ch. Rauzan-SÃ©gla 2016";"Ch. Rauzan-SÃ©gla";"2016";"1795";"0.75";"2393.33";"RÃ¸dvin";"Glass";"13.5";"17.728395"
"Vinmonopolet";"11378801";"Ch. Nenin 2016";"Ch. Nenin";"2016";"915";"0.75";"1220";"RÃ¸dvin";"Glass";"13.5";"9.037037"
"Vinmonopolet";"11378901";"Ch. Suduiraut 2016";"Ch. Suduiraut";"2016";"1125";"0.75";"1500";"White wine";"Glass";"14";"10.714286"
"Vinmonopolet";"11379001";"Ch. du Tertre 2016";"Ch. du Tertre";"2016";"869";"0.75";"1158.67";"RÃ¸dvin";"Glass";"13";"8.912821"
"Vinmonopolet";"11379101";"Ch. Giscours 2016";"Ch. Giscours";"2016";"1315";"0.75";"1753.33";"RÃ¸dvin";"Glass";"13";"13.48718"
"Vinmonopolet";"11379201";"Dom. de Chevalier Blanc 2016";"Dom. de Chevalier Blanc";"2016";"1598";"0.75";"2130.67";"White wine";"Glass";"13.5";"15.782716"
"Vinmonopolet";"11379301";"Sem Igual Vinho Verde";"Sem Igual Vinho Verde";"2017";"274";"0.75";"365.33";"White wine";"Glass";"13";"2.8102565"
"Vinmonopolet";"11379401";"Sem Igual Ramadas Metal Vinho Verde";"Sem Igual Ramadas Metal Vinho Verde";"2017";"389";"0.75";"518.67";"White wine";"Glass";"13.5";"3.8419752"
"Vinmonopolet";"11379502";"Mack Mikrobryggeri Killer Ale Belgisk Trippel";"Mack Mikrobryggeri Killer Ale Belgisk Trippel";"0";"69.9";"0.5";"139.8";"Trappist";"Glass";"10.5";"1.3314286"
"Vinmonopolet";"11379601";"Sobrero Dolcetto d'Alba";"Sobrero Dolcetto d'Alba";"2018";"263.7";"0.75";"351.6";"RÃ¸dvin";"Glass";"12.5";"2.8128002"
"Vinmonopolet";"11379701";"Ch. Haut-Bailly 2016";"Ch. Haut-Bailly";"2016";"2250";"0.75";"3000";"RÃ¸dvin";"Glass";"13.5";"22.222221"
"Vinmonopolet";"11379801";"Ch. Malartic LagraviÃ¨re 2016";"Ch. Malartic LagraviÃ¨re";"2016";"1025";"0.75";"1366.67";"RÃ¸dvin";"Glass";"13.5";"10.123457"
"Vinmonopolet";"11379901";"Ch. Les Carmes Haut-Brion 2016";"Ch. Les Carmes Haut-Brion";"2016";"3180";"0.75";"4240";"RÃ¸dvin";"Glass";"13.5";"31.407408"
"Vinmonopolet";"11380001";"Ch. de Camensac 2016";"Ch. de Camensac";"2016";"619";"0.75";"825.33";"RÃ¸dvin";"Glass";"13.5";"6.11358"
"Vinmonopolet";"11380101";"La SirÃ¨ne de Giscours 2016";"La SirÃ¨ne de Giscours";"2016";"615";"0.75";"820";"RÃ¸dvin";"Glass";"13";"6.3076925"
"Vinmonopolet";"11380201";"Ch. Sociando-Mallet 2016";"Ch. Sociando-Mallet";"2016";"715";"0.75";"953.33";"RÃ¸dvin";"Glass";"14";"6.8095236"
"Vinmonopolet";"11380301";"Ch. Siran 2014";"Ch. Siran";"2014";"515";"0.75";"686.67";"RÃ¸dvin";"Glass";"13.5";"5.0864196"
"Vinmonopolet";"11380401";"La Chouette de Champillon Champagne Brut";"La Chouette de Champillon Champagne Brut";"0";"319.9";"0.75";"426.53";"Champagne, brut";"Glass";"12.5";"3.4122665"
"Vinmonopolet";"11380502";"Jean-Luc Pasquet KongesÃ¸nnen XO";"Jean-Luc Pasquet KongesÃ¸nnen XO";"0";"699";"0.5";"1398";"Grape spirit";"Glass";"42.2";"3.312796"
"Vinmonopolet";"11380601";"Winter Pure Brut Nature";"Winter Pure Brut Nature";"0";"649.9";"0.75";"866.53";"Sparkling wine";"Glass";"12";"7.2211113"
"Vinmonopolet";"11380704";"Sovinello Veneziano Sprizz";"Sovinello Veneziano Sprizz";"0";"39.8";"0.2";"199";"Flavoured wine	";"Metall";"6.5";"3.0615385"
"Vinmonopolet";"11380801";"Campo Alle Comete Bolgheri Superiore";"Campo Alle Comete Bolgheri Superiore";"2015";"499.9";"0.75";"666.53";"RÃ¸dvin";"Glass";"14";"4.7609525"
"Vinmonopolet";"11381001";"Gran Palaza";"Gran Palaza";"2018";"139.9";"1";"139.9";"RÃ¸dvin";"Ãvrig";"13";"1.0761538"
"Vinmonopolet";"11381201";"Quinta da Costa do PinhÃ£o Branco";"Quinta da Costa do PinhÃ£o Branco";"2016";"384";"0.75";"512";"White wine";"Glass";"12";"4.266667"
"Vinmonopolet";"11381301";"Quinta da Costa do PinhÃ£o Gradual Tinto";"Quinta da Costa do PinhÃ£o Gradual Tinto";"2015";"254";"0.75";"338.67";"RÃ¸dvin";"Glass";"12.5";"2.7093334"
"Vinmonopolet";"11381401";"Le Pianelle Al Forte Costa della Sesia Rosso";"Le Pianelle Al Forte Costa della Sesia Rosso";"2016";"394";"0.75";"525.33";"RÃ¸dvin";"Glass";"13.5";"3.8913581"
"Vinmonopolet";"11381501";"Billaud Chablis Grand Cru Vaudesir 2017";"Billaud Chablis Grand Cru Vaudesir";"2017";"799.9";"0.75";"1066.53";"White wine";"Glass";"13";"8.2041025"
"Vinmonopolet";"11381601";"Billaud Chablis Grand Cru Les Preuses 2017";"Billaud Chablis Grand Cru Les Preuses";"2017";"799.9";"0.75";"1066.53";"White wine";"Glass";"13";"8.2041025"
"Vinmonopolet";"11381701";"Billaud Chablis Grand Cru Blanchot 2017";"Billaud Chablis Grand Cru Blanchot";"2017";"799.9";"0.75";"1066.53";"White wine";"Glass";"13";"8.2041025"
"Vinmonopolet";"11381801";"Zeni Pinot Grigio 2018";"Zeni Pinot Grigio";"2018";"144.9";"0.75";"193.2";"White wine";"Glass";"12.5";"1.5455999"
"Vinmonopolet";"11381901";"Domenico Clerico Barolo Ciabot Mentin 2015";"Domenico Clerico Barolo Ciabot Mentin";"2015";"799.9";"0.75";"1066.53";"RÃ¸dvin";"Glass";"14.5";"7.3554025"
"Vinmonopolet";"11382001";"Dopff au Moulin NoÃ«l en Alsace Blanc";"Dopff au Moulin NoÃ«l en Alsace Blanc";"2018";"169";"0.75";"225.33";"White wine";"Glass";"12.5";"1.8026667"
"Vinmonopolet";"11382201";"Dom. Montirius CÃ´tes-du-RhÃ´ne La Muse Papilles";"Dom. Montirius CÃ´tes-du-RhÃ´ne La Muse Papilles";"2017";"159";"0.75";"212";"RÃ¸dvin";"Glass";"14";"1.5142857"
"Vinmonopolet";"11382301";"Dom. Montirius CÃ´tes-du-RhÃ´ne Jardin Secret";"Dom. Montirius CÃ´tes-du-RhÃ´ne Jardin Secret";"2016";"209";"0.75";"278.67";"RÃ¸dvin";"Glass";"14.5";"1.9218391"
"Vinmonopolet";"11382505";"Moulin de Citran Haut-MÃ©doc 2012";"Moulin de Citran Haut-MÃ©doc";"2012";"619.9";"1.5";"413.27";"RÃ¸dvin";"Glass";"13";"3.1789744"
"Vinmonopolet";"11382601";"Dom. de la Baume les MariÃ©s Sauvignon Blanc";"Dom. de la Baume les MariÃ©s Sauvignon Blanc";"2018";"169.9";"0.75";"226.53";"White wine";"Glass";"13";"1.7425641"
"Vinmonopolet";"11382705";"AndrÃ© Clouet Silver Brut Nature";"AndrÃ© Clouet Silver Brut Nature";"0";"749.9";"1.5";"499.93";"Champagne, other";"Glass";"12";"4.1661115"
"Vinmonopolet";"11382801";"Avezza Barbera d'Asti 2018";"Avezza Barbera d'Asti";"2018";"214.9";"0.75";"286.53";"RÃ¸dvin";"Glass";"14";"2.0466666"
"Vinmonopolet";"11382905";"Ch. de Lamarque 1981";"Ch. de Lamarque";"1981";"1090";"1.5";"726.67";"RÃ¸dvin";"Glass";"12.5";"5.8133335"
"Vinmonopolet";"11383001";"Ch. de Lamarque 1981";"Ch. de Lamarque";"1981";"499.9";"0.75";"666.53";"RÃ¸dvin";"Glass";"12.5";"5.332267"
"Vinmonopolet";"11383101";"Giribaldi Dolcetto d'Alba Campo del Pero 2017";"Giribaldi Dolcetto d'Alba Campo del Pero";"2017";"169.9";"0.75";"226.53";"RÃ¸dvin";"Glass";"15";"1.5102222"
"Vinmonopolet";"11383205";"Wongraven Morgenstern Black Label Riesling 2018";"Wongraven Morgenstern Black Label Riesling";"2018";"1499";"1.5";"999.33";"White wine";"Glass";"13";"7.6871796"
"Vinmonopolet";"11383301";"Schug Sonoma Coast Pinot Noir 2017";"Schug Sonoma Coast Pinot Noir";"2017";"199.9";"0.75";"266.53";"RÃ¸dvin";"Glass";"13.5";"1.9743209"
"Vinmonopolet";"11383401";"Giribaldi Nebbiolo d'Alba Conca d'Oro 2017";"Giribaldi Nebbiolo d'Alba Conca d'Oro";"2017";"249.9";"0.75";"333.2";"RÃ¸dvin";"Glass";"14";"2.3799999"
"Vinmonopolet";"11383501";"Giribaldi Barbera d'Alba Superiore Caj 2017";"Giribaldi Barbera d'Alba Superiore Caj";"2017";"189.9";"0.75";"253.2";"RÃ¸dvin";"Glass";"14";"1.8085713"
"Vinmonopolet";"11383601";"Creation Pinot Noir Reserve";"Creation Pinot Noir Reserve";"2018";"489";"0.75";"652";"RÃ¸dvin";"Glass";"14.5";"4.4965515"
"Vinmonopolet";"11383701";"Big Peat 10 YO";"Big Peat 10 YO";"0";"799.9";"0.7";"1142.71";"Whisky";"Glass";"46";"2.4841616"
"Vinmonopolet";"11383801";"Creation Chenin Blanc 2018";"Creation Chenin Blanc";"2018";"279";"0.75";"372";"White wine";"Glass";"14";"2.6571429"
"Vinmonopolet";"11383901";"Creation Chardonnay Reserve 2017";"Creation Chardonnay Reserve";"2017";"439";"0.75";"585.33";"White wine";"Glass";"13.5";"4.3358026"
"Vinmonopolet";"11384201";"JanotsBos Chassagne-Montrachet 2017";"JanotsBos Chassagne-Montrachet";"2017";"569.5";"0.75";"759.33";"White wine";"Glass";"12.5";"6.0746665"
"Vinmonopolet";"11384301";"JanotsBos Bourgogne Chardonnay 2016";"JanotsBos Bourgogne Chardonnay";"2016";"329.5";"0.75";"439.33";"White wine";"Glass";"12.5";"3.5146666"
"Vinmonopolet";"11384401";"JanotsBos Macon-SerriÃ¨res La Grange Rouge 2016";"JanotsBos Macon-SerriÃ¨res La Grange Rouge";"2016";"289.5";"0.75";"386";"RÃ¸dvin";"Glass";"11.5";"3.3565218"
"Vinmonopolet";"11384501";"JanotsBos Meursault 2017";"JanotsBos Meursault";"2017";"639.5";"0.75";"852.67";"White wine";"Glass";"13";"6.5589743"
"Vinmonopolet";"11384601";"JanotsBos Chassagne-Montrachet 1er Cru Morgeot 2016";"JanotsBos Chassagne-Montrachet 1er Cru Morgeot";"2016";"749.6";"0.75";"999.47";"White wine";"Glass";"13";"7.688205"
"Vinmonopolet";"11384901";"Bonnefond Cote-Rotie Colline de Couzou 2017";"Bonnefond Cote-Rotie Colline de Couzou";"2017";"499.9";"0.75";"666.53";"RÃ¸dvin";"Glass";"13";"5.1271796"
"Vinmonopolet";"11385001";"Ch. Roc de Segur 2016";"Ch. Roc de Segur";"2016";"164.9";"0.75";"219.87";"RÃ¸dvin";"Glass";"13";"1.691282"
"Vinmonopolet";"11385101";"Bonnefond Cote-Rotie Les Rochains 2017";"Bonnefond Cote-Rotie Les Rochains";"2017";"619.9";"0.75";"826.53";"RÃ¸dvin";"Glass";"13.5";"6.1224694"
"Vinmonopolet";"11385201";"Bonnefond Cote-Rotie Cote Rozier 2017";"Bonnefond Cote-Rotie Cote Rozier";"2017";"619.9";"0.75";"826.53";"RÃ¸dvin";"Glass";"13.5";"6.1224694"
"Vinmonopolet";"11385501";"Dom. Buisson-Battault Les Criots Meursault 2016";"Dom. Buisson-Battault Les Criots Meursault";"2016";"599.8";"0.75";"799.73";"White wine";"Glass";"13";"6.151795"
"Vinmonopolet";"11386001";"Georges Laval Les ChÃªnes CumiÃ¨res Premier Cru Brut Nature 2015";"Georges Laval Les ChÃªnes CumiÃ¨res Premier Cru Brut Nature";"2015";"1449.9";"0.75";"1933.2";"Champagne, brut";"Glass";"12";"16.11"
"Vinmonopolet";"11386101";"Georges Laval Les Hautes ChÃ¨vres Premier Cru Brut Nature 2014";"Georges Laval Les Hautes ChÃ¨vres Premier Cru Brut Nature";"2014";"1999.5";"0.75";"2666";"Champagne, brut";"Glass";"12.5";"21.328"
"Vinmonopolet";"11386205";"Georges Laval CumiÃ¨res Premier Cru Brut Nature 2014";"Georges Laval CumiÃ¨res Premier Cru Brut Nature";"2014";"1999.5";"1.5";"1333";"Champagne, brut";"Glass";"12";"11.108334"
"Vinmonopolet";"11386501";"Bel Colle Barbaresco PajorÃ¨ 2016";"Bel Colle Barbaresco PajorÃ¨";"2016";"399.9";"0.75";"533.2";"RÃ¸dvin";"Glass";"14.5";"3.6772413"
"Vinmonopolet";"11386601";"Bel Colle Langhe Nebbiolo 2018";"Bel Colle Langhe Nebbiolo";"2018";"189.9";"0.75";"253.2";"RÃ¸dvin";"Glass";"14";"1.8085713"
"Vinmonopolet";"11386801";"Rolet NaturÃ© 2018";"Rolet NaturÃ©";"2018";"279";"0.75";"372";"White wine";"Glass";"14";"2.6571429"
"Vinmonopolet";"11386901";"Rolet Arbois Tradition Blanc 2013";"Rolet Arbois Tradition Blanc";"2013";"319.9";"0.75";"426.53";"White wine";"Glass";"13.5";"3.159506"
"Vinmonopolet";"11387005";"Rolet Arbois Trousseau 2003";"Rolet Arbois Trousseau";"2003";"699.9";"1.5";"466.6";"RÃ¸dvin";"Glass";"13";"3.5892308"
"Vinmonopolet";"11387105";"Rolet Arbois Chardonnay 2003";"Rolet Arbois Chardonnay";"2003";"799.9";"1.5";"533.27";"White wine";"Glass";"13";"4.1020513"
"Vinmonopolet";"11387201";"Rolet Arbois Vin Jaune 1985";"Rolet Arbois Vin Jaune";"1985";"999.9";"0.62";"1612.74";"White wine";"Glass";"14.5";"11.122358"
"Vinmonopolet";"11387901";"Fattoria Nanni Origini Verdicchio dei Castelli di Jesi Classico Superiore";"Fattoria Nanni Origini Verdicchio dei Castelli di Jesi Classico Superiore";"2018";"269.9";"0.75";"359.87";"White wine";"Glass";"12.5";"2.8789332"
"Vinmonopolet";"11388001";"Fattoria Nanni Arsicci Verdicchio dei Castelli di Jesi Classico Superiore";"Fattoria Nanni Arsicci Verdicchio dei Castelli di Jesi Classico Superiore";"2018";"209.9";"0.75";"279.87";"White wine";"Glass";"12.5";"2.2389333"
"Vinmonopolet";"11388101";"Maria & Sepp Muster Graf Morillon";"Maria & Sepp Muster Graf Morillon";"0";"462";"0.75";"616";"White wine";"Glass";"12.5";"4.928"
"Vinmonopolet";"11388201";"Maria & Sepp Muster Graf Sauvignon";"Maria & Sepp Muster Graf Sauvignon";"0";"462";"0.75";"616";"White wine";"Glass";"12.5";"4.928"
"Vinmonopolet";"11388301";"Maria & Sepp Muster GrÃ¤fin";"Maria & Sepp Muster GrÃ¤fin";"0";"485.5";"0.75";"647.33";"White wine";"Glass";"12";"5.3944445"
"Vinmonopolet";"11388401";"Maria & Sepp Muster Erde";"Maria & Sepp Muster Erde";"2017";"596.9";"0.75";"795.87";"White wine";"Glass";"13";"6.1220517"
"Vinmonopolet";"11388501";"Maria & Sepp Muster Zweigelt vom Opok";"Maria & Sepp Muster Zweigelt vom Opok";"0";"357.3";"0.75";"476.4";"RÃ¸dvin";"Glass";"11";"4.330909"
"Vinmonopolet";"11388601";"Maria & Sepp Muster Graf Zweigelt";"Maria & Sepp Muster Graf Zweigelt";"0";"462";"0.75";"616";"RÃ¸dvin";"Glass";"12.5";"4.928"
"Vinmonopolet";"11388705";"Franco Conterno Barolo Riserva Bussia";"Franco Conterno Barolo Riserva Bussia";"2005";"2024.9";"1.5";"1349.93";"RÃ¸dvin";"Glass";"14";"9.642381"
"Vinmonopolet";"11388805";"Franco Conterno Barolo Riserva Bussia";"Franco Conterno Barolo Riserva Bussia";"0";"1873.4";"1.5";"1248.93";"RÃ¸dvin";"Glass";"14.5";"8.613334"
"Vinmonopolet";"11388907";"Altesino Brunello di Montalcino";"Altesino Brunello di Montalcino";"2013";"4326.5";"5";"865.3";"RÃ¸dvin";"Glass";"14";"6.180714"
"Vinmonopolet";"11389007";"Altesino Brunello di Montalcino";"Altesino Brunello di Montalcino";"2012";"4590.8";"5";"918.16";"RÃ¸dvin";"Glass";"14.5";"6.3321376"
"Vinmonopolet";"11389107";"Altesino Brunello di Montalcino Montesoli";"Altesino Brunello di Montalcino Montesoli";"0";"3686.6";"3";"1228.87";"RÃ¸dvin";"Glass";"14";"8.777619"
"Vinmonopolet";"11389201";"AR Lenoble Grand Cru Blanc de Blancs";"AR Lenoble Grand Cru Blanc de Blancs";"0";"459.9";"0.75";"613.2";"Champagne, brut";"Glass";"12.5";"4.9056"
"Vinmonopolet";"11389301";"Chanin Schock Family Vineyard Pinot Noir 2017";"Chanin Schock Family Vineyard Pinot Noir";"2017";"629.9";"0.75";"839.87";"RÃ¸dvin";"Glass";"13.5";"6.221235"
"Vinmonopolet";"11389401";"Giulia Negri Langhe Nebbiolo Pian delle Mole 2017";"Giulia Negri Langhe Nebbiolo Pian delle Mole";"2017";"259.9";"0.75";"346.53";"RÃ¸dvin";"Glass";"13.5";"2.5669136"
"Vinmonopolet";"11389501";"Ghilino Federico Nebbiolo d'Alba 2016";"Ghilino Federico Nebbiolo d'Alba";"2016";"269.9";"0.75";"359.87";"RÃ¸dvin";"Glass";"14.5";"2.481839"
"Vinmonopolet";"11389601";"Pascal ClÃ©ment Aloxe-Corton 1er Cru Les Valozieres 2017";"Pascal ClÃ©ment Aloxe-Corton 1er Cru Les Valozieres";"2017";"679.9";"0.75";"906.53";"RÃ¸dvin";"Glass";"13";"6.9733334"
"Vinmonopolet";"11389701";"Ghilino Federico BaccÃ  Barolo Bussia 2013";"Ghilino Federico BaccÃ  Barolo Bussia";"2013";"429.9";"0.75";"573.2";"RÃ¸dvin";"Glass";"14";"4.0942855"
"Vinmonopolet";"11389802";"Heidi SchrÃ¶ck Beerenauslese";"Heidi SchrÃ¶ck Beerenauslese";"0";"339.9";"0.38";"906.4";"White wine";"Glass";"11";"8.131578"
"Vinmonopolet";"11389901";"L. BÃ©nard-Pitois Carte Blanche";"L. BÃ©nard-Pitois Carte Blanche";"0";"299.9";"0.75";"399.87";"Champagne, brut";"Glass";"12";"3.3322222"
"Vinmonopolet";"11390001";"Vigna 800 Cesolina Valpolicella Classico BIO 2017";"Vigna 800 Cesolina Valpolicella Classico BIO";"2017";"174";"0.75";"232";"RÃ¸dvin";"Glass";"13";"1.7846154"
"Vinmonopolet";"11390101";"Palladino Bricco delle Olive Barbera d'Alba 2015";"Palladino Bricco delle Olive Barbera d'Alba";"2015";"275";"0.75";"366.67";"RÃ¸dvin";"Glass";"14";"2.6190476"
"Vinmonopolet";"11390201";"Armorik Triagoz 2019";"Armorik Triagoz";"0";"829";"0.7";"1184.29";"Whisky";"Glass";"46";"2.5745342"
"Vinmonopolet";"11391301";"Armorik Dervenn 2019";"Armorik Dervenn";"0";"865";"0.7";"1235.71";"Whisky";"Glass";"46";"2.6863356"
"Vinmonopolet";"11391401";"Thunder in the Glens";"Thunder in the Glens";"0";"1040";"0.7";"1485.71";"Whisky";"Glass";"43";"3.4551497"
"Vinmonopolet";"11391502";"Kruger-Rumpf Im Pittersberg Riesling Auslese 2004";"Kruger-Rumpf Im Pittersberg Riesling Auslese";"2004";"339.9";"0.38";"906.4";"White wine";"Glass";"10";"8.9447365"
"Vinmonopolet";"11391601";"Weing. Werlitsch Morillon vom Opok 2017";"Weing. Werlitsch Morillon vom Opok";"2017";"320";"0.75";"426.67";"White wine";"Glass";"12";"3.5555556"
"Vinmonopolet";"11391701";"Weing. Werlitsch Sauvignon vom Opok 2017";"Weing. Werlitsch Sauvignon vom Opok";"2017";"322.4";"0.75";"429.87";"White wine";"Glass";"12.5";"3.4389334"
"Vinmonopolet";"11391801";"Weing. Werlitsch Ex Vero II 2015";"Weing. Werlitsch Ex Vero II";"2015";"395";"0.75";"526.67";"White wine";"Glass";"12.5";"4.213333"
"Vinmonopolet";"11392001";"Weing. Werlitsch Ex Vero III 2016";"Weing. Werlitsch Ex Vero III";"2016";"570";"0.75";"760";"White wine";"Glass";"12.5";"6.08"
"Vinmonopolet";"11392201";"Weing. Werlitsch Dreigenerationenwein 2017";"Weing. Werlitsch Dreigenerationenwein";"2017";"483.8";"0.75";"645.07";"White wine";"Glass";"12.5";"5.1605334"
"Vinmonopolet";"11392301";"Weing. Werlitsch GlÃ¼ck 2016";"Weing. Werlitsch GlÃ¼ck";"2016";"482.3";"0.75";"643.07";"White wine";"Glass";"12.5";"5.144533"
"Vinmonopolet";"11392401";"Weing. Werlitsch Freude 2016";"Weing. Werlitsch Freude";"2016";"549.4";"0.75";"732.53";"White wine";"Glass";"13";"5.634872"
"Vinmonopolet";"11392501";"Byron's Gin Bird Cherry";"Byron's Gin Bird Cherry";"0";"733";"0.7";"1047.14";"Gin";"Glass";"43";"2.435216"
"Vinmonopolet";"11392701";"Kruger-Rumpf Im Pittersberg Riesling Spatlese 2014";"Kruger-Rumpf Im Pittersberg Riesling Spatlese";"2014";"296.9";"0.75";"395.87";"White wine";"Glass";"8";"4.9483333"
"Vinmonopolet";"11392801";"Spey Cask Strength TrutinÄ Batch 2";"Spey Cask Strength TrutinÄ Batch 2";"0";"995";"0.7";"1421.43";"Whisky";"Glass";"59.9";"2.3730025"
"Vinmonopolet";"11392902";"Nik Weis St. Urbans-Hof GoldtrÃ¶pfchen Auslese Gold Cap 2010";"Nik Weis St. Urbans-Hof GoldtrÃ¶pfchen Auslese Gold Cap";"2010";"539";"0.38";"1437.33";"White wine";"Glass";"8";"17.730263"
"Vinmonopolet";"11393001";"Nik Weis St. Urbans-Hof Saarfeilser SpÃ¤tlese 2010";"Nik Weis St. Urbans-Hof Saarfeilser SpÃ¤tlese";"2010";"479";"0.75";"638.67";"White wine";"Glass";"10";"6.386667"
"Vinmonopolet";"11393101";"Nik Weis St. Urbans-Hof Laurentiuslay Auslese 2017";"Nik Weis St. Urbans-Hof Laurentiuslay Auslese";"2017";"579";"0.75";"772";"White wine";"Glass";"8.5";"9.082353"
"Vinmonopolet";"11393201";"Nik Weis St. Urbans-Hof Laurentiuslay SpÃ¤tlese 2000";"Nik Weis St. Urbans-Hof Laurentiuslay SpÃ¤tlese";"2000";"699";"0.75";"932";"White wine";"Glass";"8";"11.65"
"Vinmonopolet";"11393302";"Nik Weis St. Urbans-Hof Bockstein Eiswein 1998";"Nik Weis St. Urbans-Hof Bockstein Eiswein";"1998";"999";"0.38";"2664";"White wine";"Glass";"6.5";"40.445343"
"Vinmonopolet";"11393402";"Nik Weis St. Urbans-Hof Layet Beerenauslese 2017";"Nik Weis St. Urbans-Hof Layet Beerenauslese";"2017";"1799";"0.38";"4797.33";"White wine";"Glass";"7.5";"63.122807"
"Vinmonopolet";"11393501";"Nik Weis St. Urbans-Hof Bockstein Eiswein 1998";"Nik Weis St. Urbans-Hof Bockstein Eiswein";"1998";"1999";"0.75";"2665.33";"White wine";"Glass";"6.5";"41.005127"
"Vinmonopolet";"11393601";"Nik Weis St. Urbans-Hof Bockstein Sekt 2016";"Nik Weis St. Urbans-Hof Bockstein Sekt";"2016";"329.8";"0.75";"439.73";"Sparkling wine";"Glass";"12";"3.6644442"
"Vinmonopolet";"11393701";"Nik Weis St. Urbans-Hof Bockstein Auslese Gold Cap 2017";"Nik Weis St. Urbans-Hof Bockstein Auslese Gold Cap";"2017";"699";"0.75";"932";"White wine";"Glass";"8.5";"10.964705"
"Vinmonopolet";"11393802";"Nik Weis St. Urbans-Hof Bockstein Auslese Gold Cap 2005";"Nik Weis St. Urbans-Hof Bockstein Auslese Gold Cap";"2005";"669";"0.38";"1784";"White wine";"Glass";"9.5";"18.531857"
"Vinmonopolet";"11393901";"Nik Weis St. Urbans-Hof Bockstein Auslese Gold Cap 2005";"Nik Weis St. Urbans-Hof Bockstein Auslese Gold Cap";"2005";"1299";"0.75";"1732";"White wine";"Glass";"9.5";"18.231579"
"Vinmonopolet";"11394001";"Nik Weis St. Urbans-Hof GoldtrÃ¶pfchen SpÃ¤tlese 2008";"Nik Weis St. Urbans-Hof GoldtrÃ¶pfchen SpÃ¤tlese";"2008";"399";"0.75";"532";"White wine";"Glass";"8";"6.65"
"Vinmonopolet";"11394101";"Spey 12 YO Peated";"Spey 12 YO Peated";"0";"1060";"0.7";"1514.29";"Whisky";"Glass";"46";"3.2919254"
"Vinmonopolet";"11394201";"Duckhorn Napa Valley Merlot";"Duckhorn Napa Valley Merlot";"2015";"549.9";"0.75";"733.2";"RÃ¸dvin";"Glass";"14.5";"5.056552"
"Vinmonopolet";"11394301";"Duckhorn Napa Valley Cabernet Sauvignon";"Duckhorn Napa Valley Cabernet Sauvignon";"2016";"699.9";"0.75";"933.2";"RÃ¸dvin";"Glass";"14.5";"6.435862"
"Vinmonopolet";"11394401";"Duckhorn Napa Valley Chardonnay";"Duckhorn Napa Valley Chardonnay";"2017";"399.9";"0.75";"533.2";"White wine";"Glass";"14";"3.8085713"
"Vinmonopolet";"11394501";"Duckhorn Three Palms Merlot";"Duckhorn Three Palms Merlot";"2016";"949.9";"0.75";"1266.53";"RÃ¸dvin";"Glass";"14.5";"8.734713"
"Vinmonopolet";"11394601";"Daracha's utvalgte nr. 6 North British 26 YO 1991";"Daracha's utvalgte nr. 6 North British 26 YO";"0";"1750";"0.7";"2500";"Whisky";"Glass";"52.7";"4.743833"
"Vinmonopolet";"11394701";"Decoy Sonoma County Pinot Noir 2017";"Decoy Sonoma County Pinot Noir";"2017";"349.9";"0.75";"466.53";"RÃ¸dvin";"Glass";"14";"3.332381"
"Vinmonopolet";"11394801";"Decoy Sonoma County Cabernet Sauvignon 2016";"Decoy Sonoma County Cabernet Sauvignon";"2016";"349.9";"0.75";"466.53";"RÃ¸dvin";"Glass";"14";"3.332381"
"Vinmonopolet";"11394901";"Decoy Sonoma County Chardonnay 2018";"Decoy Sonoma County Chardonnay";"2018";"299.9";"0.75";"399.87";"White wine";"Glass";"13.5";"2.9619753"
"Vinmonopolet";"11395001";"Armorik 10 ans 2019";"Armorik 10 ans";"0";"859";"0.7";"1227.14";"Whisky";"Glass";"46";"2.667702"
"Vinmonopolet";"11395301";"Ch. Thivin Clos Bertrand CÃ´te de Brouilly 2018";"Ch. Thivin Clos Bertrand CÃ´te de Brouilly";"2018";"269.9";"0.75";"359.87";"RÃ¸dvin";"Glass";"13.5";"2.665679"
"Vinmonopolet";"11395401";"Ch. Thivin Clos de Rochebonne Beaujolais Blanc 2018";"Ch. Thivin Clos de Rochebonne Beaujolais Blanc";"2018";"254.9";"0.75";"339.87";"White wine";"Glass";"13.5";"2.517531"
"Vinmonopolet";"11395502";"Bareksten MÃ¸rket/Darkness Gin";"Bareksten MÃ¸rket/Darkness Gin";"0";"690";"0.5";"1380";"Gin";"Glass";"47.2";"2.9237287"
"Vinmonopolet";"11395601";"Niepoort Conciso Branco 2016";"Niepoort Conciso Branco";"2016";"269.9";"0.75";"359.87";"White wine";"Glass";"12";"2.9988887"
"Vinmonopolet";"11395801";"Poeira She Douro 2016";"Poeira She Douro";"2016";"199.9";"0.75";"266.53";"RÃ¸dvin";"Glass";"12.5";"2.1322665"
"Vinmonopolet";"11395901";"Niepoort Bioma Vinha Velha Vintage Port 2016";"Niepoort Bioma Vinha Velha Vintage Port";"2016";"749.9";"0.75";"999.87";"Port wine";"Glass";"19.5";"5.1275215"
"Vinmonopolet";"11396001";"Calera Central Coast Pinot Noir";"Calera Central Coast Pinot Noir";"2016";"349.9";"0.75";"466.53";"RÃ¸dvin";"Glass";"14.5";"3.2174711"
"Vinmonopolet";"11396101";"Calera Central Coast Chardonnay";"Calera Central Coast Chardonnay";"2016";"329.9";"0.75";"439.87";"White wine";"Glass";"14";"3.1419046"
"Vinmonopolet";"11396301";"Paraduxx Napa Valley Red Wine";"Paraduxx Napa Valley Red Wine";"2016";"529.9";"0.75";"706.53";"RÃ¸dvin";"Glass";"15";"4.7102222"
"Vinmonopolet";"11396401";"Boscarelli Prugnolo Rosso di Montepulciano 2018";"Boscarelli Prugnolo Rosso di Montepulciano";"2018";"149.6";"0.75";"199.47";"RÃ¸dvin";"Glass";"13.5";"1.477531"
"Vinmonopolet";"11396507";"Balloon Girl Frappato Sicilia";"Balloon Girl Frappato Sicilia";"2018";"937.2";"3";"312.4";"RÃ¸dvin";"Glass";"14";"2.2314286"
"Vinmonopolet";"11396605";"Balloon Girl Frappato Sicilia";"Balloon Girl Frappato Sicilia";"2017";"396";"1.5";"264";"RÃ¸dvin";"Glass";"14";"1.8857143"
"Vinmonopolet";"11396701";"Balloon Girl Frappato Sicilia";"Balloon Girl Frappato Sicilia";"2017";"179.9";"0.75";"239.87";"RÃ¸dvin";"Glass";"14";"1.7133332"
"Vinmonopolet";"11398001";"Piu Piu Mosel PetNat RosÃ©";"Piu Piu Mosel PetNat RosÃ©";"0";"259.9";"0.75";"346.53";"Perlende vin, rosÃ©";"Glass";"12";"2.8877778"
"Vinmonopolet";"11398101";"Fabelaktig Mosel Riesling 2018";"Fabelaktig Mosel Riesling";"2018";"169.9";"0.75";"226.53";"White wine";"Glass";"11";"2.059394"
"Vinmonopolet";"11398201";"Fio Socalcos Mosel Riesling 2017";"Fio Socalcos Mosel Riesling";"2017";"249.9";"0.75";"333.2";"White wine";"Glass";"11";"3.029091"
"Vinmonopolet";"11398301";"FranÃ§ois Voyer Terres De Grande Champagne";"FranÃ§ois Voyer Terres De Grande Champagne";"0";"547.9";"0.7";"782.71";"Grape spirit";"Glass";"40";"1.9567858"
"Vinmonopolet";"11398401";"F. Voyer Extra Grande Champage";"F. Voyer Extra Grande Champage";"0";"1694.9";"0.7";"2421.29";"Grape spirit";"Glass";"42";"5.764966"
"Vinmonopolet";"11398501";"Fran ois Voyer Ancestral NÂ°8 Grande Champagne";"Fran ois Voyer Ancestral NÂ°8 Grande Champagne";"0";"7995";"0.7";"11421.43";"Grape spirit";"Glass";"44.3";"25.782007"
"Vinmonopolet";"11398601";"Fran ois Voyer Hors d'Age Grande Champagne";"Fran ois Voyer Hors d'Age Grande Champagne";"0";"5995";"0.7";"8564.29";"Grape spirit";"Glass";"43";"19.916945"
"Vinmonopolet";"11398701";"Pod. Poggio Scalette Chianti Classico";"Pod. Poggio Scalette Chianti Classico";"2018";"199";"0.75";"265.33";"RÃ¸dvin";"Glass";"13";"2.0410256"
"Vinmonopolet";"11399201";"Buisson Corton Grand Cru Les Renardes 2015";"Buisson Corton Grand Cru Les Renardes";"2015";"800";"0.75";"1066.67";"RÃ¸dvin";"Glass";"13";"8.205129"
"Vinmonopolet";"11399301";"Buisson Corton Grand Cru Les Renardes 2016";"Buisson Corton Grand Cru Les Renardes";"2016";"800";"0.75";"1066.67";"RÃ¸dvin";"Glass";"13";"8.205129"
"Vinmonopolet";"11399401";"Buisson Saint-Romain Sous Roche 2017";"Buisson Saint-Romain Sous Roche";"2017";"360";"0.75";"480";"RÃ¸dvin";"Glass";"13";"3.6923077"
"Vinmonopolet";"11399502";"Fran ois Voyer XO Gold Grande Champagne";"Fran ois Voyer XO Gold Grande Champagne";"0";"794.3";"0.5";"1588.6";"Grape spirit";"Glass";"40";"3.9715"
"Vinmonopolet";"11399601";"FranÃ§ois Voyer VSOP Grande Champagne";"FranÃ§ois Voyer VSOP Grande Champagne";"0";"630.6";"0.7";"900.86";"Grape spirit";"Glass";"40";"2.252143"
"Vinmonopolet";"11399701";"FranÃ§ois Voyer XO Grande Champagne";"FranÃ§ois Voyer XO Grande Champagne";"0";"794.9";"0.7";"1135.57";"Grape spirit";"Glass";"40";"2.8389287"
"Vinmonopolet";"11399801";"Buisson Saint Romaine Absolu Rouge 2017";"Buisson Saint Romaine Absolu Rouge";"2017";"400";"0.75";"533.33";"RÃ¸dvin";"Glass";"13";"4.1025643"
"Vinmonopolet";"11400301";"Buisson Saint-Romain La Perriere 2017";"Buisson Saint-Romain La Perriere";"2017";"380";"0.75";"506.67";"White wine";"Glass";"13";"3.897436"
"Vinmonopolet";"11400401";"May Recis SpÃ¤tburgunder Retszbacher Benediktusberg 2015";"May Recis SpÃ¤tburgunder Retszbacher Benediktusberg";"2015";"475";"0.75";"633.33";"RÃ¸dvin";"Glass";"13";"4.8717947"
"Vinmonopolet";"11400501";"May Langenberg SpÃ¤tburgunder 2017";"May Langenberg SpÃ¤tburgunder";"2017";"275";"0.75";"366.67";"RÃ¸dvin";"Glass";"12.5";"2.9333334"
"Vinmonopolet";"11400606";"Battenfeld-Spanier Kalkstein Riesling Trocken 2018";"Battenfeld-Spanier Kalkstein Riesling Trocken";"2018";"385";"2.25";"171.11";"White wine";"Bag-in-box";"12";"1.425926"
"Vinmonopolet";"11401001";"Bruichladdich Octomore 10.1";"Bruichladdich Octomore 10.1";"0";"2079.9";"0.7";"2971.29";"Whisky";"Glass";"59.8";"4.968705"
"Vinmonopolet";"11401101";"Vina Esmeralda Sparkling";"Vina Esmeralda Sparkling";"0";"149.9";"0.75";"199.87";"Sparkling wine";"Glass";"11.5";"1.737971"
"Vinmonopolet";"11401201";"Ferraton CÃ´tes du RhÃ´ne Villages Plan de Dieu 2017";"Ferraton CÃ´tes du RhÃ´ne Villages Plan de Dieu";"2017";"154.9";"0.75";"206.53";"RÃ¸dvin";"Glass";"14";"1.4752381"
"Vinmonopolet";"11401301";"Ferraton Gigondas Les Murailles 2018";"Ferraton Gigondas Les Murailles";"2018";"249.9";"0.75";"333.2";"RÃ¸dvin";"Glass";"14.5";"2.297931"
"Vinmonopolet";"11401401";"Ferraton La TournÃ©e Blanc";"Ferraton La TournÃ©e Blanc";"2018";"139.9";"0.75";"186.53";"White wine";"Glass";"12.5";"1.4922667"
"Vinmonopolet";"11401701";"Hendrick's Midsummer Solstice";"Hendrick's Midsummer Solstice";"0";"649.9";"0.7";"928.43";"Gin";"Glass";"43.4";"2.1392365"
"Vinmonopolet";"11401801";"Castelforte Prosecco Extra Dry";"Castelforte Prosecco Extra Dry";"0";"109.9";"0.75";"146.53";"Sparkling wine";"Glass";"11";"1.3321213"
"Vinmonopolet";"11401901";"Castelforte Spumante Brut";"Castelforte Spumante Brut";"0";"102.9";"0.75";"137.2";"Sparkling wine";"Glass";"11";"1.2472727"
"Vinmonopolet";"11402001";"Mauro Molino Langhe Nebbiolo";"Mauro Molino Langhe Nebbiolo";"2018";"249.9";"0.75";"333.2";"RÃ¸dvin";"Glass";"14.5";"2.297931"
"Vinmonopolet";"11402101";"Stemmari Hedonis Sicilia";"Stemmari Hedonis Sicilia";"2015";"349.9";"0.75";"466.53";"RÃ¸dvin";"Glass";"14";"3.332381"
"Vinmonopolet";"11402205";"Vilarnau Cava Brut Nature Reserva";"Vilarnau Cava Brut Nature Reserva";"2016";"279.9";"1.5";"186.6";"Sparkling wine";"Glass";"11.5";"1.6226087"
"Vinmonopolet";"11402701";"Bachelet-Monnot Meursault Clos du Cromin 2017";"Bachelet-Monnot Meursault Clos du Cromin";"2017";"519.9";"0.75";"693.2";"White wine";"Glass";"13.5";"5.134815"
"Vinmonopolet";"11403301";"Bachelet-Monnot Batard-Montrachet Grand Cru 2017";"Bachelet-Monnot Batard-Montrachet Grand Cru";"2017";"2345.1";"0.75";"3126.8";"White wine";"Glass";"14";"22.334286"
"Vinmonopolet";"11403401";"Bachelet-Monnot Marange 1er Cru La BoutiÃ¨re 2017";"Bachelet-Monnot Marange 1er Cru La BoutiÃ¨re";"2017";"338.9";"0.75";"451.87";"RÃ¸dvin";"Glass";"13.5";"3.3471603"
"Vinmonopolet";"11403901";"SchÃ¶nborn Hattenheim Pfaffenberg Riesling Erste GewÃ¤chs";"SchÃ¶nborn Hattenheim Pfaffenberg Riesling Erste GewÃ¤chs";"2009";"359.8";"0.75";"479.73";"White wine";"Glass";"14.5";"3.3085055"
"Vinmonopolet";"11404206";"Bevicisu Barbera";"Bevicisu Barbera";"2018";"479";"3";"159.67";"RÃ¸dvin";"Bag-in-box";"13";"1.2282051"
"Vinmonopolet";"11404501";"Highland Park Valfather";"Highland Park Valfather";"0";"789.9";"0.7";"1128.43";"Whisky";"Glass";"47";"2.400912"
"Vinmonopolet";"11404601";"Ch. du Breuil Sauternes 8 Ans";"Ch. du Breuil Sauternes 8 Ans";"0";"719.9";"0.7";"1028.43";"Fruit spirit";"Glass";"43.4";"2.369651"
"Vinmonopolet";"11404701";"Bryggerhuset Blueberry Brut IPA #02";"Bryggerhuset Blueberry Brut IPA #02";"0";"149.9";"0.75";"199.87";"India pale ale";"Glass";"9.5";"2.1038597"
"Vinmonopolet";"11404801";"Ch. du Breuil L'Insoumis Bourbon 8 Ans";"Ch. du Breuil L'Insoumis Bourbon 8 Ans";"0";"719.9";"0.7";"1028.43";"Fruit spirit";"Glass";"44";"2.3373377"
"Vinmonopolet";"11404902";"La Pirata x Buddelship Jam Session";"La Pirata x Buddelship Jam Session";"0";"84.9";"0.33";"257.27";"Saison farmhouse ale";"Glass";"9.3";"2.7663734"
"Vinmonopolet";"11405002";"St. Hallvards 1814";"St. Hallvards";"0";"69.9";"0.33";"211.82";"MÃ¸rk lager";"Glass";"6.5";"3.2587411"
"Vinmonopolet";"11405101";"Waltazar Reserva";"Waltazar Reserva";"2013";"145";"0.75";"193.33";"RÃ¸dvin";"Glass";"13";"1.4871795"
"Vinmonopolet";"11405201";"Faustino Rivero Rioja Vendimia Seleccionada";"Faustino Rivero Rioja Vendimia Seleccionada";"0";"149.9";"0.75";"199.87";"RÃ¸dvin";"Glass";"13";"1.5374359"
"Vinmonopolet";"11405301";"Faustino Rivero Albarino";"Faustino Rivero Albarino";"2018";"179.9";"0.75";"239.87";"White wine";"Glass";"12.5";"1.9189333"
"Vinmonopolet";"11405601";"MarquÃ©s de GriÃ±Ã³n Graciano 2013";"MarquÃ©s de GriÃ±Ã³n Graciano";"2013";"451.3";"0.75";"601.73";"RÃ¸dvin";"Glass";"15";"4.0115557"
"Vinmonopolet";"11405701";"Whitcraft Winery Sta Rita Hills Pence Ranch Chardonnay 2017";"Whitcraft Winery Sta Rita Hills Pence Ranch Chardonnay";"2017";"549.9";"0.75";"733.2";"White wine";"Glass";"13";"5.6400003"
"Vinmonopolet";"11405801";"Whitcraft Santa Barbara County Pinot Noir 2017";"Whitcraft Santa Barbara County Pinot Noir";"2017";"459.9";"0.75";"613.2";"RÃ¸dvin";"Glass";"13";"4.716923"
"Vinmonopolet";"11405901";"Whitcraft Sta Rita Hills Pence Ranch Pinot Noir 2017";"Whitcraft Sta Rita Hills Pence Ranch Pinot Noir";"2017";"629.9";"0.75";"839.87";"RÃ¸dvin";"Glass";"12.8";"6.5614586"
"Vinmonopolet";"11406001";"Beach House Gold Spiced";"Beach House Gold Spiced";"0";"480.3";"0.7";"686.14";"Other spirit";"Glass";"40";"1.7153572"
"Vinmonopolet";"11406101";"Porter's Tropical Old Tom Gin";"Porter's Tropical Old Tom Gin";"0";"512.4";"0.7";"732";"Gin";"Glass";"40";"1.8300002"
"Vinmonopolet";"11406201";"Porter's Modern Classic Gin";"Porter's Modern Classic Gin";"0";"504.9";"0.7";"721.29";"Gin";"Glass";"41.5";"1.7380378"
"Vinmonopolet";"11406301";"Yann Chave Crozes-Hermitage 2018";"Yann Chave Crozes-Hermitage";"2018";"269";"0.75";"358.67";"RÃ¸dvin";"Glass";"13";"2.7589743"
"Vinmonopolet";"11406401";"Suze";"Suze";"0";"299.9";"0.7";"428.43";"Bitter	";"Glass";"20";"2.1421428"
"Vinmonopolet";"11406501";"Chairman's Reserve Original";"Chairman's Reserve Original";"0";"442.8";"0.7";"632.57";"Rum";"Glass";"40";"1.5814285"
"Vinmonopolet";"11406601";"Chairman's Reserve Spiced Original";"Chairman's Reserve Spiced Original";"0";"442.8";"0.7";"632.57";"Other spirit";"Glass";"40";"1.5814285"
"Vinmonopolet";"11406701";"Chairman's Reserve White";"Chairman's Reserve White";"0";"434.5";"0.7";"620.71";"Rum";"Glass";"43";"1.4435216"
"Vinmonopolet";"11406801";"Chairman's Reserve The Forgotten Casks";"Chairman's Reserve The Forgotten Casks";"0";"586.8";"0.7";"838.29";"Rum";"Glass";"40";"2.0957143"
"Vinmonopolet";"11406902";"Jean-Luc Pasquet Le Cognac d'AndrÃ© 1973";"Jean-Luc Pasquet Le Cognac d'AndrÃ©";"1973";"1499.9";"0.5";"2999.8";"Grape spirit";"Glass";"51.4";"5.836187"
"Vinmonopolet";"11407002";"Jean-Luc Pasquet Le Cognac de Christian 1988";"Jean-Luc Pasquet Le Cognac de Christian";"1988";"1329.9";"0.5";"2659.8";"Grape spirit";"Glass";"54.1";"4.9164515"
"Vinmonopolet";"11407205";"Castelforte Valpolicella Ripasso 2016";"Castelforte Valpolicella Ripasso";"2016";"339.9";"1.5";"226.6";"RÃ¸dvin";"Glass";"14";"1.6185714"
"Vinmonopolet";"11407305";"Castelforte Amarone della Valpolicella 2015";"Castelforte Amarone della Valpolicella";"2015";"469.9";"1.5";"313.27";"RÃ¸dvin";"Glass";"15";"2.0884445"
"Vinmonopolet";"11407401";"The Wanted Cab 2016";"The Wanted Cab";"2016";"154.9";"0.75";"206.53";"RÃ¸dvin";"Glass";"14";"1.4752381"
"Vinmonopolet";"11407701";"Muga Conde de Haro Cava Brut 2016";"Muga Conde de Haro Cava Brut";"2016";"269.9";"0.75";"359.87";"Sparkling wine";"Glass";"12";"2.9988887"
"Vinmonopolet";"11407901";"Ch. Carcannieux";"Ch. Carcannieux";"2010";"250";"0.75";"333.33";"RÃ¸dvin";"Glass";"13";"2.5641026"
"Vinmonopolet";"11408001";"Ginestet Grand Vin de Pauillac";"Ginestet Grand Vin de Pauillac";"2015";"329.9";"0.75";"439.87";"RÃ¸dvin";"Glass";"12.5";"3.5189333"
"Vinmonopolet";"11408101";"Ginestet Grand Vin de St. Emilion";"Ginestet Grand Vin de St. Emilion";"2016";"269.9";"0.75";"359.87";"RÃ¸dvin";"Glass";"14.5";"2.481839"
"Vinmonopolet";"11408201";"Ginestet Grand vin de Margaux";"Ginestet Grand vin de Margaux";"2016";"399.9";"0.75";"533.2";"RÃ¸dvin";"Glass";"13.5";"3.9496295"
"Vinmonopolet";"11408301";"Capuano Ferreri Santenay Vieilles Vignes Blanc";"Capuano Ferreri Santenay Vieilles Vignes Blanc";"2017";"339.9";"0.75";"453.2";"White wine";"Glass";"13";"3.4861538"
"Vinmonopolet";"11408401";"Capuano Ferreri Chassagne-Montrachet 1er Cru Morgeot";"Capuano Ferreri Chassagne-Montrachet 1er Cru Morgeot";"2018";"599.9";"0.75";"799.87";"White wine";"Glass";"13.5";"5.9249387"
"Vinmonopolet";"11408601";"Capuano Ferreri Chassagne-Montrachet Cuvee Prestige";"Capuano Ferreri Chassagne-Montrachet Cuvee Prestige";"2018";"499.9";"0.75";"666.53";"White wine";"Glass";"13";"5.1271796"
"Vinmonopolet";"11408701";"Capuano Ferreri Santenay Premiere Cru La Comme Rouge";"Capuano Ferreri Santenay Premiere Cru La Comme Rouge";"2017";"329.9";"0.75";"439.87";"RÃ¸dvin";"Glass";"13";"3.3835897"
"Vinmonopolet";"11409001";"Henri Delagrange Volnay 1er Cru Champans";"Henri Delagrange Volnay 1er Cru Champans";"2017";"675";"0.75";"900";"RÃ¸dvin";"Glass";"13.5";"6.6666665"
"Vinmonopolet";"11409101";"Henri Delagrange Volnay 1er Cru Santenots";"Henri Delagrange Volnay 1er Cru Santenots";"2017";"899.9";"0.75";"1199.87";"RÃ¸dvin";"Glass";"13.5";"8.887901"
"Vinmonopolet";"11409201";"Henri Delagrange Volnay 1er Cru Clos des ChÃªnes";"Henri Delagrange Volnay 1er Cru Clos des ChÃªnes";"2017";"675";"0.75";"900";"RÃ¸dvin";"Glass";"13.5";"6.6666665"
"Vinmonopolet";"11409502";"OMA Pale Ale";"OMA Pale Ale";"0";"69.9";"0.33";"211.82";"Pale ale";"Glass";"5.5";"3.8512397"
"Vinmonopolet";"11409602";"OMA Dubbel";"OMA Dubbel";"0";"69.9";"0.33";"211.82";"Trappist";"Glass";"7";"3.025974"
"Vinmonopolet";"11409701";"Lethbridge Allegra Chardonnay";"Lethbridge Allegra Chardonnay";"2013";"600.1";"0.75";"800.13";"White wine";"Glass";"13.5";"5.9269133"
"Vinmonopolet";"11409802";"Rondane Aquavit";"Rondane Aquavit";"0";"399";"0.5";"798";"Aquavit";"Glass";"40";"1.995"
"Vinmonopolet";"11409901";"Vin Nature Ã  Butiner Beaujolais-Village 2018";"Vin Nature Ã  Butiner Beaujolais-Village";"2018";"175";"0.75";"233.33";"RÃ¸dvin";"Glass";"13";"1.7948718"
"Vinmonopolet";"11410102";"Berentsens Juleaquavit 2019";"Berentsens Juleaquavit";"2019";"380.8";"0.5";"761.6";"Aquavit";"Glass";"38";"2.0042105"
"Vinmonopolet";"11410202";"Reodor Felgens FlÃ¥klypa Spesial Adventsakevitt";"Reodor Felgens FlÃ¥klypa Spesial Adventsakevitt";"0";"419.9";"0.5";"839.8";"Aquavit";"Glass";"40";"2.0995"
"Vinmonopolet";"11410401";"Le FaÃ®te Saint Mont 2014";"Le FaÃ®te Saint Mont";"2014";"369.9";"0.75";"493.2";"RÃ¸dvin";"Glass";"14";"3.5228572"
"Vinmonopolet";"11410505";"Le FaÃ®te Saint Mont 2014";"Le FaÃ®te Saint Mont";"2014";"749.9";"1.5";"499.93";"RÃ¸dvin";"Glass";"14";"3.5709524"
"Vinmonopolet";"11410601";"#NKVO";"#NKVO";"2018";"149.9";"0.75";"199.87";"RÃ¸dvin";"Glass";"13";"1.5374359"
"Vinmonopolet";"11410701";"William Downie Cathedral Pinot Noir";"William Downie Cathedral Pinot Noir";"2018";"399.9";"0.75";"533.2";"RÃ¸dvin";"Glass";"13.5";"3.9496295"
"Vinmonopolet";"11410801";"Dom. Octavie Touraine Sauvignon 2018";"Dom. Octavie Touraine Sauvignon";"2018";"179";"0.75";"238.67";"White wine";"Glass";"13";"1.8358974"
"Vinmonopolet";"11410901";"Dom. Octavie CuvÃ©e Pauline Brut";"Dom. Octavie CuvÃ©e Pauline Brut";"0";"191.7";"0.75";"255.6";"Sparkling wine";"Glass";"12.5";"2.0448"
"Vinmonopolet";"11411001";"Dom. Octavie La Closerie CÃ´t 2018";"Dom. Octavie La Closerie CÃ´t";"2018";"190";"0.75";"253.33";"RÃ¸dvin";"Glass";"13";"1.948718"
"Vinmonopolet";"11411407";"Dom. de Chevalier 2016";"Dom. de Chevalier";"2016";"4398.1";"3";"1466.03";"RÃ¸dvin";"Glass";"13.5";"10.859507"
"Vinmonopolet";"11411502";"The 4th Rabbit Agave Spirit";"The 4th Rabbit Agave Spirit";"0";"599.9";"0.5";"1199.8";"Fruit spirit";"Glass";"43";"2.7902327"
"Vinmonopolet";"11412101";"Torrelongares Tempranillo 2018";"Torrelongares Tempranillo";"2018";"99.9";"0.75";"133.2";"RÃ¸dvin";"Glass";"13.5";"0.9866667"
"Vinmonopolet";"11412502";"PÃµhjala Forest Series Porcini Baltic Porter";"PÃµhjala Forest Series Porcini Baltic Porter";"0";"59.9";"0.33";"181.52";"Porter and stout";"Glass";"9";"2.016835"
"Vinmonopolet";"11412602";"Lindheim Friendship Series Sour Flower";"Lindheim Friendship Series Sour Flower";"0";"120";"0.38";"320";"SurÃ¸l";"Glass";"6";"5.263158"
"Vinmonopolet";"11412702";"Lindheim Farmer's Reserve StikkelsbÃ¦r";"Lindheim Farmer's Reserve StikkelsbÃ¦r";"0";"120";"0.38";"320";"SurÃ¸l";"Glass";"6.5";"4.8582997"
"Vinmonopolet";"11412801";"Morena Spumante Rosato";"Morena Spumante Rosato";"2017";"212.9";"0.75";"283.87";"Musserende vin, rosÃ©";"Glass";"13";"2.1835897"
"Vinmonopolet";"11412901";"Crestale";"Crestale";"2018";"199.4";"0.75";"265.87";"White wine";"Glass";"13.5";"1.9693826"
"Vinmonopolet";"11413001";"Reale Matteo Spumante Brut";"Reale Matteo Spumante Brut";"2014";"226.6";"0.75";"302.13";"Sparkling wine";"Glass";"13";"2.3241026"
"Vinmonopolet";"11413101";"Balasso";"Balasso";"2018";"156.4";"0.75";"208.53";"RÃ¸dvin";"Glass";"12.5";"1.6682667"
"Vinmonopolet";"11413402";"PÃµhjala Twisted Biscuit Baltic Porter";"PÃµhjala Twisted Biscuit Baltic Porter";"0";"49.9";"0.33";"151.21";"Porter and stout";"Glass";"7.5";"2.0161617"
"Vinmonopolet";"11413702";"Brewski Scarecrow DDH NEIPA";"Brewski Scarecrow DDH NEIPA";"0";"69";"0.33";"209.09";"India pale ale";"Metall";"7";"2.9870129"
"Vinmonopolet";"11414201";"Innlandet Aquavit";"Innlandet Aquavit";"0";"479.9";"0.7";"685.57";"Aquavit";"Glass";"40";"1.7139286"
"Vinmonopolet";"11414301";"Chivite Las Fincas 2 Garnachas Blanco 2018";"Chivite Las Fincas 2 Garnachas Blanco";"2018";"239.9";"0.75";"319.87";"White wine";"Glass";"14";"2.284762"
"Vinmonopolet";"11414401";"Chivite Legardeta Syrah 2015";"Chivite Legardeta Syrah";"2015";"239.9";"0.75";"319.87";"RÃ¸dvin";"Glass";"14";"2.284762"
"Vinmonopolet";"11414702";"Samos Vin Doux 2017";"Samos Vin Doux";"2017";"189.9";"0.5";"379.8";"Fortified wine";"Glass";"15";"2.5319998"
"Vinmonopolet";"11414801";"Bargylus Blanc 2013";"Bargylus Blanc";"2013";"319.9";"0.75";"426.53";"White wine";"Glass";"14.9";"2.86264"
"Vinmonopolet";"11414901";"Bargylus Rouge 2013";"Bargylus Rouge";"2013";"389.9";"0.75";"519.87";"RÃ¸dvin";"Glass";"14.5";"3.5852873"
"Vinmonopolet";"11415002";"8 Wired Juice Juice Baby Hazy IPA";"8 Wired Juice Juice Baby Hazy IPA";"0";"92";"0.44";"209.09";"India pale ale";"Metall";"6.7";"3.12076"
"Vinmonopolet";"11415101";"Menegola Orante Valtellina Superiore 2014";"Menegola Orante Valtellina Superiore";"2014";"265.9";"0.75";"354.53";"RÃ¸dvin";"Glass";"13.5";"2.6261728"
"Vinmonopolet";"11415201";"Menegola Rupestre Sassella 2013";"Menegola Rupestre Sassella";"2013";"296.9";"0.75";"395.87";"RÃ¸dvin";"Glass";"13.5";"2.9323456"
"Vinmonopolet";"11415301";"Menegola Sassella Riserva 2013";"Menegola Sassella Riserva";"2013";"389.9";"0.75";"519.87";"RÃ¸dvin";"Glass";"14";"3.7133334"
"Vinmonopolet";"11415505";"Envinate Albahra";"Envinate Albahra";"2018";"419.9";"1.5";"279.93";"RÃ¸dvin";"Glass";"13";"2.1533332"
"Vinmonopolet";"11415705";"Envinate Benje Tinto";"Envinate Benje Tinto";"2018";"549.9";"1.5";"366.6";"RÃ¸dvin";"Glass";"12";"3.055"
"Vinmonopolet";"11415902";"Dugges/Stillwater Cocoa Cacao Imperial stout";"Dugges/Stillwater Cocoa Cacao Imperial stout";"0";"105";"0.33";"318.18";"Porter and stout";"Glass";"11.5";"2.7667983"
"Vinmonopolet";"11416001";"Taylor's Single Harvest 1969";"Taylor's Single Harvest";"1969";"2495";"0.75";"3326.67";"Port wine";"Glass";"20.5";"16.227642"
"Vinmonopolet";"11416101";"Cosmopolitan Diva";"Cosmopolitan Diva";"0";"99.9";"0.75";"133.2";"Fruit wine";"Glass";"5.5";"2.4218183"
"Vinmonopolet";"11416801";"Zenitude Audace Cinsault 2016";"Zenitude Audace Cinsault";"2016";"299.9";"0.75";"399.87";"RÃ¸dvin";"Glass";"14.5";"2.7577012"
"Vinmonopolet";"11417001";"Zenitude Vent d'Anges Carignan 2016";"Zenitude Vent d'Anges Carignan";"2016";"329.9";"0.75";"439.87";"RÃ¸dvin";"Glass";"13.5";"3.2582715"
"Vinmonopolet";"11417101";"Finca Valpiedra Reserva 2011";"Finca Valpiedra Reserva";"2011";"312.8";"0.75";"417.07";"RÃ¸dvin";"Glass";"13.5";"3.0893826"
"Vinmonopolet";"11417205";"Finca Valpiedra Reserva 2001";"Finca Valpiedra Reserva";"2001";"824.6";"1.5";"549.73";"RÃ¸dvin";"Glass";"13.5";"4.0720987"
"Vinmonopolet";"11417301";"Bod. Enrique Mendoza Santa Rosa 2015";"Bod. Enrique Mendoza Santa Rosa";"2015";"333.8";"0.75";"445.07";"RÃ¸dvin";"Glass";"14";"3.1790476"
"Vinmonopolet";"11417401";"Mas Doix Priorat 2014";"Mas Doix Priorat";"2014";"875.4";"0.75";"1167.2";"RÃ¸dvin";"Glass";"14.5";"8.049655"
"Vinmonopolet";"11417502";"Pazo SeÃ±orans Orujos de Galicia";"Pazo SeÃ±orans Orujos de Galicia";"0";"448.5";"0.5";"897";"Grape spirit";"Glass";"41";"2.187805"
"Vinmonopolet";"11417602";"Pazo SeÃ±orans Aguardiente de Hierbas de Galicia";"Pazo SeÃ±orans Aguardiente de Hierbas de Galicia";"0";"450";"0.5";"900";"Grape spirit";"Glass";"37.5";"2.4"
"Vinmonopolet";"11417701";"Trus Roble";"Trus Roble";"2018";"180.4";"0.75";"240.53";"RÃ¸dvin";"Glass";"14";"1.7180952"
"Vinmonopolet";"11417801";"Lux Brut Sparkling Wine";"Lux Brut Sparkling Wine";"0";"149.9";"0.75";"199.87";"Sparkling wine";"Glass";"11.5";"1.737971"
"Vinmonopolet";"11417902";"Gullmunn Juleakevitt 2019";"Gullmunn Juleakevitt";"2019";"449.9";"0.5";"899.8";"Aquavit";"Glass";"38";"2.3678946"
"Vinmonopolet";"11418401";"Elvio Cogno Barbera d'Alba Bricco dei Merli 2017";"Elvio Cogno Barbera d'Alba Bricco dei Merli";"2017";"329.9";"0.75";"439.87";"RÃ¸dvin";"Glass";"15";"2.9324443"
"Vinmonopolet";"11418501";"Elvio Cogno Langhe Nebbiolo Montegrilli 2018";"Elvio Cogno Langhe Nebbiolo Montegrilli";"2018";"299.9";"0.75";"399.87";"RÃ¸dvin";"Glass";"14";"2.8561904"
"Vinmonopolet";"11418801";"Meinklang Morgen";"Meinklang Morgen";"2018";"369.9";"0.75";"493.2";"RosÃ©vin";"Glass";"10.5";"4.6971426"
"Vinmonopolet";"11418901";"Meinklang Tag 2018";"Meinklang Tag";"2018";"369.9";"0.75";"493.2";"White wine";"Glass";"10.5";"4.6971426"
"Vinmonopolet";"11419401";"Tarquin's Cornish Dry Gin";"Tarquin's Cornish Dry Gin";"0";"538.6";"0.7";"769.43";"Gin";"Glass";"42";"1.8319727"
"Vinmonopolet";"11419501";"Tarquin's Seadog Navy Gin";"Tarquin's Seadog Navy Gin";"0";"667.7";"0.7";"953.86";"Gin";"Glass";"57";"1.6734337"
"Vinmonopolet";"11419601";"Tarquin's Rhubarb and Raspberry Gin";"Tarquin's Rhubarb and Raspberry Gin";"0";"533.2";"0.7";"761.71";"Gin";"Glass";"38";"2.0045114"
"Vinmonopolet";"11419702";"SvartskjÃ¦r Belgisk Quadrupel";"SvartskjÃ¦r Belgisk Quadrupel";"2019";"65.9";"0.33";"199.7";"Trappist";"Glass";"10";"1.9969697"
"Vinmonopolet";"11420101";"La Colline Ãternelle Bourgogne Chardonnay 2015";"La Colline Ãternelle Bourgogne Chardonnay";"2015";"189.7";"0.75";"252.93";"White wine";"Glass";"12.5";"2.0234666"
"Vinmonopolet";"11420201";"La Colline Ãternelle Bourgogne Pinot Noir 2017";"La Colline Ãternelle Bourgogne Pinot Noir";"2017";"189.7";"0.75";"252.93";"RÃ¸dvin";"Glass";"12.5";"2.0234666"
"Vinmonopolet";"11420306";"Pfaffl GrÃ¼ner Veltliner vom Haus 2018";"Pfaffl GrÃ¼ner Veltliner vom Haus";"2018";"499.1";"3";"166.37";"White wine";"Bag-in-box";"12";"1.3863889"
"Vinmonopolet";"11420401";"Artemis Pinot Noir 2017";"Artemis Pinot Noir";"2017";"289.8";"0.75";"386.4";"RÃ¸dvin";"Glass";"13";"2.9723077"
"Vinmonopolet";"11421801";"Avezza Nizza 2016";"Avezza Nizza";"2016";"309.9";"0.75";"413.2";"RÃ¸dvin";"Glass";"15";"2.7546666"
"Vinmonopolet";"11422001";"Avezza Moscato d'Asti Canelli La Commenda 2018";"Avezza Moscato d'Asti Canelli La Commenda";"2018";"179.9";"0.75";"239.87";"Sparkling white wine";"Glass";"5.5";"4.361212"
"Vinmonopolet";"11422101";"Avezza Alta Langa dosaggio Zero 2016";"Avezza Alta Langa dosaggio Zero";"2016";"329.9";"0.75";"439.87";"Sparkling wine";"Glass";"12";"3.6655555"
"Vinmonopolet";"11422205";"Hendry Cabernet Sauvignon";"Hendry Cabernet Sauvignon";"2006";"1500.7";"1.5";"1000.47";"RÃ¸dvin";"Glass";"14.4";"6.9476852"
"Vinmonopolet";"11422502";"Lervig Idaho Picnic";"Lervig Idaho Picnic";"0";"72.9";"0.5";"141.8";"Pale ale";"Emballasje med pant";"5.8";"2.513793"
"Vinmonopolet";"11424001";"Fraccaroli Garda Cabernet Sauvignon 2017";"Fraccaroli Garda Cabernet Sauvignon";"2017";"199.8";"0.75";"266.4";"RÃ¸dvin";"Glass";"13";"2.0492308"
"Vinmonopolet";"11424101";"Fraccaroli 1912 La Berra 2013";"Fraccaroli  La Berra";"2013";"275";"0.75";"366.67";"RÃ¸dvin";"Glass";"13.5";"2.7160494"
"Vinmonopolet";"11424201";"Fraccaroli Veneto Rosso 2018";"Fraccaroli Veneto Rosso";"2018";"164.9";"0.75";"219.87";"RÃ¸dvin";"Glass";"12.5";"1.7589333"
"Vinmonopolet";"11424301";"O Luar Do Sil Godello Sobre Lias 2016";"O Luar Do Sil Godello Sobre Lias";"2016";"279.8";"0.75";"373.07";"White wine";"Glass";"13.5";"2.7634566"
"Vinmonopolet";"11424401";"El Reflejo de Mikaela 2015";"El Reflejo de Mikaela";"2015";"249.8";"0.75";"333.07";"RÃ¸dvin";"Glass";"14";"2.3790476"
"Vinmonopolet";"11424501";"Alto Horizonte Altitud Sierra de Credos Garnacha";"Alto Horizonte Altitud Sierra de Credos Garnacha";"2016";"249.3";"0.75";"332.4";"RÃ¸dvin";"Glass";"15";"2.216"
"Vinmonopolet";"11424601";"Alto Horizonte Alto de la Cruz Sierra de Credos Garnacha 2016";"Alto Horizonte Alto de la Cruz Sierra de Credos Garnacha";"2016";"374.8";"0.75";"499.73";"RÃ¸dvin";"Glass";"15";"3.3315554"
"Vinmonopolet";"11425501";"Bouquet RosÃ© Brut";"Bouquet RosÃ© Brut";"0";"189.9";"0.75";"253.2";"Musserende vin, rosÃ©";"Glass";"11";"2.3018181"
"Vinmonopolet";"11425601";"Ch. Magnol Cru Bourgeois 2016";"Ch. Magnol Cru Bourgeois";"2016";"349.9";"0.75";"466.53";"RÃ¸dvin";"Glass";"13";"3.588718"
"Vinmonopolet";"11425701";"Bousquet Virgen";"Bousquet Virgen";"2019";"169.9";"0.75";"226.53";"RÃ¸dvin";"Glass";"14.5";"1.5622988"
"Vinmonopolet";"11426301";"Ch. Vray Croix de Gay 2016";"Ch. Vray Croix de Gay";"2016";"838";"0.75";"1117.33";"RÃ¸dvin";"Glass";"14";"7.9809523"
"Vinmonopolet";"11426407";"Ch. Beychevelle Saint-Julien 2016";"Ch. Beychevelle Saint-Julien";"2016";"4580";"3";"1526.67";"RÃ¸dvin";"Glass";"13.5";"11.308642"
"Vinmonopolet";"11427001";"Dom. Gassier Nostre PaÃ¯s Rouge 2016";"Dom. Gassier Nostre PaÃ¯s Rouge";"2016";"219.9";"0.75";"293.2";"RÃ¸dvin";"Glass";"15";"1.9546666"
"Vinmonopolet";"11427101";"Ramos Pinto Vintage 2017";"Ramos Pinto Vintage";"2017";"899.9";"0.75";"1199.87";"Port wine";"Glass";"19.5";"6.1531625"
"Vinmonopolet";"11427201";"Ramos Pinto Quinta de Ervamoira Vintage 2017";"Ramos Pinto Quinta de Ervamoira Vintage";"2017";"799.9";"0.75";"1066.53";"Port wine";"Glass";"19.5";"5.469402"
"Vinmonopolet";"11427301";"Dom. des Entrefaux Crozes-Hermitage Les Pends 2017";"Dom. des Entrefaux Crozes-Hermitage Les Pends";"2017";"314.9";"0.75";"419.87";"RÃ¸dvin";"Glass";"13";"3.2297435"
"Vinmonopolet";"11427407";"Ch. Cantemerle 2016";"Ch. Cantemerle";"2016";"2450.1";"3";"816.7";"RÃ¸dvin";"Glass";"13";"6.282308"
"Vinmonopolet";"11427505";"Moestue Volnay 2009";"Moestue Volnay";"2009";"778";"1.5";"518.67";"RÃ¸dvin";"Glass";"13";"3.9897435"
"Vinmonopolet";"11427601";"Dom. des Entrefaux Crozes-Hermitage Les MachonniÃ©res 2016";"Dom. des Entrefaux Crozes-Hermitage Les MachonniÃ©res";"2016";"349.9";"0.75";"466.53";"RÃ¸dvin";"Glass";"13";"3.588718"
"Vinmonopolet";"11427707";"Ch. Brane-Cantenac 2016";"Ch. Brane-Cantenac";"2016";"4340.1";"3";"1446.7";"RÃ¸dvin";"Glass";"13.5";"10.716296"
"Vinmonopolet";"11427807";"Ch. Lafon-Rochet 2016";"Ch. Lafon-Rochet";"2016";"3198.1";"3";"1066.03";"RÃ¸dvin";"Glass";"14";"7.614524"
"Vinmonopolet";"11427907";"Ch. Giscours 2016";"Ch. Giscours";"2016";"3898";"3";"1299.33";"RÃ¸dvin";"Glass";"13";"9.994872"
"Vinmonopolet";"11428001";"Denavolo Cenaghi 2018";"Denavolo Cenaghi";"2018";"300";"0.75";"400";"White wine";"Glass";"10.5";"3.8095238"
"Vinmonopolet";"11428107";"Ch. d'Issan 2016";"Ch. d'Issan";"2016";"4050";"3";"1350";"RÃ¸dvin";"Glass";"13";"10.384615"
"Vinmonopolet";"11428307";"Ch. Langoa Barton 2016";"Ch. Langoa Barton";"2016";"3460.1";"3";"1153.37";"RÃ¸dvin";"Glass";"13";"8.872051"
"Vinmonopolet";"11428407";"Ch. Malartic LagraviÃ¨re 2016";"Ch. Malartic LagraviÃ¨re";"2016";"3600.1";"3";"1200.03";"RÃ¸dvin";"Glass";"13.5";"8.889136"
"Vinmonopolet";"11428607";"Ch. Branaire-Ducru 2016";"Ch. Branaire-Ducru";"2016";"3600";"3";"1200";"RÃ¸dvin";"Glass";"13.5";"8.888889"
"Vinmonopolet";"11430701";"Simpsons Flintfields Blanc de Noirs 2016";"Simpsons Flintfields Blanc de Noirs";"2016";"429";"0.75";"572";"Sparkling wine";"Glass";"12";"4.766667"
"Vinmonopolet";"11430801";"Simpsons Rabbit Hole Pinot Noir 2019";"Simpsons Rabbit Hole Pinot Noir";"2019";"349";"0.75";"465.33";"RÃ¸dvin";"Glass";"12.5";"3.7226667"
"Vinmonopolet";"11430901";"Simpsons The Roman Road Chardonnay 2018";"Simpsons The Roman Road Chardonnay";"2018";"299.9";"0.75";"399.87";"White wine";"Glass";"13";"3.0758975"
"Vinmonopolet";"11431001";"Markus Huber Obere Steigen GrÃ¼ner Veltliner 2018";"Markus Huber Obere Steigen GrÃ¼ner Veltliner";"2018";"250";"0.75";"333.33";"White wine";"Glass";"12.5";"2.6666667"
"Vinmonopolet";"11431101";"Markus Huber Metamorphosis 2017";"Markus Huber Metamorphosis";"2017";"320";"0.75";"426.67";"White wine";"Glass";"13";"3.2820513"
"Vinmonopolet";"11431201";"Markus Huber Ried Berg GrÃ¼ner Veltliner 2018";"Markus Huber Ried Berg GrÃ¼ner Veltliner";"2018";"389";"0.75";"518.67";"White wine";"Glass";"13";"3.9897435"
"Vinmonopolet";"11432001";"Roagna Barbaresco Gallina 2014";"Roagna Barbaresco Gallina";"2014";"849.9";"0.75";"1133.2";"RÃ¸dvin";"Glass";"14";"8.094286"
"Vinmonopolet";"11433705";"Weing. Stadt Mainz Riesling Harxheimer Schlossberg Alte Reben 2017";"Weing. Stadt Mainz Riesling Harxheimer Schlossberg Alte Reben";"2017";"379.9";"1.5";"253.27";"White wine";"Glass";"12.5";"2.0261333"
"Vinmonopolet";"11433905";"Castell'in Villa Chianti Classico Riserva";"Castell'in Villa Chianti Classico Riserva";"2006";"1700";"1.5";"1133.33";"RÃ¸dvin";"Glass";"14";"8.095238"
"Vinmonopolet";"11434102";"La Berta TÃ¨ra Grape Ale";"La Berta TÃ¨ra Grape Ale";"0";"99.9";"0.33";"302.73";"Special";"Glass";"7.4";"4.090909"
"Vinmonopolet";"11435601";"Lemelson Willamette Valley Chardonnay 2017";"Lemelson Willamette Valley Chardonnay";"2017";"246.3";"0.75";"328.4";"White wine";"Glass";"13.5";"2.4325926"
"Vinmonopolet";"11435701";"Waterford Estate Cabernet Franc 2018";"Waterford Estate Cabernet Franc";"2018";"279";"0.75";"372";"RÃ¸dvin";"Glass";"13";"2.8615384"
"Vinmonopolet";"11435902";"Kloster Eberbach Rauentaler Baiken Riesling Auslese 1992";"Kloster Eberbach Rauentaler Baiken Riesling Auslese";"1992";"894.8";"0.38";"2386.13";"White wine";"Glass";"9.5";"24.786703"
"Vinmonopolet";"11436001";"Belles de Sud Blend No 4 Marselan 2019";"Belles de Sud Blend No 4 Marselan";"2019";"124.9";"0.75";"162.53";"RÃ¸dvin";"Emballasje med pant";"13";"1.2810256"
"Vinmonopolet";"11436101";"Dom. Guilloterie Les Loges Saumur Champigny 2016";"Dom. Guilloterie Les Loges Saumur Champigny";"2016";"214";"0.75";"285.33";"RÃ¸dvin";"Glass";"13.5";"2.1135802"
"Vinmonopolet";"11436301";"Ch. Loumelat Bordeaux 2016";"Ch. Loumelat Bordeaux";"2016";"184.9";"0.75";"246.53";"RÃ¸dvin";"Glass";"13.5";"1.8261728"
"Vinmonopolet";"11436401";"Ch. Haut Selve Graves 2016";"Ch. Haut Selve Graves";"2016";"259";"0.75";"345.33";"RÃ¸dvin";"Glass";"12";"2.8777778"
"Vinmonopolet";"11436501";"Ch. Loumelat Bordeaux Blanc 2018";"Ch. Loumelat Bordeaux Blanc";"2018";"184.9";"0.75";"246.53";"White wine";"Glass";"13";"1.8964102"
"Vinmonopolet";"11437101";"Vielfalt 2017";"Vielfalt";"2017";"221.2";"0.75";"294.93";"White wine";"Glass";"13";"2.268718"
"Vinmonopolet";"11437201";"Croix Senaillet Saint-VÃ©ran 2018";"Croix Senaillet Saint-VÃ©ran";"2018";"221.2";"0.75";"294.93";"White wine";"Glass";"13";"2.268718"
"Vinmonopolet";"11437502";"Underwood The Bubbles";"Underwood The Bubbles";"0";"119.9";"0.38";"319.73";"Sparkling wine";"Metall";"11";"2.868421"
"Vinmonopolet";"11437602";"Underwood Pinot Gris";"Underwood Pinot Gris";"0";"119.9";"0.38";"319.73";"White wine";"Metall";"13";"2.4271255"
"Vinmonopolet";"11437702";"Underwood Pinot Noir";"Underwood Pinot Noir";"0";"122.3";"0.38";"326.13";"RÃ¸dvin";"Metall";"13";"2.4757085"
"Vinmonopolet";"11437801";"XiÃ³n CuveÃ© Tinto 2017";"XiÃ³n CuveÃ© Tinto";"2017";"239";"0.75";"318.67";"RÃ¸dvin";"Glass";"12.5";"2.5493333"
"Vinmonopolet";"11437901";"Signos de Origen Carmenere 2017";"Signos de Origen Carmenere";"2017";"199.9";"0.75";"266.53";"RÃ¸dvin";"Glass";"14.5";"1.8381609"
"Vinmonopolet";"11438001";"Weing. Cantzheim der GÃ¤rtner";"Weing. Cantzheim der GÃ¤rtner";"2018";"219.9";"0.75";"293.2";"White wine";"Glass";"11.5";"2.549565"
"Vinmonopolet";"11438101";"Alfacinha Lisboa Tinto";"Alfacinha Lisboa Tinto";"2018";"124.9";"0.75";"166.53";"RÃ¸dvin";"Glass";"13";"1.2810256"
"Vinmonopolet";"11438206";"Alfacinha Lisboa Tinto";"Alfacinha Lisboa Tinto";"2018";"409.9";"3";"136.63";"RÃ¸dvin";"Bag-in-box";"13";"1.0510256"
"Vinmonopolet";"11438301";"Koyle Royale Carmenere 2017";"Koyle Royale Carmenere";"2017";"221.3";"0.75";"295.07";"RÃ¸dvin";"Glass";"14.5";"2.0349426"
"Vinmonopolet";"11438401";"Caravaglio Occhio di Terra Malvasia 2018";"Caravaglio Occhio di Terra Malvasia";"2018";"269.9";"0.75";"359.87";"White wine";"Glass";"12.5";"2.8789332"
"Vinmonopolet";"11438501";"Pierre Ferrand RÃ©serve Double Cask";"Pierre Ferrand RÃ©serve Double Cask";"0";"679.9";"0.7";"971.29";"Grape spirit";"Glass";"42.3";"2.2961838"
"Vinmonopolet";"11439601";"Vaglio Malbec 2017";"Vaglio Malbec";"2017";"189.9";"0.75";"253.2";"RÃ¸dvin";"Glass";"14";"1.8085713"
"Vinmonopolet";"11439701";"Vento Mareiro AlbariÃ±o 2019";"Vento Mareiro AlbariÃ±o";"2019";"181";"0.75";"241.33";"White wine";"Glass";"12.5";"1.9306667"
"Vinmonopolet";"11441001";"Krasna Hora Ruby 2019";"Krasna Hora Ruby";"2019";"195";"0.75";"260";"RÃ¸dvin";"Glass";"12.5";"2.08"
"Vinmonopolet";"11441101";"Equipo Navazos La Bota 93 De Manzanilla Navazos";"Equipo Navazos La Bota 93 De Manzanilla Navazos";"2019";"399.9";"0.75";"533.2";"Sherry";"Glass";"15";"3.5546665"
"Vinmonopolet";"11441201";"Thymiopoulos Terre Et Ciel Xinomavro 2017";"Thymiopoulos Terre Et Ciel Xinomavro";"2017";"309";"0.75";"412";"RÃ¸dvin";"Glass";"14";"2.942857"
"Vinmonopolet";"11441301";"Thymiopoulos Xinomavro Young Vines 2018";"Thymiopoulos Xinomavro Young Vines";"2018";"194.9";"0.75";"259.87";"RÃ¸dvin";"Glass";"13";"1.9989743"
"Vinmonopolet";"11441401";"Thymiopoulos Naoussa Alta 2017";"Thymiopoulos Naoussa Alta";"2017";"214.9";"0.75";"286.53";"RÃ¸dvin";"Glass";"12.5";"2.2922666"
"Vinmonopolet";"11442601";"B-Qa de Marsyas 2014";"B-Qa de Marsyas";"2014";"304.9";"0.75";"406.53";"RÃ¸dvin";"Glass";"15.4";"2.6398268"
"Vinmonopolet";"11443101";"Giaconda Estate Vineyard Pinot Noir 2017";"Giaconda Estate Vineyard Pinot Noir";"2017";"649";"0.75";"865.33";"RÃ¸dvin";"Glass";"14";"6.1809525"
"Vinmonopolet";"11443201";"Dawn Patrol RosÃ© 2019";"Dawn Patrol RosÃ©";"2019";"159";"0.75";"212";"RosÃ©vin";"Glass";"12.5";"1.696"
"Vinmonopolet";"11443301";"Nautilus CuvÃ¨e Marlborough Brut";"Nautilus CuvÃ¨e Marlborough Brut";"0";"269";"0.75";"358.67";"Sparkling wine";"Glass";"12";"2.988889"
"Vinmonopolet";"11443401";"Jan Vidal Vita Vivet Cava Brut";"Jan Vidal Vita Vivet Cava Brut";"0";"169.9";"0.75";"226.53";"Sparkling wine";"Glass";"11.5";"1.969855"
"Vinmonopolet";"11443501";"Patrick Bouju M";"Patrick Bouju M";"0";"299.4";"0.75";"399.2";"White wine";"Glass";"13";"3.070769"
"Vinmonopolet";"11443601";"Patrick Bouju Super B";"Patrick Bouju Super B";"0";"349.8";"0.75";"466.4";"RÃ¸dvin";"Glass";"13";"3.5876923"
"Vinmonopolet";"11443701";"Piper-Heidsieck Brut";"Piper-Heidsieck Brut";"2008";"549.9";"0.75";"733.2";"Champagne, brut";"Glass";"12";"6.11"
"Vinmonopolet";"11444201";"Anaba Sonoma Coast Pinot Noir 2016";"Anaba Sonoma Coast Pinot Noir";"2016";"472";"0.75";"629.33";"RÃ¸dvin";"Glass";"13.8";"4.560386"
"Vinmonopolet";"11444301";"Altano Branco 2019";"Altano Branco";"2019";"144.9";"0.75";"193.2";"White wine";"Glass";"12.5";"1.5455999"
"Vinmonopolet";"11444401";"Anaba Sonoma Coast Chardonnay 2016";"Anaba Sonoma Coast Chardonnay";"2016";"397.9";"0.75";"530.53";"White wine";"Glass";"13.7";"3.8725061"
"Vinmonopolet";"11444501";"Ferme Saint-Roux Friponne RosÃ© 2019";"Ferme Saint-Roux Friponne RosÃ©";"2019";"179.9";"0.75";"239.87";"RosÃ©vin";"Glass";"12.5";"1.9189333"
"Vinmonopolet";"11444802";"EinstÃ¶k G&T Pils";"EinstÃ¶k G&T Pils";"0";"39.9";"0.33";"120.91";"Light lager";"Metall";"4.8";"2.5189393"
"Vinmonopolet";"11444901";"BFM La Brut de Bon-Chien 2017";"BFM La Brut de Bon-Chien";"2017";"379.9";"0.75";"506.53";"Special";"Glass";"12.5";"4.0522666"
"Vinmonopolet";"11445001";"LasskjÃ¸rer dram No. 12";"LasskjÃ¸rer dram No. 12";"0";"484.9";"0.7";"692.71";"Aquavit";"Glass";"37.5";"1.8472381"
"Vinmonopolet";"11445201";"Dom. LabruyÃ¨re Moulin-Ã-Vent Coeur De Terroirs Vieilles Vignes 2017";"Dom. LabruyÃ¨re Moulin-Ã-Vent Coeur De Terroirs Vieilles Vignes";"2017";"249.9";"0.75";"333.2";"RÃ¸dvin";"Glass";"13";"2.563077"
"Vinmonopolet";"11445501";"La Cappuccina FilÃ²s Spumante Brut";"La Cappuccina FilÃ²s Spumante Brut";"0";"129.9";"0.75";"173.2";"Sparkling wine";"Glass";"11.5";"1.5060868"
"Vinmonopolet";"11445602";"Mc Chouffe";"Mc Chouffe";"0";"52.3";"0.33";"158.49";"Trappist";"Glass";"8";"1.9810605"
"Vinmonopolet";"11445701";"Antonio Madeira Vinhas Velhas Branco";"Antonio Madeira Vinhas Velhas Branco";"2017";"329.9";"0.75";"439.87";"White wine";"Glass";"13.5";"3.2582715"
"Vinmonopolet";"11445801";"Antonio Madeira Tinto";"Antonio Madeira Tinto";"2016";"289.9";"0.75";"386.53";"RÃ¸dvin";"Glass";"14";"2.7609522"
"Vinmonopolet";"11446202";"Briziarelli Montefalco Sagrantino Passito";"Briziarelli Montefalco Sagrantino Passito";"2014";"349.9";"0.5";"699.8";"RÃ¸dvin";"Glass";"14.5";"4.8262067"
"Vinmonopolet";"11446301";"Briziarelli 113 Blanc de Noir";"Briziarelli 113 Blanc de Noir";"2016";"298.5";"0.75";"398";"Sparkling wine";"Glass";"12.5";"3.184"
"Vinmonopolet";"11446801";"Chimay Premiere Barrique 2018";"Chimay Premiere Barrique";"2018";"259.9";"0.75";"346.53";"Trappist";"Glass";"8";"4.3316665"
"Vinmonopolet";"11446901";"Via Terra Selection Garnatxa Negra";"Via Terra Selection Garnatxa Negra";"2018";"159";"0.75";"212";"RÃ¸dvin";"Glass";"14";"1.5142857"
"Vinmonopolet";"11447005";"Banfi Centine 2015";"Banfi Centine";"2015";"304.9";"1.5";"203.27";"RÃ¸dvin";"Glass";"13.5";"1.505679"
"Vinmonopolet";"11450801";"Via Terra Selection Garnatxa Bianca";"Via Terra Selection Garnatxa Bianca";"2018";"155";"0.75";"206.67";"White wine";"Glass";"13";"1.5897436"
"Vinmonopolet";"11450902";"No.1 Pink Gin";"No.1 Pink Gin";"2019";"273.7";"0.5";"547.4";"Gin";"Plast";"37.5";"1.4597334"
"Vinmonopolet";"11451001";"No.1 Tropical Flavoured Spirit Drink";"No.1 Tropical Flavoured Spirit Drink";"2019";"217.6";"0.7";"310.86";"Other spirit";"Glass";"21.9";"1.4194391"
"Vinmonopolet";"11451101";"No.1 Gosseberry Flavoured Spirit Drink";"No.1 Gosseberry Flavoured Spirit Drink";"2018";"217.6";"0.7";"310.86";"Other spirit";"Glass";"21.9";"1.4194391"
"Vinmonopolet";"11451201";"Nock Tequila Blanco";"Nock Tequila Blanco";"0";"486.8";"0.7";"695.43";"Fruit spirit";"Glass";"40";"1.7385714"
"Vinmonopolet";"11451301";"Nock Tequila Anejo";"Nock Tequila Anejo";"0";"585.8";"0.7";"836.86";"Fruit spirit";"Glass";"40";"2.0921428"
"Vinmonopolet";"11451401";"Nock Tequila Reposado";"Nock Tequila Reposado";"0";"504.2";"0.7";"720.29";"Fruit spirit";"Glass";"40";"1.8007144"
"Vinmonopolet";"11452005";"Chavet Menetou-Salon RosÃ© 2018";"Chavet Menetou-Salon RosÃ©";"2018";"489.9";"1.5";"326.6";"RosÃ©vin";"Glass";"15";"2.1773334"
"Vinmonopolet";"11452101";"Muralia 2016";"Muralia";"2016";"339.9";"0.75";"453.2";"RÃ¸dvin";"Glass";"14.5";"3.1255171"
"Vinmonopolet";"11452201";"Muralia Manolibera 2017";"Muralia Manolibera";"2017";"229.9";"0.75";"306.53";"RÃ¸dvin";"Glass";"13";"2.3579485"
"Vinmonopolet";"11452401";"Beau Rivage Chenin Blanc 2017";"Beau Rivage Chenin Blanc";"2017";"319.9";"0.75";"426.53";"White wine";"Glass";"12.1";"3.5250688"
"Vinmonopolet";"11453202";"Georg Breuer Estate RÃ¼desheim Riesling 2018";"Georg Breuer Estate RÃ¼desheim Riesling";"2018";"155.9";"0.38";"415.73";"White wine";"Glass";"12";"3.4188595"
"Vinmonopolet";"11455601";"Schloss Bockfliess Riesling Kies 2019";"Schloss Bockfliess Riesling Kies";"2019";"139.9";"0.75";"186.53";"White wine";"Glass";"13.5";"1.3817283"
"Vinmonopolet";"11455701";"Josmeyer Les Pierrets Riesling 2015";"Josmeyer Les Pierrets Riesling";"2015";"359.9";"0.75";"479.87";"White wine";"Glass";"12.5";"3.8389332"
"Vinmonopolet";"11461901";"Vaux GrÃ¼ner Veltliner 2016";"Vaux GrÃ¼ner Veltliner";"2016";"299";"0.75";"398.67";"Sparkling wine";"Glass";"12.9";"3.0904393"
"Vinmonopolet";"11462102";"Leyrat VSOP Single Estate Reserve";"Leyrat VSOP Single Estate Reserve";"0";"299.9";"0.5";"595.8";"Grape spirit";"Emballasje med pant";"40";"1.4994999"
"Vinmonopolet";"11467002";"Kinn Ivar Aasen-Ã¸l";"Kinn Ivar Aasen-Ã¸l";"2018";"79.9";"0.38";"213.07";"Barley wine	";"Glass";"10";"2.1026316"
"Vinmonopolet";"11467801";"Weingut Jakob Schneider NiederhÃ¤user Klamm Kabinett Riesling 2018";"Weingut Jakob Schneider NiederhÃ¤user Klamm Kabinett Riesling";"2018";"219";"0.75";"292";"White wine";"Glass";"9.5";"3.0736842"
"Vinmonopolet";"11469201";"Perraud Les Cadales MÃ¢con-Lugny 2018";"Perraud Les Cadales MÃ¢con-Lugny";"2018";"196.3";"0.75";"261.73";"White wine";"Glass";"13";"2.0133333"
"Vinmonopolet";"11469301";"Tom Dockner Parapluiberg Traisental Riesling 2018";"Tom Dockner Parapluiberg Traisental Riesling";"2018";"170.2";"0.75";"226.93";"White wine";"Glass";"13";"1.745641"
"Vinmonopolet";"11469405";"Henriot Brut RosÃ©";"Henriot Brut RosÃ©";"0";"969.9";"1.5";"646.6";"Champagne, rosÃ©";"Glass";"12";"5.3883333"
"Vinmonopolet";"11469901";"Dom. de la Guilloterie Saumur ÃlÃ©gance 2018";"Dom. de la Guilloterie Saumur ÃlÃ©gance";"2018";"169.9";"0.75";"226.53";"White wine";"Glass";"13.5";"1.6780246"
"Vinmonopolet";"11470006";"Moillard Coteaux Bourguignons";"Moillard Coteaux Bourguignons";"2019";"414.2";"3";"138.07";"RÃ¸dvin";"Bag-in-box";"12.5";"1.1045333"
"Vinmonopolet";"11470101";"Moillard Coteaux Bourguignons 2018";"Moillard Coteaux Bourguignons";"2018";"123.7";"0.75";"164.93";"RÃ¸dvin";"Glass";"12.5";"1.3194666"
"Vinmonopolet";"11474101";"Sauvion CrÃ©mant de Loire Brut RosÃ©";"Sauvion CrÃ©mant de Loire Brut RosÃ©";"0";"138";"0.75";"184";"Musserende vin, rosÃ©";"Glass";"12";"1.5333333"
"Vinmonopolet";"11474201";"Carrascal Chardonnay";"Carrascal Chardonnay";"2019";"149.9";"0.75";"199.87";"White wine";"Glass";"12.7";"1.5737532"
"Vinmonopolet";"11474701";"Ch. Marsyas 2018";"Ch. Marsyas";"2018";"309";"0.75";"412";"White wine";"Glass";"14.3";"2.8811188"
"Vinmonopolet";"11474801";"Ch. Marsyas 2013";"Ch. Marsyas";"2013";"380";"0.75";"506.67";"RÃ¸dvin";"Glass";"14.7";"3.446712"
"Vinmonopolet";"11474901";"San Polino Brunello di Montalcino Helichrysum 2011";"San Polino Brunello di Montalcino Helichrysum";"2011";"789.9";"0.75";"1053.2";"RÃ¸dvin";"Glass";"14.5";"7.2634487"
"Vinmonopolet";"11475001";"Hirsch West Ridge Pinot Noir 2017";"Hirsch West Ridge Pinot Noir";"2017";"884.9";"0.75";"1179.87";"RÃ¸dvin";"Glass";"12";"9.832223"
"Vinmonopolet";"11475101";"Hirsch Raschen Ridge Pinot Noir 2017";"Hirsch Raschen Ridge Pinot Noir";"2017";"884.9";"0.75";"1179.87";"RÃ¸dvin";"Glass";"13.5";"8.739754"
"Vinmonopolet";"11475205";"Hirsch San Andreas Fault Pinot Noir 2017";"Hirsch San Andreas Fault Pinot Noir";"2017";"1419.9";"1.5";"946.6";"RÃ¸dvin";"Glass";"12.5";"7.5728"
"Vinmonopolet";"11475301";"Hirsch Block 8 Pinot Noir 2017";"Hirsch Block 8 Pinot Noir";"2017";"884.9";"0.75";"1179.87";"RÃ¸dvin";"Glass";"13.5";"8.739754"
"Vinmonopolet";"11475401";"Hirsch East Ridge Pinot Noir 2017";"Hirsch East Ridge Pinot Noir";"2017";"884.9";"0.75";"1179.87";"RÃ¸dvin";"Glass";"12";"9.832223"
"Vinmonopolet";"11475501";"Dario Coos Refosco";"Dario Coos Refosco";"2016";"294";"0.75";"392";"RÃ¸dvin";"Glass";"12.5";"3.136"
"Vinmonopolet";"11475601";"Dario Coos Sauvignon";"Dario Coos Sauvignon";"2018";"269.9";"0.75";"359.87";"White wine";"Glass";"13.5";"2.665679"
"Vinmonopolet";"11475701";"Dario Coos Chardonnay";"Dario Coos Chardonnay";"2018";"299.4";"0.75";"399.2";"White wine";"Glass";"14";"2.8514285"
"Vinmonopolet";"11475801";"Castelbert Prosecco Extra Dry";"Castelbert Prosecco Extra Dry";"0";"119.9";"0.75";"159.87";"Sparkling wine";"Glass";"11";"1.4533334"
"Vinmonopolet";"11475901";"Terrai Ov OVG 698 2018";"Terrai Ov OVG 698";"2018";"169.9";"0.75";"226.53";"RÃ¸dvin";"Glass";"14";"1.6180952"
"Vinmonopolet";"11476001";"Terrai Ov OVT 123 2018";"Terrai Ov OVT 123";"2018";"169.9";"0.75";"226.53";"RÃ¸dvin";"Glass";"14";"1.6180952"
"Vinmonopolet";"11476101";"Lagarde Altas Cumbres TorrontÃ©s";"Lagarde Altas Cumbres TorrontÃ©s";"2019";"179.9";"0.75";"239.87";"White wine";"Glass";"14";"1.7133332"
"Vinmonopolet";"11476201";"Lagarde Goes Pink RosÃ©";"Lagarde Goes Pink RosÃ©";"2019";"199.9";"0.75";"266.53";"RosÃ©vin";"Glass";"12.4";"2.1494625"
"Vinmonopolet";"11476301";"Lagarde Chardonnay";"Lagarde Chardonnay";"2019";"199.9";"0.75";"266.53";"White wine";"Glass";"12.4";"2.1494625"
"Vinmonopolet";"11476801";"Battlehill Ardmore Peated 9 YO";"Battlehill Ardmore Peated 9 YO";"0";"899";"0.7";"1284.29";"Whisky";"Glass";"46";"2.7919254"
"Vinmonopolet";"11476902";"Akashi Japanese Single Malt 4 YO Red Wine Cask";"Akashi Japanese Single Malt 4 YO Red Wine Cask";"0";"1999";"0.5";"3998";"Whisky";"Glass";"50";"7.996"
"Vinmonopolet";"11477001";"Curto Langhe Nebbiolo 2016";"Curto Langhe Nebbiolo";"2016";"257.9";"0.75";"343.87";"RÃ¸dvin";"Glass";"13.5";"2.5471604"
"Vinmonopolet";"11477101";"Darling Cellars Cellarmaster's Signature 2019";"Darling Cellars Cellarmaster's Signature";"2019";"146.1";"0.75";"194.8";"RosÃ©vin";"Glass";"12.5";"1.5584"
"Vinmonopolet";"11477201";"The Hilt Old Guard Pinot Noir";"The Hilt Old Guard Pinot Noir";"2016";"729.7";"0.75";"972.93";"RÃ¸dvin";"Glass";"14.1";"6.900236"
"Vinmonopolet";"11477401";"The Hilt Vanguard Chardonnay";"The Hilt Vanguard Chardonnay";"2015";"599.5";"0.75";"799.33";"White wine";"Glass";"13.4";"5.965174"
"Vinmonopolet";"11478601";"The Hilt Vanguard Pinot Noir";"The Hilt Vanguard Pinot Noir";"2015";"729.7";"0.75";"972.93";"RÃ¸dvin";"Glass";"14.1";"6.900236"
"Vinmonopolet";"11478701";"Jonata El Desafio";"Jonata El Desafio";"2016";"1398.6";"0.75";"1864.8";"RÃ¸dvin";"Glass";"14.7";"12.685714"
"Vinmonopolet";"11478801";"The Hilt Old Guard Chardonnay";"The Hilt Old Guard Chardonnay";"2015";"599.5";"0.75";"799.33";"White wine";"Glass";"13.4";"5.965174"
"Vinmonopolet";"11478901";"Ch. Mauvesin Barton 2014";"Ch. Mauvesin Barton";"2014";"288";"0.75";"384";"RÃ¸dvin";"Glass";"13";"2.9538462"
"Vinmonopolet";"11479101";"Ch. Langoa Barton 2004";"Ch. Langoa Barton";"2004";"788";"0.75";"1050.67";"RÃ¸dvin";"Glass";"13";"8.082051"
"Vinmonopolet";"11479201";"Ellena Langhe Nascetta";"Ellena Langhe Nascetta";"2018";"241.8";"0.75";"322.4";"White wine";"Glass";"13";"2.48"
"Vinmonopolet";"11479401";"Ellena Barolo Ascheri";"Ellena Barolo Ascheri";"2012";"465";"0.75";"620";"RÃ¸dvin";"Glass";"14.5";"4.275862"
"Vinmonopolet";"11480301";"Ch. La LouviÃ©re 2006";"Ch. La LouviÃ©re";"2006";"399.9";"0.75";"533.2";"White wine";"Glass";"12.5";"4.2655997"
"Vinmonopolet";"11480401";"The Winery of Good Hope Unoaked Chardonnay";"The Winery of Good Hope Unoaked Chardonnay";"2019";"169.9";"0.75";"226.53";"White wine";"Glass";"13.5";"1.6780246"
"Vinmonopolet";"11480701";"Ch. La LouviÃ©re 2007";"Ch. La LouviÃ©re";"2007";"399.9";"0.75";"533.2";"White wine";"Glass";"12.5";"4.2655997"
"Vinmonopolet";"11480801";"Kai Saperavi";"Kai Saperavi";"2016";"279.9";"0.75";"373.2";"RÃ¸dvin";"Glass";"13";"2.8707693"
"Vinmonopolet";"11480901";"Muralia Chiaraluna 2018";"Muralia Chiaraluna";"2018";"279.9";"0.75";"373.2";"White wine";"Glass";"13";"2.8707693"
"Vinmonopolet";"11481001";"Maison Stephan CÃ´te-RÃ´tie Les Binardes 2018";"Maison Stephan CÃ´te-RÃ´tie Les Binardes";"2018";"699.9";"0.75";"933.2";"RÃ¸dvin";"Glass";"15";"6.2213335"
"Vinmonopolet";"11481301";"Felton Road Bannockburn Riesling 2019";"Felton Road Bannockburn Riesling";"2019";"299";"0.75";"398.67";"White wine";"Glass";"9.5";"4.1964912"
"Vinmonopolet";"11481501";"Aragonesas Aragus EcolÃ³gico 2018";"Aragonesas Aragus EcolÃ³gico";"2018";"144.9";"0.75";"193.2";"RÃ¸dvin";"Glass";"14";"1.38"
"Vinmonopolet";"11481901";"A. H. Riise Ambre d'Or Reserve";"A. H. Riise Ambre d'Or Reserve";"0";"799.9";"0.7";"1142.71";"Rum";"Glass";"42";"2.7207484"
"Vinmonopolet";"11482001";"Le Petit Havt Lafitte 2016";"Le Petit Havt Lafitte";"2016";"460";"0.75";"613.33";"RÃ¸dvin";"Glass";"13.5";"4.54321"
"Vinmonopolet";"11482101";"Balthasar Ress Von Unserm S Riesling Trocken 2014";"Balthasar Ress Von Unserm S Riesling Trocken";"2014";"309.9";"0.75";"413.2";"White wine";"Glass";"12";"3.4433331"
"Vinmonopolet";"11482201";"Balthasar Ress Riesling Sekt Brut";"Balthasar Ress Riesling Sekt Brut";"0";"315";"0.75";"420";"Sparkling wine";"Glass";"12.5";"3.36"
"Vinmonopolet";"11482302";"Balthasar's Eleven London Dry Gin";"Balthasar's Eleven London Dry Gin";"0";"725";"0.5";"1450";"Gin";"Glass";"47";"3.0851064"
"Vinmonopolet";"11482401";"Balthasar Ress Schloss Reichartshausen Riesling SpÃ¤tlese 2018";"Balthasar Ress Schloss Reichartshausen Riesling SpÃ¤tlese";"2018";"275";"0.75";"366.67";"White wine";"Glass";"7.5";"4.888889"
"Vinmonopolet";"11482501";"Littorai Hirsch Vineyard Sonoma Coast Pinot Noir 2017";"Littorai Hirsch Vineyard Sonoma Coast Pinot Noir";"2017";"779";"0.75";"1038.67";"RÃ¸dvin";"Glass";"13.7";"7.5815086"
"Vinmonopolet";"11483101";"Marco de Bartoli Integer Zibibbo 2018";"Marco de Bartoli Integer Zibibbo";"2018";"399.9";"0.75";"533.2";"White wine";"Glass";"13";"4.101538"
"Vinmonopolet";"11483201";"Ch. Chasse-Spleen 2016";"Ch. Chasse-Spleen";"2016";"475";"0.75";"633.33";"RÃ¸dvin";"Glass";"13.5";"4.691358"
"Vinmonopolet";"11483401";"Ch. Lafon-Rochet 2016";"Ch. Lafon-Rochet";"2016";"680";"0.75";"906.67";"RÃ¸dvin";"Glass";"14";"6.4761906"
"Vinmonopolet";"11483501";"Ch. Barde-Haut 2016";"Ch. Barde-Haut";"2016";"595";"0.75";"793.33";"RÃ¸dvin";"Glass";"14.5";"5.4712644"
"Vinmonopolet";"11483601";"Ch. Lagrange 2016";"Ch. Lagrange";"2016";"699.9";"0.75";"933.2";"RÃ¸dvin";"Glass";"13.5";"6.912593"
"Vinmonopolet";"11483701";"Dom. de Chevalier 2016";"Dom. de Chevalier";"2016";"985";"0.75";"1313.33";"RÃ¸dvin";"Glass";"13.5";"9.728395"
"Vinmonopolet";"11484001";"Joh. Bapt. SchÃ¤fer Riesling Trocken";"Joh. Bapt. SchÃ¤fer Riesling Trocken";"2017";"199.9";"0.75";"266.53";"White wine";"Glass";"12";"2.221111"
"Vinmonopolet";"11484101";"Joh. Bapt. SchÃ¤fer Dorsheim Riesling Trocken 2017";"Joh. Bapt. SchÃ¤fer Dorsheim Riesling Trocken";"2017";"269.9";"0.75";"359.87";"White wine";"Glass";"12.5";"2.8789332"
"Vinmonopolet";"11484201";"Joh. Bapt. SchÃ¤fer Goldloch Riesling GG 2016";"Joh. Bapt. SchÃ¤fer Goldloch Riesling GG";"2016";"439.9";"0.75";"586.53";"White wine";"Glass";"12.5";"4.6922665"
"Vinmonopolet";"11484501";"Quinta do Crasto Vintage Port 2017";"Quinta do Crasto Vintage Port";"2017";"599.9";"0.75";"799.87";"Port wine";"Glass";"20";"3.9993334"
"Vinmonopolet";"11484701";"Forjas del SalnÃ©s BastiÃ³n de la Luna 2017";"Forjas del SalnÃ©s BastiÃ³n de la Luna";"2017";"241.7";"0.75";"322.27";"RÃ¸dvin";"Glass";"12.5";"2.5781333"
"Vinmonopolet";"11488501";"Littorai Savoy Vineyard Anderson Valley Pinot Noir 2017";"Littorai Savoy Vineyard Anderson Valley Pinot Noir";"2017";"759";"0.75";"1012";"RÃ¸dvin";"Glass";"13.1";"7.7251906"
"Vinmonopolet";"11488601";"Littorai Wendling Vineyard Anderson Valley Pinot Noir 2017";"Littorai Wendling Vineyard Anderson Valley Pinot Noir";"2017";"699";"0.75";"932";"RÃ¸dvin";"Glass";"12.9";"7.2248063"
"Vinmonopolet";"11488701";"Littorai Les Larmes Anderson Valley Pinot Noir 2018";"Littorai Les Larmes Anderson Valley Pinot Noir";"2018";"569";"0.75";"758.67";"RÃ¸dvin";"Glass";"12.8";"5.927083"
"Vinmonopolet";"11488801";"Littorai Charles Heintz Vineyard Sonoma Coast Chardonnay 2017";"Littorai Charles Heintz Vineyard Sonoma Coast Chardonnay";"2017";"779";"0.75";"1038.67";"White wine";"Glass";"13.3";"7.8095236"
"Vinmonopolet";"11488901";"Littorai B.A. Thieriot Vineyard Sonoma Coast Chardonnay 2017";"Littorai B.A. Thieriot Vineyard Sonoma Coast Chardonnay";"2017";"779";"0.75";"1038.67";"White wine";"Glass";"13.1";"7.928753"
"Vinmonopolet";"11489001";"Tapiz Alta Collection Cabernet Franc 2017";"Tapiz Alta Collection Cabernet Franc";"2017";"209.4";"0.75";"279.2";"RÃ¸dvin";"Glass";"13.5";"2.0681481"
"Vinmonopolet";"11489301";"Secret de Viu Manent Pinot Noir 2018";"Secret de Viu Manent Pinot Noir";"2018";"185.3";"0.75";"247.07";"RÃ¸dvin";"Glass";"13.5";"1.8301235"
"Vinmonopolet";"11489606";"Santiago 1541 Gran Reserva Syrah 2019";"Santiago  Gran Reserva Syrah";"2019";"469.9";"3";"156.63";"RÃ¸dvin";"Bag-in-box";"13.5";"1.1602468"
"Vinmonopolet";"11491601";"(the) One & Only Cabernet Sauvignon";"(the) One & Only Cabernet Sauvignon";"2018";"121.6";"0.75";"162.13";"RÃ¸dvin";"Glass";"13.5";"1.2009877"
"Vinmonopolet";"11491701";"Bouchard Bourgogne Hautes-CÃ´tes de Beaune 2018";"Bouchard Bourgogne Hautes-CÃ´tes de Beaune";"2018";"181.1";"0.75";"241.47";"RÃ¸dvin";"Glass";"13.5";"1.788642"
"Vinmonopolet";"11491702";"Bouchard Bourgogne Hautes-CÃ´tes de Beaune";"Bouchard Bourgogne Hautes-CÃ´tes de Beaune";"0";"108.5";"0.38";"289.33";"RÃ¸dvin";"Glass";"12.5";"2.2842104"
"Vinmonopolet";"11491801";"Clos de l'Abbaye 2015";"Clos de l'Abbaye";"2015";"234.9";"0.75";"313.2";"RÃ¸dvin";"Glass";"12.5";"2.5056"
"Vinmonopolet";"11492001";"Blind River Tekau Sauvignon Blanc 2018";"Blind River Tekau Sauvignon Blanc";"2018";"201";"0.75";"268";"White wine";"Glass";"13.5";"1.9851851"
"Vinmonopolet";"11492201";"Stift Klosterneuburg Wiener Gemischter Satz 2019";"Stift Klosterneuburg Wiener Gemischter Satz";"2019";"159.9";"0.75";"213.2";"White wine";"Glass";"12.5";"1.7055999"
"Vinmonopolet";"11492402";"Palm Brugge Tripel";"Palm Brugge Tripel";"0";"49.9";"0.33";"151.21";"Trappist";"Glass";"8.7";"1.7380704"
"Vinmonopolet";"11493201";"Il Leccio 2017";"Il Leccio";"2017";"201";"0.75";"268";"RÃ¸dvin";"Glass";"14";"1.9142857"
"Vinmonopolet";"11493301";"Ch. Cantemerle 2014";"Ch. Cantemerle";"2014";"448";"0.75";"597.33";"RÃ¸dvin";"Glass";"13";"4.594872"
"Vinmonopolet";"11493405";"Ch. Mauvesin Barton 2015";"Ch. Mauvesin Barton";"2015";"629.9";"1.5";"419.93";"RÃ¸dvin";"Glass";"13";"3.2302566"
"Vinmonopolet";"11493901";"Havn Overproof Rum";"Havn Overproof Rum";"0";"843.8";"0.7";"1205.43";"Rum";"Glass";"55";"2.1916883"
"Vinmonopolet";"11494001";"Havn Havana Rum";"Havn Havana Rum";"0";"690.9";"0.7";"987";"Rum";"Glass";"40";"2.4675002"
"Vinmonopolet";"11494101";"Havn Georgetown Rum";"Havn Georgetown Rum";"0";"690.9";"0.7";"987";"Rum";"Glass";"40";"2.4675002"
"Vinmonopolet";"11494201";"Ch. LÃ©oville Barton 2006";"Ch. LÃ©oville Barton";"2006";"1220";"0.75";"1626.67";"RÃ¸dvin";"Glass";"12.5";"13.013333"
"Vinmonopolet";"11494301";"Havn Mauritius Rum";"Havn Mauritius Rum";"0";"690.9";"0.7";"987";"Rum";"Glass";"40";"2.4675002"
"Vinmonopolet";"11494501";"Ch. Latour-Martillac Blanc 2008";"Ch. Latour-Martillac Blanc";"2008";"468";"0.75";"624";"White wine";"Glass";"13";"4.8"
"Vinmonopolet";"11494602";"Pj Gin Elderflower";"Pj Gin Elderflower";"0";"523.8";"0.5";"1047.6";"Gin";"Glass";"40";"2.619"
"Vinmonopolet";"11494702";"Pj Gin Dry";"Pj Gin Dry";"0";"523.8";"0.5";"1047.6";"Gin";"Glass";"40";"2.619"
"Vinmonopolet";"11494802";"Pj Gin Apple";"Pj Gin Apple";"0";"523.8";"0.5";"1047.6";"Gin";"Glass";"40";"2.619"
"Vinmonopolet";"11494901";"Loimer GrÃ¼ner Veltliner mit Achtung 2017";"Loimer GrÃ¼ner Veltliner mit Achtung";"2017";"225.7";"0.75";"300.93";"White wine";"Glass";"12.5";"2.4074667"
"Vinmonopolet";"11495007";"Ch. Poujeaux 2016";"Ch. Poujeaux";"2016";"2380";"3";"793.33";"RÃ¸dvin";"Glass";"13.5";"5.876543"
"Vinmonopolet";"11495102";"Pj Gin Raspberry";"Pj Gin Raspberry";"0";"523.8";"0.5";"1047.6";"Gin";"Glass";"40";"2.619"
"Vinmonopolet";"11495202";"Skog Ultra Pure Gin";"Skog Ultra Pure Gin";"0";"525";"0.5";"1050";"Gin";"Glass";"40";"2.625"
"Vinmonopolet";"11495301";"Wieninger Wiener Gemischter Satz Ried Ulm 2018";"Wieninger Wiener Gemischter Satz Ried Ulm";"2018";"329";"0.75";"438.67";"White wine";"Glass";"14";"3.1333334"
"Vinmonopolet";"11495401";"Wieninger Wiener Gemischter Satz Ried Falkenberg 2018";"Wieninger Wiener Gemischter Satz Ried Falkenberg";"2018";"280.3";"0.75";"373.73";"White wine";"Glass";"13.5";"2.768395"
"Vinmonopolet";"11495502";"Skog Oaked Aged";"Skog Oaked Aged";"0";"525";"0.5";"1050";"Gin";"Glass";"40";"2.625"
"Vinmonopolet";"11495601";"Equality";"Equality";"0";"254.4";"0.7";"363.43";"Fruit spirit";"Glass";"17";"2.137815"
"Vinmonopolet";"11495702";"Himbrimi Winterbird Edition London Dry Gin";"Himbrimi Winterbird Edition London Dry Gin";"0";"595.7";"0.5";"1191.4";"Gin";"Glass";"40";"2.9785001"
"Vinmonopolet";"11495802";"Himbrimi The Old Tom Gin";"Himbrimi The Old Tom Gin";"0";"622.8";"0.5";"1245.6";"Gin";"Glass";"40";"3.1139998"
"Vinmonopolet";"11495901";"Nonino Grappa Riserva 8 Years";"Nonino Grappa Riserva 8 Years";"0";"1224";"0.7";"1748.57";"Grape spirit";"Glass";"43";"4.0664454"
"Vinmonopolet";"11496001";"Nonino Grappa Monovitigno il Merlot";"Nonino Grappa Monovitigno il Merlot";"0";"565";"0.7";"807.14";"Grape spirit";"Glass";"41";"1.9686412"
"Vinmonopolet";"11496101";"Sitta Finca el Molinero 2016";"Sitta Finca el Molinero";"2016";"399";"0.75";"532";"RÃ¸dvin";"Glass";"13";"4.0923076"
"Vinmonopolet";"11496201";"Koskenkorva 60%";"Koskenkorva 60%";"0";"465.9";"0.7";"665.57";"Vodka";"Plast";"60";"1.1092857"
"Vinmonopolet";"11496301";"Nicolas Rossignol Savigny-les-Beaune 2017";"Nicolas Rossignol Savigny-les-Beaune";"2017";"522.4";"0.75";"696.53";"RÃ¸dvin";"Glass";"13";"5.357949"
"Vinmonopolet";"11496701";"Ch. Malagar 2004";"Ch. Malagar";"2004";"179.9";"0.75";"239.87";"RÃ¸dvin";"Glass";"12.5";"1.9189333"
"Vinmonopolet";"11496801";"Angelica Zapata Chardonnay 2017";"Angelica Zapata Chardonnay";"2017";"250.3";"0.75";"333.73";"White wine";"Glass";"13.5";"2.4720988"
"Vinmonopolet";"11497002";"Ãyert Aquavit";"Ãyert Aquavit";"2019";"486.8";"0.5";"973.6";"Aquavit";"Glass";"38";"2.5621052"
"Vinmonopolet";"11497405";"Leclerc Briant RÃ©serve Brut";"Leclerc Briant RÃ©serve Brut";"0";"999.9";"1.5";"666.6";"Champagne, brut";"Glass";"12";"5.5550003"
"Vinmonopolet";"11498001";"Couleurs d'Aquitaine Fredrikstad Chardonnay";"Couleurs d'Aquitaine Fredrikstad Chardonnay";"2018";"139.5";"0.75";"186";"White wine";"Glass";"12.5";"1.488"
"Vinmonopolet";"11498101";"Couleurs d'Aquitaine Drammen Chardonnay";"Couleurs d'Aquitaine Drammen Chardonnay";"2018";"139.5";"0.75";"186";"White wine";"Glass";"12.5";"1.488"
"Vinmonopolet";"11498201";"Couleurs d'Aquitaine Oslo Chardonnay";"Couleurs d'Aquitaine Oslo Chardonnay";"2018";"139.5";"0.75";"186";"White wine";"Glass";"12.5";"1.488"
"Vinmonopolet";"11498301";"Couleurs d'Aquitaine TromsÃ¸ Chardonnay";"Couleurs d'Aquitaine TromsÃ¸ Chardonnay";"2018";"139.5";"0.75";"186";"White wine";"Glass";"12.5";"1.488"
"Vinmonopolet";"11498401";"Couleurs d'Aquitaine Sandnes Chardonnay";"Couleurs d'Aquitaine Sandnes Chardonnay";"2018";"139.5";"0.75";"186";"White wine";"Glass";"12.5";"1.488"
"Vinmonopolet";"11498501";"Couleurs d'Aquitaine Kristiansand Chardonnay";"Couleurs d'Aquitaine Kristiansand Chardonnay";"2018";"139.5";"0.75";"186";"White wine";"Glass";"12.5";"1.488"
"Vinmonopolet";"11498701";"Couleurs d'Aquitane Bergen Chardonnay";"Couleurs d'Aquitane Bergen Chardonnay";"2018";"139.5";"0.75";"186";"White wine";"Glass";"12.5";"1.488"
"Vinmonopolet";"11498801";"Couleurs d'Aquitaine Trondheim Chardonnay";"Couleurs d'Aquitaine Trondheim Chardonnay";"2018";"139.5";"0.75";"186";"White wine";"Glass";"12.5";"1.488"
"Vinmonopolet";"11498901";"Couleurs d'Aquitaine Stavanger Chardonnay";"Couleurs d'Aquitaine Stavanger Chardonnay";"2018";"139.5";"0.75";"186";"White wine";"Glass";"12.5";"1.488"
"Vinmonopolet";"11499001";"Couleurs d'Aquitaine Skien Chardonnay";"Couleurs d'Aquitaine Skien Chardonnay";"2018";"139.5";"0.75";"186";"White wine";"Glass";"12.5";"1.488"
"Vinmonopolet";"11499201";"Nuet Dry Aquavit";"Nuet Dry Aquavit";"2019";"588.4";"0.7";"840.57";"Aquavit";"Glass";"43";"1.9548174"
"Vinmonopolet";"11499801";"Ch. Vrai Caillou Drammen Bordeaux";"Ch. Vrai Caillou Drammen Bordeaux";"0";"144";"0.75";"192";"RÃ¸dvin";"Glass";"12";"1.6"
"Vinmonopolet";"11499901";"Ch. Vrai Caillou Fredrikstad Bordeaux";"Ch. Vrai Caillou Fredrikstad Bordeaux";"0";"144";"0.75";"192";"RÃ¸dvin";"Glass";"12";"1.6"
"Vinmonopolet";"11500001";"Ch. Vrai Caillou Kristiansand Bordeaux";"Ch. Vrai Caillou Kristiansand Bordeaux";"2016";"144";"0.75";"192";"RÃ¸dvin";"Glass";"12";"1.6"
"Vinmonopolet";"11500101";"Ch. Vrai Caillou Sandnes Bordeaux";"Ch. Vrai Caillou Sandnes Bordeaux";"0";"144";"0.75";"192";"RÃ¸dvin";"Glass";"12";"1.6"
"Vinmonopolet";"11500201";"Ch. Vrai Caillou TromsÃ¸ Bordeaux";"Ch. Vrai Caillou TromsÃ¸ Bordeaux";"0";"144";"0.75";"192";"RÃ¸dvin";"Glass";"12";"1.6"
"Vinmonopolet";"11500301";"Ch. Vrai Caillou Trondheim Bordeaux";"Ch. Vrai Caillou Trondheim Bordeaux";"0";"144";"0.75";"192";"RÃ¸dvin";"Glass";"12";"1.6"
"Vinmonopolet";"11500401";"Ch. Vrai Caillou Bergen Bordeaux";"Ch. Vrai Caillou Bergen Bordeaux";"0";"144";"0.75";"192";"RÃ¸dvin";"Glass";"12";"1.6"
"Vinmonopolet";"11500501";"Ch. Vrai Caillou Skien Bordeaux";"Ch. Vrai Caillou Skien Bordeaux";"0";"144";"0.75";"192";"RÃ¸dvin";"Glass";"12";"1.6"
"Vinmonopolet";"11500601";"Ch. Vrai Caillou Stavanger Bordeaux";"Ch. Vrai Caillou Stavanger Bordeaux";"0";"144";"0.75";"192";"RÃ¸dvin";"Glass";"12";"1.6"
"Vinmonopolet";"11501701";"Villa des Croix Picpoul de Pinet";"Villa des Croix Picpoul de Pinet";"2018";"149";"0.75";"198.67";"White wine";"Glass";"12.5";"1.5893333"
"Vinmonopolet";"11501801";"Roberto Voerzio Disanfrancesco Langhe Nebbiolo";"Roberto Voerzio Disanfrancesco Langhe Nebbiolo";"2017";"371.2";"0.75";"494.93";"RÃ¸dvin";"Glass";"14";"3.5352383"
"Vinmonopolet";"11503101";"Burning Sky CuvÃ©e 2019";"Burning Sky CuvÃ©e";"0";"189.8";"0.75";"253.07";"SurÃ¸l";"Glass";"6.5";"3.8933334"
"Vinmonopolet";"11503402";"The Virginia Beer Co. Elbow patches";"The Virginia Beer Co. Elbow patches";"0";"79.8";"0.35";"224.79";"Porter and stout";"Metall";"6.2";"3.6774197"
"Vinmonopolet";"11503601";"Couleurs d'Aquitaine DialÃ¦kt i TrÃ¸nderlag Noe hvitt";"Couleurs d'Aquitaine DialÃ¦kt i TrÃ¸nderlag Noe hvitt";"2018";"134.5";"0.75";"179.33";"White wine";"Glass";"11.5";"1.5594203"
"Vinmonopolet";"11504001";"Couleurs d'Aquitaine Sogn og Fjordane Noe hvitt";"Couleurs d'Aquitaine Sogn og Fjordane Noe hvitt";"2018";"134.5";"0.75";"179.33";"White wine";"Glass";"11.5";"1.5594203"
"Vinmonopolet";"11504301";"Cristo de la Vega Sarpsborg";"Cristo de la Vega Sarpsborg";"2018";"148";"0.75";"197.33";"RÃ¸dvin";"Glass";"12.5";"1.5786667"
"Vinmonopolet";"11504401";"Parada de Atauta 2016";"Parada de Atauta";"2016";"279.9";"0.75";"373.2";"RÃ¸dvin";"Glass";"14.5";"2.573793"
"Vinmonopolet";"11504501";"Dominio de Atauta 2016";"Dominio de Atauta";"2016";"379.9";"0.75";"506.53";"RÃ¸dvin";"Glass";"15";"3.3768888"
"Vinmonopolet";"11504601";"Bod. Dominio de Atauta Viridiana";"Bod. Dominio de Atauta Viridiana";"2018";"189.9";"0.75";"253.2";"RÃ¸dvin";"Glass";"14";"1.8085713"
"Vinmonopolet";"11504701";"Weil Kiedrich Turmberg Riesling Trocken 2018";"Weil Kiedrich Turmberg Riesling Trocken";"2018";"379.9";"0.75";"506.53";"White wine";"Glass";"13";"3.8964102"
"Vinmonopolet";"11504801";"Weil Kiedrich GrÃ¤fenberg Riesling Trocken GG 2018";"Weil Kiedrich GrÃ¤fenberg Riesling Trocken GG";"2018";"548";"0.75";"730.67";"White wine";"Glass";"13";"5.620513"
"Vinmonopolet";"11504901";"Weil Kiedrich GrÃ¤fenberg Riesling SpÃ¤tlese 2018";"Weil Kiedrich GrÃ¤fenberg Riesling SpÃ¤tlese";"2018";"488";"0.75";"650.67";"White wine";"Glass";"9";"7.2296295"
"Vinmonopolet";"11505001";"Nicolas Rossignol Pommard 1er Cru JaroliÃ¨res 2017";"Nicolas Rossignol Pommard 1er Cru JaroliÃ¨res";"2017";"1251.4";"0.75";"1668.53";"RÃ¸dvin";"Glass";"13";"12.834872"
"Vinmonopolet";"11505401";"Whitley Neill Lemongrass & Ginger";"Whitley Neill Lemongrass & Ginger";"0";"495";"0.7";"707.14";"Gin";"Glass";"43";"1.6445183"
"Vinmonopolet";"11505501";"Whitley Neill Blood Orange";"Whitley Neill Blood Orange";"0";"495";"0.7";"707.14";"Gin";"Glass";"43";"1.6445183"
"Vinmonopolet";"11505601";"Whitley Neill Aloe & Cucumber";"Whitley Neill Aloe & Cucumber";"0";"495";"0.7";"707.14";"Gin";"Glass";"43";"1.6445183"
"Vinmonopolet";"11505701";"Crabbie 12 YO Single Malt";"Crabbie 12 YO Single Malt";"0";"579";"0.7";"827.14";"Whisky";"Glass";"43";"1.923588"
"Vinmonopolet";"11505801";"Dead Man's Fingers Spiced Rum";"Dead Man's Fingers Spiced Rum";"0";"495";"0.7";"707.14";"Other spirit";"Glass";"37.5";"1.8857143"
"Vinmonopolet";"11505901";"Whitley Neill Pink Grapefruit";"Whitley Neill Pink Grapefruit";"0";"495";"0.7";"707.14";"Gin";"Glass";"43";"1.6445183"
"Vinmonopolet";"11506001";"Peaky Blinders Irish Whiskey";"Peaky Blinders Irish Whiskey";"0";"469";"0.7";"670";"Whisky";"Glass";"40";"1.6750001"
"Vinmonopolet";"11506201";"La Gelsomina Etna Bianco";"La Gelsomina Etna Bianco";"2018";"249";"0.75";"332";"White wine";"Glass";"13";"2.5538461"
"Vinmonopolet";"11506301";"La Gelsomina Etna Rosso";"La Gelsomina Etna Rosso";"2015";"249";"0.75";"332";"RÃ¸dvin";"Glass";"13.5";"2.4592593"
"Vinmonopolet";"11506401";"Kleine Rust Pinotage Rose 2019";"Kleine Rust Pinotage Rose";"2019";"126";"0.75";"168";"RosÃ©vin";"Glass";"13";"1.2923077"
"Vinmonopolet";"11507801";"Navarre Pineau des Charentes Vieux Blanc";"Navarre Pineau des Charentes Vieux Blanc";"0";"448.9";"0.75";"598.53";"Fortified wine";"Glass";"17";"3.5207844"
"Vinmonopolet";"11507901";"The Flower and the Bee SÃ³uson 2017";"The Flower and the Bee SÃ³uson";"2017";"204.5";"0.75";"272.67";"RÃ¸dvin";"Glass";"13.5";"2.019753"
"Vinmonopolet";"11508001";"Ramiro II Cava Brut";"Ramiro II Cava Brut";"2018";"160.5";"0.75";"214";"Sparkling wine";"Glass";"11.5";"1.8608695"
"Vinmonopolet";"11508101";"Bardos Verdejo 2019";"Bardos Verdejo";"2019";"159.5";"0.75";"212.67";"White wine";"Glass";"13";"1.6358974"
"Vinmonopolet";"11508301";"Grattamacco Bolgheri Vermentino 2018";"Grattamacco Bolgheri Vermentino";"2018";"478.5";"0.75";"638";"White wine";"Glass";"14";"4.5571427"
"Vinmonopolet";"11508401";"Grattamacco Bolgheri Rosso 2016";"Grattamacco Bolgheri Rosso";"2016";"879.8";"0.75";"1173.07";"RÃ¸dvin";"Glass";"14.5";"8.090115"
"Vinmonopolet";"11509101";"Schloss CuvÃ©e Vaux Brut 2016";"Schloss CuvÃ©e Vaux Brut";"2016";"249";"0.75";"332";"Sparkling wine";"Glass";"12";"2.7666667"
"Vinmonopolet";"11509201";"MarquÃ©s de Villanueva Tempranillo 2018";"MarquÃ©s de Villanueva Tempranillo";"2018";"140.3";"0.75";"187.07";"RÃ¸dvin";"Glass";"12";"1.5588889"
"Vinmonopolet";"11509301";"Atlantis AlbariÃ±o 2018";"Atlantis AlbariÃ±o";"2018";"184.4";"0.75";"245.87";"White wine";"Glass";"12.5";"1.9669333"
"Vinmonopolet";"11509901";"CuvÃ©e du SiÃ¨cle CrÃ©mant du Jura 2013";"CuvÃ©e du SiÃ¨cle CrÃ©mant du Jura";"2013";"259.9";"0.75";"346.53";"Sparkling wine";"Glass";"12";"2.8877778"
"Vinmonopolet";"11510301";"Le Grand Roi ChÃ¢teauneuf-du-Pape";"Le Grand Roi ChÃ¢teauneuf-du-Pape";"2018";"329.9";"0.75";"439.87";"RÃ¸dvin";"Glass";"14.5";"3.0335631"
"Vinmonopolet";"11510401";"Marcel Martin Pouilly-FumÃ© La Rochetais";"Marcel Martin Pouilly-FumÃ© La Rochetais";"2018";"250";"0.75";"333.33";"White wine";"Glass";"12.5";"2.6666667"
"Vinmonopolet";"11510501";"Val de Nora AlbariÃ±o 2018";"Val de Nora AlbariÃ±o";"2018";"179.9";"0.75";"239.87";"White wine";"Glass";"13";"1.8451282"
"Vinmonopolet";"11510601";"MarquÃ©s de Villanueva Macabeo 2018";"MarquÃ©s de Villanueva Macabeo";"2018";"140.3";"0.75";"187.07";"White wine";"Glass";"12";"1.5588889"
"Vinmonopolet";"11510701";"Urbane Totninger En kvit en";"Urbane Totninger En kvit en";"2018";"149.9";"0.75";"199.87";"White wine";"Glass";"12";"1.6655555"
"Vinmonopolet";"11510801";"Erben SpÃ¤tburgunder Trocken 2018";"Erben SpÃ¤tburgunder Trocken";"2018";"139.9";"0.75";"186.53";"RosÃ©vin";"Glass";"12";"1.5544444"
"Vinmonopolet";"11510901";"Saurwein Chi Riesling 2019";"Saurwein Chi Riesling";"2019";"259.9";"0.75";"346.53";"White wine";"Glass";"12";"2.8877778"
"Vinmonopolet";"11511001";"Ruppertsberger Riesling Trocken";"Ruppertsberger Riesling Trocken";"2018";"169.2";"0.75";"225.6";"White wine";"Glass";"13";"1.7353846"
"Vinmonopolet";"11511101";"Ruppertsberger Imperial Riesling";"Ruppertsberger Imperial Riesling";"2018";"189.5";"0.75";"252.67";"White wine";"Glass";"13.5";"1.8716049"
"Vinmonopolet";"11511201";"Ruppertsberger HofstÃ¼ck Riesling";"Ruppertsberger HofstÃ¼ck Riesling";"2018";"159.2";"0.75";"212.27";"White wine";"Glass";"11";"1.9296969"
"Vinmonopolet";"11511301";"Batgara Txakoli Urtaran 2016";"Batgara Txakoli Urtaran";"2016";"278.7";"0.75";"371.6";"White wine";"Glass";"13";"2.8584616"
"Vinmonopolet";"11511401";"La Zorra Tempranillo y Rufete";"La Zorra Tempranillo y Rufete";"2016";"225";"0.75";"300";"RÃ¸dvin";"Glass";"14";"2.142857"
"Vinmonopolet";"11511501";"El Aprendiz Tinto 2016";"El Aprendiz Tinto";"2016";"225.8";"0.75";"301.07";"RÃ¸dvin";"Glass";"14.5";"2.0763218"
"Vinmonopolet";"11511601";"El Aprendiz Blanco 2018";"El Aprendiz Blanco";"2018";"226";"0.75";"301.33";"White wine";"Glass";"14";"2.152381"
"Vinmonopolet";"11511706";"Viberti Lampia 2018";"Viberti Lampia";"2018";"579.9";"3";"193.3";"RÃ¸dvin";"Bag-in-box";"14";"1.3807143"
"Vinmonopolet";"11511801";"Stesson CuvÃ©e Subtile Blanc de Noirs Brut";"Stesson CuvÃ©e Subtile Blanc de Noirs Brut";"0";"300";"0.75";"400";"Champagne, brut";"Glass";"12";"3.3333333"
"Vinmonopolet";"11511901";"Ch. PrieurÃ©-Lichine 2016";"Ch. PrieurÃ©-Lichine";"2016";"655";"0.75";"873.33";"RÃ¸dvin";"Glass";"13.5";"6.4691358"
"Vinmonopolet";"11512001";"Ch. Grand-Puy-Lacoste 2016";"Ch. Grand-Puy-Lacoste";"2016";"1200";"0.75";"1600";"RÃ¸dvin";"Glass";"13.5";"11.851851"
"Vinmonopolet";"11512101";"Marcel Martin Sancerre La Chenaye";"Marcel Martin Sancerre La Chenaye";"2018";"259.9";"0.75";"346.53";"White wine";"Glass";"12.5";"2.7722666"
"Vinmonopolet";"11512201";"Marcel Martin CuvÃ©e Mademoiselle CÃ´tes de Gascogne Colombard Chardonnay";"Marcel Martin CuvÃ©e Mademoiselle CÃ´tes de Gascogne Colombard Chardonnay";"2018";"119.9";"0.75";"159.87";"White wine";"Glass";"12";"1.3322222"
"Vinmonopolet";"11512501";"Tillingham";"Tillingham";"0";"549.9";"0.75";"733.2";"Sparkling wine";"Glass";"12";"6.11"
"Vinmonopolet";"11512601";"ViÃ±a Curvada Tempranillo";"ViÃ±a Curvada Tempranillo";"2018";"149.9";"0.75";"199.87";"RÃ¸dvin";"Glass";"14";"1.427619"
"Vinmonopolet";"11512701";"ViÃ±a Curvada Crianza";"ViÃ±a Curvada Crianza";"2017";"199.9";"0.75";"266.53";"RÃ¸dvin";"Glass";"14";"1.9038094"
"Vinmonopolet";"11512801";"Julia Bertram Handwerk SpÃ¤tburgunder";"Julia Bertram Handwerk SpÃ¤tburgunder";"2017";"275";"0.75";"366.67";"RÃ¸dvin";"Glass";"12";"3.0555556"
"Vinmonopolet";"11512901";"Julia Bertram Ahrweiler Forstberg SpÃ¤tburgunder";"Julia Bertram Ahrweiler Forstberg SpÃ¤tburgunder";"2017";"475";"0.75";"633.33";"RÃ¸dvin";"Glass";"12.5";"5.0666666"
"Vinmonopolet";"11513001";"Lange Three Hills CuvÃ©e 2017";"Lange Three Hills CuvÃ©e";"2017";"251.2";"0.75";"334.93";"White wine";"Glass";"13.2";"2.5373738"
"Vinmonopolet";"11513101";"Ramey Hyde Chardonnay 2016";"Ramey Hyde Chardonnay";"2016";"619.9";"0.75";"826.53";"White wine";"Glass";"14.5";"5.70023"
"Vinmonopolet";"11513201";"Ramey Napa Cabernet Sauvignon 2014";"Ramey Napa Cabernet Sauvignon";"2014";"599.9";"0.75";"799.87";"RÃ¸dvin";"Glass";"14.5";"5.516322"
"Vinmonopolet";"11513301";"Ramey Fort Ross Seaview Chardonnay 2016";"Ramey Fort Ross Seaview Chardonnay";"2016";"449.9";"0.75";"599.87";"White wine";"Glass";"14.5";"4.1370115"
"Vinmonopolet";"11513405";"Samuel Billaud Chablis 2017";"Samuel Billaud Chablis";"2017";"649.9";"1.5";"433.27";"White wine";"Glass";"12.5";"3.4661334"
"Vinmonopolet";"11513608";"Meukow (3x5cl)";"Meukow (3x5cl)";"0";"199.5";"0.15";"1330";"Grape spirit";"Ãvrig";"40";"3.3249998"
"Vinmonopolet";"11513701";"Braastad Nedslaget Extra";"Braastad Nedslaget Extra";"0";"1395";"0.7";"1992.86";"Grape spirit";"Glass";"40";"4.982143"
"Vinmonopolet";"11514601";"Why Not Nero d'avola Syrah";"Why Not Nero d'avola Syrah";"2013";"188.9";"0.75";"251.87";"RÃ¸dvin";"Glass";"14";"1.7990476"
"Vinmonopolet";"11514701";"Tator Primitivo";"Tator Primitivo";"2017";"248.7";"0.75";"331.6";"RÃ¸dvin";"Glass";"14.5";"2.2868965"
"Vinmonopolet";"11514801";"Sapor Temporis Amarone della Valpolicella";"Sapor Temporis Amarone della Valpolicella";"2015";"307.2";"0.75";"409.6";"RÃ¸dvin";"Glass";"15";"2.7306669"
"Vinmonopolet";"11514901";"Sapor Temporis Valpolicella Ripasso Superiore";"Sapor Temporis Valpolicella Ripasso Superiore";"2016";"228.2";"0.75";"304.27";"RÃ¸dvin";"Glass";"14";"2.1733334"
"Vinmonopolet";"11515001";"Quarta Generazione A CeraSole Aglianico del Vulture 2017";"Quarta Generazione A CeraSole Aglianico del Vulture";"2017";"179.9";"0.75";"239.87";"RÃ¸dvin";"Glass";"14";"1.7133332"
"Vinmonopolet";"11515201";"Dr. Loosen Erdener Treppchen 2018";"Dr. Loosen Erdener Treppchen";"2018";"395";"0.75";"526.67";"White wine";"Glass";"12.5";"4.213333"
"Vinmonopolet";"11515301";"Dr. Loosen Graacher Domprobst 2018";"Dr. Loosen Graacher Domprobst";"2018";"325";"0.75";"433.33";"White wine";"Glass";"12.5";"3.4666667"
"Vinmonopolet";"11515401";"Dr. Loosen Graacher Himmelreich 2018";"Dr. Loosen Graacher Himmelreich";"2018";"325";"0.75";"433.33";"White wine";"Glass";"12.5";"3.4666667"
"Vinmonopolet";"11515501";"Dr. Loosen Ãrziger WÃ¼rzgarten 2018";"Dr. Loosen Ãrziger WÃ¼rzgarten";"2018";"369";"0.75";"492";"White wine";"Glass";"12.5";"3.936"
"Vinmonopolet";"11515601";"Dr. Loosen Wehlener Sonnenuhr 2018";"Dr. Loosen Wehlener Sonnenuhr";"2018";"325";"0.75";"433.33";"White wine";"Glass";"12.5";"3.4666667"
"Vinmonopolet";"11515701";"LabourÃ©-Roi Chardonnay";"LabourÃ©-Roi Chardonnay";"2018";"144.9";"0.75";"193.2";"White wine";"Glass";"12.5";"1.5455999"
"Vinmonopolet";"11515801";"LabourÃ©-Roi Nuits-Saint-Georges";"LabourÃ©-Roi Nuits-Saint-Georges";"2015";"439.9";"0.75";"586.53";"RÃ¸dvin";"Glass";"13.5";"4.3446913"
"Vinmonopolet";"11515901";"LabourÃ©-Roi Chablis 1er Cru Montmains";"LabourÃ©-Roi Chablis 1er Cru Montmains";"2017";"319.9";"0.75";"426.53";"White wine";"Glass";"12.5";"3.4122665"
"Vinmonopolet";"11516105";"Dom. de l'Arlot Vosne RomanÃ©e 1er Cru Les Suchots 2017";"Dom. de l'Arlot Vosne RomanÃ©e 1er Cru Les Suchots";"2017";"3194.9";"1.5";"2129.93";"RÃ¸dvin";"Glass";"13.5";"15.777284"
"Vinmonopolet";"11516201";"Dom. de l'Arlot Nuits Saint Georges 1er Cru Mont des Oiseaux 2017";"Dom. de l'Arlot Nuits Saint Georges 1er Cru Mont des Oiseaux";"2017";"769.8";"0.75";"1026.4";"RÃ¸dvin";"Glass";"13";"7.8953843"
"Vinmonopolet";"11516301";"Cave de Turckheim Sylvaner";"Cave de Turckheim Sylvaner";"2015";"169.9";"0.75";"226.53";"White wine";"Glass";"12";"1.8877777"
"Vinmonopolet";"11516401";"Brilla! Prosecco";"Brilla! Prosecco";"0";"149.9";"0.75";"199.87";"Sparkling wine";"Glass";"11";"1.8169696"
"Vinmonopolet";"11516502";"Lindheim Kings of Acid";"Lindheim Kings of Acid";"0";"85";"0.5";"170";"SurÃ¸l";"Glass";"5.2";"3.2692308"
"Vinmonopolet";"11518201";"Martha Stoumen Venturi Vineyard Zinfandel 2018";"Martha Stoumen Venturi Vineyard Zinfandel";"2018";"419";"0.75";"558.67";"RÃ¸dvin";"Glass";"12.7";"4.39895"
"Vinmonopolet";"11518301";"Martha Stoumen Venturi Vineyard Carignan 2018";"Martha Stoumen Venturi Vineyard Carignan";"2018";"379";"0.75";"505.33";"RÃ¸dvin";"Glass";"11.4";"4.432749"
"Vinmonopolet";"11518601";"Kesner King's Russian River Pinot Noir 2016";"Kesner King's Russian River Pinot Noir";"2016";"619";"0.75";"825.33";"RÃ¸dvin";"Glass";"12.4";"6.6559143"
"Vinmonopolet";"11518701";"Kesner Heintz Vineyard Chardonnay 2017";"Kesner Heintz Vineyard Chardonnay";"2017";"619";"0.75";"825.33";"White wine";"Glass";"14.3";"5.7715616"
"Vinmonopolet";"11518901";"Kesner Halfmile Pinot Noir 2016";"Kesner Halfmile Pinot Noir";"2016";"619";"0.75";"825.33";"RÃ¸dvin";"Glass";"13.8";"5.980676"
"Vinmonopolet";"11519001";"Sottimano Barbaresco CottÃ¡ 2016";"Sottimano Barbaresco CottÃ¡";"2016";"649";"0.75";"865.33";"RÃ¸dvin";"Glass";"14";"6.1809525"
"Vinmonopolet";"11519101";"Sottimano Barbaresco PajorÃ© 2016";"Sottimano Barbaresco PajorÃ©";"2016";"619";"0.75";"825.33";"RÃ¸dvin";"Glass";"14.5";"5.691954"
"Vinmonopolet";"11519201";"Sottimano Barbaresco CurrÃ¡ 2014";"Sottimano Barbaresco CurrÃ¡";"2014";"779";"0.75";"1038.67";"RÃ¸dvin";"Glass";"14";"7.419048"
"Vinmonopolet";"11519306";"La Falaise BlanchÃ© Rose";"La Falaise BlanchÃ© Rose";"2019";"429.9";"3";"143.3";"RosÃ©vin";"Bag-in-box";"12.5";"1.1464"
"Vinmonopolet";"11519401";"Ramey Westside Farms Estate Chardonnay 2016";"Ramey Westside Farms Estate Chardonnay";"2016";"629.9";"0.75";"839.87";"White wine";"Glass";"14.5";"5.7921844"
"Vinmonopolet";"11519501";"Occhipinti Rosso Arcaico 2018";"Occhipinti Rosso Arcaico";"2018";"234.9";"0.75";"313.2";"RÃ¸dvin";"Glass";"12.5";"2.5056"
"Vinmonopolet";"11519601";"Beurton-Vincent RÃ©serve Brut";"Beurton-Vincent RÃ©serve Brut";"0";"297";"0.75";"396";"Champagne, brut";"Glass";"12";"3.3"
"Vinmonopolet";"11519701";"Alfio Mozzi Sassella Valtellina Grisone Superiore 2016";"Alfio Mozzi Sassella Valtellina Grisone Superiore";"2016";"359.9";"0.75";"479.87";"RÃ¸dvin";"Glass";"14";"3.427619"
"Vinmonopolet";"11519801";"Alfio Mozzi Sassella Valtellina Grisone Riserva Superiore 2015";"Alfio Mozzi Sassella Valtellina Grisone Riserva Superiore";"2015";"499.9";"0.75";"666.53";"RÃ¸dvin";"Glass";"14";"4.7609525"
"Vinmonopolet";"11519901";"Statella Pettinociarelle Etna Rosso";"Statella Pettinociarelle Etna Rosso";"2016";"345";"0.75";"460";"RÃ¸dvin";"Glass";"13.5";"3.4074075"
"Vinmonopolet";"11520001";"Occhipinti Alea Viva 2018";"Occhipinti Alea Viva";"2018";"249.9";"0.75";"333.2";"RÃ¸dvin";"Glass";"12.5";"2.6655998"
"Vinmonopolet";"11520102";"Demoiselle Apolline Vin de Liqueur";"Demoiselle Apolline Vin de Liqueur";"0";"219.9";"0.38";"586.4";"Fortified wine";"Glass";"17.5";"3.3067667"
"Vinmonopolet";"11520201";"Clusel-Roch Traboules Blanc 2018";"Clusel-Roch Traboules Blanc";"2018";"200";"0.75";"266.67";"White wine";"Glass";"13";"2.0512822"
"Vinmonopolet";"11520301";"Joh. Bapt. SchÃ¤fer RÃ¼mmelsheim Riesling Trocken";"Joh. Bapt. SchÃ¤fer RÃ¼mmelsheim Riesling Trocken";"2017";"259.9";"0.75";"346.53";"White wine";"Glass";"12";"2.8877778"
"Vinmonopolet";"11520401";"Joh. Bapt. SchÃ¤fer Burg Layer Schlossberg Riesling Trocken";"Joh. Bapt. SchÃ¤fer Burg Layer Schlossberg Riesling Trocken";"2018";"299.9";"0.75";"399.87";"White wine";"Glass";"13";"3.0758975"
"Vinmonopolet";"11520501";"Joh. Bapt. SchÃ¤fer PittermÃ¤nnchen Riesling GG 2016";"Joh. Bapt. SchÃ¤fer PittermÃ¤nnchen Riesling GG";"2016";"419.9";"0.75";"559.87";"White wine";"Glass";"12.5";"4.4789333"
"Vinmonopolet";"11520601";"Joh. Bapt. SchÃ¤fer PittermÃ¤nnchen Riesling Kabinett";"Joh. Bapt. SchÃ¤fer PittermÃ¤nnchen Riesling Kabinett";"2018";"229.9";"0.75";"306.53";"White wine";"Glass";"8";"3.8316665"
"Vinmonopolet";"11520702";"Ayinger Kellerbier";"Ayinger Kellerbier";"0";"56.9";"0.5";"113.8";"Light lager";"Glass";"4.9";"2.322449"
"Vinmonopolet";"11520802";"Ayinger Altbairisch Dunkel";"Ayinger Altbairisch Dunkel";"0";"56.9";"0.5";"113.8";"MÃ¸rk lager";"Glass";"5";"2.276"
"Vinmonopolet";"11520901";"The Boutique Selection True North Amarone 2016";"The Boutique Selection True North Amarone";"2016";"265";"0.75";"353.33";"RÃ¸dvin";"Glass";"15";"2.3555555"
"Vinmonopolet";"11521002";"XO IngefÃ¦rÃ¸l Mango Nr. 5";"XO IngefÃ¦rÃ¸l Mango Nr. 5";"0";"59.9";"0.33";"181.52";"Fruit wine";"Glass";"5.5";"3.3002753"
"Vinmonopolet";"11521202";"Dry & Bitter Double Dippy Doo DDH Double IPA";"Dry & Bitter Double Dippy Doo DDH Double IPA";"0";"89.9";"0.44";"204.32";"India pale ale";"Metall";"7.5";"2.7242424"
"Vinmonopolet";"11521302";"De Tvende Deus ex Nihilo Imperial Coffee Stout";"De Tvende Deus ex Nihilo Imperial Coffee Stout";"0";"109.9";"0.33";"333.03";"Porter and stout";"Glass";"13.5";"2.466891"
"Vinmonopolet";"11521401";"Paddy Old Irish Whiskey";"Paddy Old Irish Whiskey";"0";"399.9";"0.7";"571.29";"Whisky";"Glass";"40";"1.4282143"
"Vinmonopolet";"11521502";"Cervisiam x Sudden Death Cookies & Scream Pastry Stout";"Cervisiam x Sudden Death Cookies & Scream Pastry Stout";"0";"79.9";"0.33";"236.06";"Porter and stout";"Emballasje med pant";"10";"2.421212"
"Vinmonopolet";"11521602";"Cervisiam Barrel Aged Satanic Panic Imperial Stout";"Cervisiam Barrel Aged Satanic Panic Imperial Stout";"0";"149.9";"0.33";"448.18";"Porter and stout";"Emballasje med pant";"10";"4.5424237"
"Vinmonopolet";"11521702";"Cervisiam S'Morbidly Obese Barrel Aged Imperial Pastry Stout";"Cervisiam S'Morbidly Obese Barrel Aged Imperial Pastry Stout";"0";"149.9";"0.33";"448.18";"Porter and stout";"Emballasje med pant";"10";"4.5424237"
"Vinmonopolet";"11521802";"Cervisiam Barrel Aged Pecanisher Imperial Pastry Stout";"Cervisiam Barrel Aged Pecanisher Imperial Pastry Stout";"0";"149.9";"0.33";"448.18";"Porter and stout";"Emballasje med pant";"10";"4.5424237"
"Vinmonopolet";"11521901";"Barth RÃ¼desheim Riesling Feinherb 2018";"Barth RÃ¼desheim Riesling Feinherb";"2018";"249";"0.75";"332";"White wine";"Glass";"11.5";"2.8869565"
"Vinmonopolet";"11522001";"Kentucky Jack Honey";"Kentucky Jack Honey";"0";"359.9";"0.7";"514.14";"LikÃ¸r";"Glass";"35";"1.4689796"
"Vinmonopolet";"11522102";"Cervisiam Buzzsaw Coconut, Coffee and Maple Pastry Stout";"Cervisiam Buzzsaw Coconut, Coffee and Maple Pastry Stout";"0";"89.9";"0.33";"266.36";"Porter and stout";"Emballasje med pant";"12";"2.270202"
"Vinmonopolet";"11522201";"Glenrothes 12 YO";"Glenrothes 12 YO";"0";"599.9";"0.7";"857";"Whisky";"Glass";"40";"2.1425002"
"Vinmonopolet";"11524201";"Haku Vodka";"Haku Vodka";"0";"527.9";"0.7";"754.14";"Vodka";"Glass";"40";"1.8853573"
"Vinmonopolet";"11524301";"Suntory Whisky Toki";"Suntory Whisky Toki";"0";"519.9";"0.7";"742.71";"Whisky";"Glass";"43";"1.7272426"
"Vinmonopolet";"11524401";"Macallan Triple Cask 15 YO";"Macallan Triple Cask 15 YO";"0";"1339.9";"0.7";"1914.14";"Whisky";"Glass";"43";"4.451495"
"Vinmonopolet";"11524501";"Macallan Estate";"Macallan Estate";"0";"2099.9";"0.7";"2999.86";"Whisky";"Glass";"43";"6.976412"
"Vinmonopolet";"11524601";"Macallan Edition No. 5";"Macallan Edition No. 5";"0";"1249.9";"0.7";"1785.57";"Whisky";"Glass";"48.5";"3.6815908"
"Vinmonopolet";"11524701";"Macallan Classic Cut 2019 Edition";"Macallan Classic Cut  Edition";"2019";"1299.9";"0.7";"1857";"Whisky";"Glass";"52.9";"3.510397"
"Vinmonopolet";"11524801";"Highland Park 21 YO";"Highland Park 21 YO";"0";"2399.9";"0.7";"3428.43";"Whisky";"Glass";"46";"7.4531054"
"Vinmonopolet";"11525301";"Barberani Amore 2019";"Barberani Amore";"2019";"189.9";"0.75";"253.2";"RosÃ©vin";"Glass";"10";"2.5319998"
"Vinmonopolet";"11525901";"Collovray & Terrier Chardonnay";"Collovray & Terrier Chardonnay";"2018";"149.9";"0.75";"199.87";"White wine";"Glass";"13";"1.5374359"
"Vinmonopolet";"11526001";"Clusel-Roch Traboules Rouge 2018";"Clusel-Roch Traboules Rouge";"2018";"200";"0.75";"266.67";"RÃ¸dvin";"Glass";"13";"2.0512822"
"Vinmonopolet";"11526101";"Clusel-Roch Galet Rouge 2018";"Clusel-Roch Galet Rouge";"2018";"240";"0.75";"320";"RÃ¸dvin";"Glass";"13";"2.4615386"
"Vinmonopolet";"11526201";"Clusel-Roch CÃ´te-RÃ´tie Les Schistes 2017";"Clusel-Roch CÃ´te-RÃ´tie Les Schistes";"2017";"499.9";"0.75";"666.53";"RÃ¸dvin";"Glass";"13";"5.1271796"
"Vinmonopolet";"11526301";"Clusel-Roch CÃ´te-RÃ´tie La VialliÃ¨re 2017";"Clusel-Roch CÃ´te-RÃ´tie La VialliÃ¨re";"2017";"699.9";"0.75";"933.2";"RÃ¸dvin";"Glass";"13.5";"6.912593"
"Vinmonopolet";"11526401";"Clusel-Roch CÃ´te-RÃ´tie Les Grandes-Places 2017";"Clusel-Roch CÃ´te-RÃ´tie Les Grandes-Places";"2017";"899.9";"0.75";"1199.87";"RÃ¸dvin";"Glass";"13";"9.229744"
"Vinmonopolet";"11526501";"Nathan Kendall Dry Riesling 2017";"Nathan Kendall Dry Riesling";"2017";"250";"0.75";"333.33";"White wine";"Glass";"10.9";"3.058104"
"Vinmonopolet";"11526601";"Nathan Kendall Pinot Noir 2017";"Nathan Kendall Pinot Noir";"2017";"339.9";"0.75";"453.2";"RÃ¸dvin";"Glass";"12";"3.7766666"
"Vinmonopolet";"11526701";"Nathan Kendall Chardonnay 2017";"Nathan Kendall Chardonnay";"2017";"319.9";"0.75";"426.53";"White wine";"Glass";"12.3";"3.4677505"
"Vinmonopolet";"11526802";"Brouwerij de Molen Noble & Nuts";"Brouwerij de Molen Noble & Nuts";"0";"76.9";"0.33";"233.03";"Porter and stout";"Glass";"9.9";"2.3538415"
"Vinmonopolet";"11526902";"Brouwerij de Molen Before & After";"Brouwerij de Molen Before & After";"0";"59.9";"0.33";"181.52";"Porter and stout";"Glass";"8.8";"2.0626721"
"Vinmonopolet";"11527102";"Brouwerij de Molen Trust & Effort";"Brouwerij de Molen Trust & Effort";"0";"75.9";"0.33";"230";"Porter and stout";"Glass";"10";"2.3"
"Vinmonopolet";"11527501";"Matthiasson Napa Valley Cabernet Franc 2017";"Matthiasson Napa Valley Cabernet Franc";"2017";"549";"0.75";"732";"RÃ¸dvin";"Glass";"12";"6.1"
"Vinmonopolet";"11528701";"New Grove Old Tradition 10 YO";"New Grove Old Tradition 10 YO";"0";"783.8";"0.7";"1119.71";"Rum";"Glass";"40";"2.7992857"
"Vinmonopolet";"11528801";"New Grove Bourbon Cask";"New Grove Bourbon Cask";"0";"580.2";"0.7";"828.86";"Rum";"Glass";"40";"2.0721428"
"Vinmonopolet";"11528901";"The Vinum Chianti Riserva";"The Vinum Chianti Riserva";"2015";"254.9";"0.75";"339.87";"RÃ¸dvin";"Glass";"13";"2.614359"
"Vinmonopolet";"11529001";"The Vinum Pecorine Colline Pescaresi 2018";"The Vinum Pecorine Colline Pescaresi";"2018";"222.6";"0.75";"296.8";"White wine";"Glass";"12.5";"2.3744001"
"Vinmonopolet";"11529101";"The Vinum Barbaresco";"The Vinum Barbaresco";"0";"443.9";"0.75";"591.87";"RÃ¸dvin";"Glass";"14";"4.227619"
"Vinmonopolet";"11529201";"The Vinum Chianti";"The Vinum Chianti";"0";"215.8";"0.75";"287.73";"RÃ¸dvin";"Glass";"12";"2.3977778"
"Vinmonopolet";"11530301";"Tesseron Composition";"Tesseron Composition";"0";"668.6";"0.7";"955.14";"Grape spirit";"Glass";"40";"2.3878572"
"Vinmonopolet";"11530401";"Grateaud Hors d'Age";"Grateaud Hors d'Age";"0";"1419.7";"0.7";"2028.14";"Grape spirit";"Glass";"43";"4.7166114"
"Vinmonopolet";"11530507";"Tesseron Extreme Black Edition";"Tesseron Extreme Black Edition";"0";"33900";"1.75";"19371.43";"Grape spirit";"Glass";"40";"48.42857"
"Vinmonopolet";"11530602";"NÃ¸gne Ã Mudslide Chocolate Dream";"NÃ¸gne Ã Mudslide Chocolate Dream";"0";"39.9";"0.33";"120.91";"Porter and stout";"Glass";"9";"1.3434343"
"Vinmonopolet";"11530702";"NÃ¸gne Ã Hop Soup";"NÃ¸gne Ã Hop Soup";"0";"34.9";"0.33";"105.76";"India pale ale";"Glass";"6.5";"1.6270397"
"Vinmonopolet";"11530802";"Prairie Artisan Ales Oh! Fudge";"Prairie Artisan Ales Oh! Fudge";"0";"139.4";"0.35";"392.68";"Porter and stout";"Glass";"11";"3.620779"
"Vinmonopolet";"11530901";"Dom. Perceval Vin des Allobroges JacquÃ¨re 2018";"Dom. Perceval Vin des Allobroges JacquÃ¨re";"2018";"174.9";"0.75";"233.2";"White wine";"Glass";"11.5";"2.027826"
"Vinmonopolet";"11531002";"Ch. La GentilhommiÃ¨re Vin de Savoie Mondeuse 2015";"Ch. La GentilhommiÃ¨re Vin de Savoie Mondeuse";"2015";"439.9";"0.5";"879.8";"RÃ¸dvin";"Glass";"11.5";"7.6504345"
"Vinmonopolet";"11531102";"Dom. Perceval Vin des Allobroges Roussanne 2015";"Dom. Perceval Vin des Allobroges Roussanne";"2015";"439.9";"0.5";"879.8";"White wine";"Glass";"12.5";"7.0383997"
"Vinmonopolet";"11531201";"Dom. Perceval Gamay 2018";"Dom. Perceval Gamay";"2018";"169.9";"0.75";"226.53";"RÃ¸dvin";"Glass";"12";"1.8877777"
"Vinmonopolet";"11531301";"Dom. Perceval Vin de Savoie RosÃ© 2018";"Dom. Perceval Vin de Savoie RosÃ©";"2018";"169.9";"0.75";"226.53";"RosÃ©vin";"Glass";"11.5";"1.969855"
"Vinmonopolet";"11531402";"Dom. Perceval Vin des Glaces Refuge des cosmiques 2018";"Dom. Perceval Vin des Glaces Refuge des cosmiques";"2018";"449.9";"0.38";"1199.73";"White wine";"Glass";"9.2";"12.868994"
"Vinmonopolet";"11531501";"Ch. La GentilhommiÃ¨re Abymes Vieilles Vignes 2018";"Ch. La GentilhommiÃ¨re Abymes Vieilles Vignes";"2018";"179.9";"0.75";"239.87";"White wine";"Glass";"12";"1.9988889"
"Vinmonopolet";"11531601";"Ch. La GentilhommiÃ¨re Mondeuse Vieilles Vignes Ã  l'ancienne 2018";"Ch. La GentilhommiÃ¨re Mondeuse Vieilles Vignes Ã  l'ancienne";"2018";"209.9";"0.75";"279.87";"RÃ¸dvin";"Glass";"12";"2.3322222"
"Vinmonopolet";"11531701";"Perceval CrÃ©mant de Savoie 2015";"Perceval CrÃ©mant de Savoie";"2015";"219.9";"0.75";"293.2";"Sparkling wine";"Glass";"12";"2.4433331"
"Vinmonopolet";"11531801";"Louis Latour Aloxe-Corton 1er Cru Les Chaillots 2017";"Louis Latour Aloxe-Corton 1er Cru Les Chaillots";"2017";"626";"0.75";"834.67";"RÃ¸dvin";"Glass";"13.5";"6.182716"
"Vinmonopolet";"11531902";"Mannskoret Akevitt";"Mannskoret Akevitt";"2019";"399.5";"0.5";"799";"Aquavit";"Glass";"41";"1.9487805"
"Vinmonopolet";"11532606";"Santa InÃ©s Carmenere 2018";"Santa InÃ©s Carmenere";"2018";"454";"3";"151.33";"RÃ¸dvin";"Bag-in-box";"13.5";"1.1209877"
"Vinmonopolet";"11533001";"Secreto de Candela AlbariÃ±o";"Secreto de Candela AlbariÃ±o";"2018";"226.9";"0.75";"302.53";"White wine";"Glass";"13.5";"2.2409875"
"Vinmonopolet";"11533102";"Shoot Fizzy Bubble Gum";"Shoot Fizzy Bubble Gum";"0";"159.9";"0.5";"319.8";"LikÃ¸r";"Plast";"16.4";"1.9499999"
"Vinmonopolet";"11533301";"AverÃ¦n Nysa Vineyard Pinot Noir";"AverÃ¦n Nysa Vineyard Pinot Noir";"2017";"569.9";"0.75";"759.87";"RÃ¸dvin";"Glass";"13.4";"5.670647"
"Vinmonopolet";"11533401";"Mugnier Nuits-Saint-Georges Premier Cru Clos de la MarÃ©chale 2017";"Mugnier Nuits-Saint-Georges Premier Cru Clos de la MarÃ©chale";"2017";"1119.9";"0.75";"1493.2";"RÃ¸dvin";"Glass";"13";"11.486155"
"Vinmonopolet";"11533501";"Baglio Corto di Passo Nero d'Avola 2018";"Baglio Corto di Passo Nero d'Avola";"2018";"217.9";"0.75";"290.53";"RÃ¸dvin";"Glass";"14";"2.075238"
"Vinmonopolet";"11533901";"Torrederos Crianza";"Torrederos Crianza";"2015";"228.2";"0.75";"304.27";"RÃ¸dvin";"Glass";"14";"2.1733334"
"Vinmonopolet";"11534301";"SchÃ¤fer-FrÃ¶hlich Bockenauer Schiefergestein Riesling Trocken 2018";"SchÃ¤fer-FrÃ¶hlich Bockenauer Schiefergestein Riesling Trocken";"2018";"295";"0.75";"393.33";"White wine";"Glass";"12.5";"3.1466668"
"Vinmonopolet";"11534401";"SchÃ¤fer-FrÃ¶hlich Riesling Trocken 2018";"SchÃ¤fer-FrÃ¶hlich Riesling Trocken";"2018";"218.1";"0.75";"290.8";"White wine";"Glass";"12";"2.4233334"
"Vinmonopolet";"11534501";"SchÃ¤fer-FrÃ¶hlich Vulkangestein Riesling Trocken 2018";"SchÃ¤fer-FrÃ¶hlich Vulkangestein Riesling Trocken";"2018";"279";"0.75";"372";"White wine";"Glass";"12.5";"2.976"
"Vinmonopolet";"11534601";"SchÃ¤fer-FrÃ¶hlich Felseneck Riesling GG 2018";"SchÃ¤fer-FrÃ¶hlich Felseneck Riesling GG";"2018";"640";"0.75";"853.33";"White wine";"Glass";"13";"6.5641026"
"Vinmonopolet";"11534701";"SchÃ¤fer-FrÃ¶hlich Bockenauer Schiefergestein Riesling Feinherb 2018";"SchÃ¤fer-FrÃ¶hlich Bockenauer Schiefergestein Riesling Feinherb";"2018";"289.9";"0.75";"386.53";"White wine";"Glass";"12.5";"3.0922666"
"Vinmonopolet";"11534801";"SchÃ¤fer-FrÃ¶hlich Felsenberg Riesling GG 2018";"SchÃ¤fer-FrÃ¶hlich Felsenberg Riesling GG";"2018";"560";"0.75";"746.67";"White wine";"Glass";"13";"5.74359"
"Vinmonopolet";"11534901";"Wagner-Stempel Porphyr Riesling Trocken 2018";"Wagner-Stempel Porphyr Riesling Trocken";"2018";"278";"0.75";"370.67";"White wine";"Glass";"13";"2.8512821"
"Vinmonopolet";"11535001";"Wagner-Stempel Siefersheim Silvaner Trocken 2018";"Wagner-Stempel Siefersheim Silvaner Trocken";"2018";"262.1";"0.75";"349.47";"White wine";"Glass";"13.5";"2.5886421"
"Vinmonopolet";"11535101";"Wagner-Stempel Siefersheim Weissburgunder Trocken 2018";"Wagner-Stempel Siefersheim Weissburgunder Trocken";"2018";"270";"0.75";"360";"White wine";"Glass";"13.5";"2.6666667"
"Vinmonopolet";"11535305";"Wagner-Stempel Porphyr Riesling Trocken 2018";"Wagner-Stempel Porphyr Riesling Trocken";"2018";"568";"1.5";"378.67";"White wine";"Glass";"13";"2.9128206"
"Vinmonopolet";"11535401";"Wagner-Stempel Heerkretz Riesling GG 2018";"Wagner-Stempel Heerkretz Riesling GG";"2018";"438";"0.75";"584";"White wine";"Glass";"13";"4.4923077"
"Vinmonopolet";"11535501";"Angerville Volnay 1er Cru Clos des Ducs 2017";"Angerville Volnay 1er Cru Clos des Ducs";"2017";"1480";"0.75";"1973.33";"RÃ¸dvin";"Glass";"13.5";"14.617284"
"Vinmonopolet";"11535601";"Angerville Volnay Premier Cru 2017";"Angerville Volnay Premier Cru";"2017";"699";"0.75";"932";"RÃ¸dvin";"Glass";"13.5";"6.9037037"
"Vinmonopolet";"11535701";"Angerville Volnay 1er Cru Champans 2017";"Angerville Volnay 1er Cru Champans";"2017";"1098";"0.75";"1464";"RÃ¸dvin";"Glass";"13.5";"10.844444"
"Vinmonopolet";"11535801";"Angerville Meursault 1er Cru Santenots 2017";"Angerville Meursault 1er Cru Santenots";"2017";"980";"0.75";"1306.67";"White wine";"Glass";"13.5";"9.679012"
"Vinmonopolet";"11535901";"Marie Courtin RÃ©sonance Extra Brut 2015";"Marie Courtin RÃ©sonance Extra Brut";"2015";"499.8";"0.75";"666.4";"Champagne extra brut";"Glass";"12";"5.5533333"
"Vinmonopolet";"11536001";"Les Freres Mignon Coteaux Champenois Blanc 2016";"Les Freres Mignon Coteaux Champenois Blanc";"2016";"451.2";"0.75";"601.6";"White wine";"Glass";"11.5";"5.2313046"
"Vinmonopolet";"11536101";"Marie Courtin Efflorescence Extra Brut 2014";"Marie Courtin Efflorescence Extra Brut";"2014";"599.9";"0.75";"799.87";"Champagne extra brut";"Glass";"12";"6.665556"
"Vinmonopolet";"11536201";"Ãtienne Calsac Clos Maladries Extra Brut 2015";"Ãtienne Calsac Clos Maladries Extra Brut";"2015";"833";"0.75";"1110.67";"Champagne extra brut";"Glass";"12";"9.255555"
"Vinmonopolet";"11536302";"Brewski x Ãrebro Bryghus What Does The Fox Say IPA";"Brewski x Ãrebro Bryghus What Does The Fox Say IPA";"0";"52.2";"0.33";"152.12";"India pale ale";"Emballasje med pant";"6.5";"2.4335663"
"Vinmonopolet";"11536405";"Ãtienne Calsac L'Ã©chapÃ©e Belle Extra Brut 2017";"Ãtienne Calsac L'Ã©chapÃ©e Belle Extra Brut";"2017";"888";"1.5";"592";"Champagne extra brut";"Glass";"12";"4.9333334"
"Vinmonopolet";"11536501";"Moutardier Alchimie 2013";"Moutardier Alchimie";"2013";"548.9";"0.75";"731.87";"Champagne extra brut";"Glass";"12";"6.0988894"
"Vinmonopolet";"11536601";"J. de Telmont Heritage 1995";"J. de Telmont Heritage";"1995";"1111";"0.75";"1481.33";"Champagne extra brut";"Glass";"12";"12.344444"
"Vinmonopolet";"11536701";"La Borderie de quoi te mÃªles-tu? 2016";"La Borderie de quoi te mÃªles-tu?";"2016";"599";"0.75";"798.67";"Champagne extra brut";"Glass";"12";"6.6555557"
"Vinmonopolet";"11536801";"La Borderie Coteaux Champenois Rouge 2017";"La Borderie Coteaux Champenois Rouge";"2017";"389.9";"0.75";"519.87";"RÃ¸dvin";"Glass";"12";"4.332222"
"Vinmonopolet";"11536901";"Moutardier Pure Meunier Brut Nature 2013";"Moutardier Pure Meunier Brut Nature";"2013";"499.8";"0.75";"666.4";"Champagne extra brut";"Glass";"12";"5.5533333"
"Vinmonopolet";"11537001";"Flyinge VingÃ¥rd Pegasus Sparkling 2015";"Flyinge VingÃ¥rd Pegasus Sparkling";"2015";"500";"0.75";"666.67";"Sparkling wine";"Glass";"11.5";"5.7971015"
"Vinmonopolet";"11538301";"Arlaud Morey-St-Denis 1er Cru Les Ruchots 2017";"Arlaud Morey-St-Denis 1er Cru Les Ruchots";"2017";"759";"0.75";"1012";"RÃ¸dvin";"Glass";"13.5";"7.4962964"
"Vinmonopolet";"11538401";"Arlaud Morey-St-Denis 1er Cru Aux Cheseaux 2017";"Arlaud Morey-St-Denis 1er Cru Aux Cheseaux";"2017";"674";"0.75";"898.67";"RÃ¸dvin";"Glass";"13.5";"6.6567903"
"Vinmonopolet";"11538601";"Arlaud Charmes-Chambertin 2017";"Arlaud Charmes-Chambertin";"2017";"1424";"0.75";"1898.67";"RÃ¸dvin";"Glass";"13.5";"14.064198"
"Vinmonopolet";"11538801";"HÃ©ritiers du Comte Lafon VirÃ©-ClessÃ© 2018";"HÃ©ritiers du Comte Lafon VirÃ©-ClessÃ©";"2018";"356";"0.75";"474.67";"White wine";"Glass";"13";"3.651282"
"Vinmonopolet";"11538901";"HÃ©ritiers du Comte Lafon Saint-VÃ©ran 2018";"HÃ©ritiers du Comte Lafon Saint-VÃ©ran";"2018";"369.9";"0.75";"493.2";"White wine";"Glass";"13";"3.7938461"
"Vinmonopolet";"11539005";"HÃ©ritiers du Comte Lafon MÃ¢con-Milly-Lamartine 2018";"HÃ©ritiers du Comte Lafon MÃ¢con-Milly-Lamartine";"2018";"596";"1.5";"397.33";"White wine";"Glass";"13";"3.0564103"
"Vinmonopolet";"11539105";"HÃ©ritiers du Comte Lafon Clos de la Crochette MÃ¢con-Chardonnay 2018";"HÃ©ritiers du Comte Lafon Clos de la Crochette MÃ¢con-Chardonnay";"2018";"656";"1.5";"437.33";"White wine";"Glass";"13";"3.3641026"
"Vinmonopolet";"11539205";"HÃ©ritiers du Comte Lafon VirÃ©-ClessÃ© 2018";"HÃ©ritiers du Comte Lafon VirÃ©-ClessÃ©";"2018";"738";"1.5";"492";"White wine";"Glass";"13";"3.7846153"
"Vinmonopolet";"11539301";"Guigal-CÃ´te RÃ´tie Brune et Blonde 2016";"Guigal-CÃ´te RÃ´tie Brune et Blonde";"2016";"549";"0.75";"732";"RÃ¸dvin";"Glass";"13.5";"5.422222"
"Vinmonopolet";"11539405";"Guigal CÃ´te-RÃ´tie Brune et Blonde 2016";"Guigal CÃ´te-RÃ´tie Brune et Blonde";"2016";"1126";"1.5";"750.67";"RÃ¸dvin";"Glass";"13.5";"5.560494"
"Vinmonopolet";"11539501";"Guigal Hermitage Rouge 2016";"Guigal Hermitage Rouge";"2016";"574.9";"0.75";"766.53";"RÃ¸dvin";"Glass";"14";"5.4752383"
"Vinmonopolet";"11540001";"Hubert Lamy Santenay 1er Cru Clos des GraviÃ¨res Blanc 2017";"Hubert Lamy Santenay 1er Cru Clos des GraviÃ¨res Blanc";"2017";"476";"0.75";"634.67";"White wine";"Glass";"13";"4.8820515"
"Vinmonopolet";"11540101";"Hubert Lamy Saint-Aubin 1er Cru Les Frionnes 2017";"Hubert Lamy Saint-Aubin 1er Cru Les Frionnes";"2017";"476";"0.75";"634.67";"White wine";"Glass";"13";"4.8820515"
"Vinmonopolet";"11540205";"Hubert Lamy Saint-Aubin 1er Cru Les Frionnes 2017";"Hubert Lamy Saint-Aubin 1er Cru Les Frionnes";"2017";"1106";"1.5";"737.33";"White wine";"Glass";"13";"5.671795"
"Vinmonopolet";"11540301";"Hubert Lamy Saint-Aubin 1er Cru En Remilly 2017";"Hubert Lamy Saint-Aubin 1er Cru En Remilly";"2017";"608";"0.75";"810.67";"White wine";"Glass";"13";"6.2358975"
"Vinmonopolet";"11540405";"Hubert Lamy Saint-Aubin 1er Cru En Remilly 2017";"Hubert Lamy Saint-Aubin 1er Cru En Remilly";"2017";"1330";"1.5";"886.67";"White wine";"Glass";"13";"6.820513"
"Vinmonopolet";"11540501";"Hubert Lamy Saint-Aubin 1er Cru Clos de la ChateniÃ¨re Vieilles Vignes 2017";"Hubert Lamy Saint-Aubin 1er Cru Clos de la ChateniÃ¨re Vieilles Vignes";"2017";"608";"0.75";"810.67";"White wine";"Glass";"13";"6.2358975"
"Vinmonopolet";"11540605";"Hubert Lamy Saint-Aubin 1er Cru Clos de la ChateniÃ¨re Vielles Vignes 2017";"Hubert Lamy Saint-Aubin 1er Cru Clos de la ChateniÃ¨re Vielles Vignes";"2017";"1330";"1.5";"886.67";"White wine";"Glass";"13";"6.820513"
"Vinmonopolet";"11540701";"Hubert Lamy Santenay Clos des HÃ¢tes 2017";"Hubert Lamy Santenay Clos des HÃ¢tes";"2017";"398";"0.75";"530.67";"RÃ¸dvin";"Glass";"13";"4.0820513"
"Vinmonopolet";"11540801";"Hubert Lamy Santenay 1er Cru Clos des GraviÃ¨res Rouge 2017";"Hubert Lamy Santenay 1er Cru Clos des GraviÃ¨res Rouge";"2017";"504";"0.75";"672";"RÃ¸dvin";"Glass";"13";"5.169231"
"Vinmonopolet";"11541901";"San Leonardo CarmenÃ¨re";"San Leonardo CarmenÃ¨re";"2015";"759.9";"0.75";"1013.2";"RÃ¸dvin";"Glass";"13";"7.7938466"
"Vinmonopolet";"11542001";"Isle of Arran Sherry Cask";"Isle of Arran Sherry Cask";"0";"979";"0.7";"1398.57";"Whisky";"Glass";"55.8";"2.5064006"
"Vinmonopolet";"11542105";"Moraza 4 Caminos 2016";"Moraza 4 Caminos";"2016";"559.9";"1.5";"373.27";"RÃ¸dvin";"Glass";"12.5";"2.9861336"
"Vinmonopolet";"11542201";"Moraza Los Terreros Blanco 2018";"Moraza Los Terreros Blanco";"2018";"269.9";"0.75";"359.87";"White wine";"Glass";"11.5";"3.1292753"
"Vinmonopolet";"11542301";"Hubert Lamy Chassagne-Montrachet 1er Cru Les ChaumÃ©es 2017";"Hubert Lamy Chassagne-Montrachet 1er Cru Les ChaumÃ©es";"2017";"896";"0.75";"1194.67";"White wine";"Glass";"13";"9.189744"
"Vinmonopolet";"11542401";"Hubert Lamy Bourgogne Les Chataigners Chardonnay 2017";"Hubert Lamy Bourgogne Les Chataigners Chardonnay";"2017";"339.9";"0.75";"453.2";"White wine";"Glass";"13";"3.4861538"
"Vinmonopolet";"11542501";"Ch. Haut-Beychevelle Gloria 2016";"Ch. Haut-Beychevelle Gloria";"2016";"372";"0.75";"496";"RÃ¸dvin";"Glass";"13.5";"3.6740742"
"Vinmonopolet";"11542601";"DurochÃ© Gevrey-Chambertin 2017";"DurochÃ© Gevrey-Chambertin";"2017";"518";"0.75";"690.67";"RÃ¸dvin";"Glass";"13";"5.3128204"
"Vinmonopolet";"11542701";"DurochÃ© Gevrey-Chambertin 1er Cru Lavaut Saint-Jacques 2017";"DurochÃ© Gevrey-Chambertin 1er Cru Lavaut Saint-Jacques";"2017";"1112";"0.75";"1482.67";"RÃ¸dvin";"Glass";"13";"11.4051285"
"Vinmonopolet";"11542801";"DurochÃ© Gevrey-Chambertin Champ 2017";"DurochÃ© Gevrey-Chambertin Champ";"2017";"546";"0.75";"728";"RÃ¸dvin";"Glass";"13";"5.6"
"Vinmonopolet";"11542905";"DurochÃ© Gevrey-Chambertin 1er Cru Lavaut Saint-Jacques 2017";"DurochÃ© Gevrey-Chambertin 1er Cru Lavaut Saint-Jacques";"2017";"2170.1";"1.5";"1446.73";"RÃ¸dvin";"Glass";"13";"11.128718"
"Vinmonopolet";"11543001";"Barba Montepulciano d'Abruzzo 2018";"Barba Montepulciano d'Abruzzo";"2018";"145";"0.75";"193.33";"RÃ¸dvin";"Glass";"12.5";"1.5466666"
"Vinmonopolet";"11543101";"Cigliuti Barbaresco Serraboella 2016";"Cigliuti Barbaresco Serraboella";"2016";"564.8";"0.75";"753.07";"RÃ¸dvin";"Glass";"15";"5.0204444"
"Vinmonopolet";"11543201";"Benanti Contrada Cavaliere Rosso 2017";"Benanti Contrada Cavaliere Rosso";"2017";"379.9";"0.75";"506.53";"RÃ¸dvin";"Glass";"14.5";"3.4933333"
"Vinmonopolet";"11543301";"Daniel Landi Las Uvas de la Ira 2018";"Daniel Landi Las Uvas de la Ira";"2018";"294.9";"0.75";"393.2";"RÃ¸dvin";"Glass";"14.5";"2.711724"
"Vinmonopolet";"11543405";"Ch. Lynch Bages";"Ch. Lynch Bages";"2016";"3075";"1.5";"2050";"RÃ¸dvin";"Glass";"13.5";"15.185185"
"Vinmonopolet";"11543501";"Billecart-Salmon Extra Brut 2008";"Billecart-Salmon Extra Brut";"2008";"716";"0.75";"954.67";"Champagne extra brut";"Glass";"12";"7.9555554"
"Vinmonopolet";"11543601";"Dom. Mano a Mano Manon";"Dom. Mano a Mano Manon";"2018";"149.9";"0.75";"199.87";"RÃ¸dvin";"Glass";"14";"1.427619"
"Vinmonopolet";"11543701";"Bod. Naia k-naia";"Bod. Naia k-naia";"2018";"159.9";"0.75";"213.2";"White wine";"Glass";"13";"1.64"
"Vinmonopolet";"11545202";"Austmann Pine shoot NEIPA";"Austmann Pine shoot NEIPA";"2019";"68.9";"0.44";"152.05";"India pale ale";"Emballasje med pant";"6.5";"2.409091"
"Vinmonopolet";"11545302";"Austmann Blood & Thunder Cranberry Sour";"Austmann Blood & Thunder Cranberry Sour";"2019";"69.9";"0.44";"154.32";"SurÃ¸l";"Emballasje med pant";"7.1";"2.2375162"
"Vinmonopolet";"11545402";"Austmann Lynchburg LattÃ¨";"Austmann Lynchburg LattÃ¨";"2019";"69.9";"0.33";"211.82";"Porter and stout";"Glass";"10.5";"2.0173159"
"Vinmonopolet";"11545501";"Ch. de Lescours L Saint-Emilion Grand Cru";"Ch. de Lescours L Saint-Emilion Grand Cru";"2000";"691";"0.75";"921.33";"RÃ¸dvin";"Glass";"13";"7.0871797"
"Vinmonopolet";"11545801";"Ch. Malijay La Part des Anges";"Ch. Malijay La Part des Anges";"2015";"199.9";"0.75";"266.53";"RÃ¸dvin";"Glass";"14.5";"1.8381609"
"Vinmonopolet";"11546001";"Ch. Malijay Opus de Malijay";"Ch. Malijay Opus de Malijay";"2015";"210.4";"0.75";"280.53";"RÃ¸dvin";"Glass";"15";"1.8702222"
"Vinmonopolet";"11546102";"PÃ¼haste Trinity in Black Imperial Stout";"PÃ¼haste Trinity in Black Imperial Stout";"0";"84.9";"0.33";"257.27";"Porter and stout";"Glass";"12.5";"2.0581818"
"Vinmonopolet";"11546201";"Aerolite Lyndsay Islay Single Malt 10 YO";"Aerolite Lyndsay Islay Single Malt 10 YO";"0";"649.9";"0.7";"928.43";"Whisky";"Glass";"46";"2.0183232"
"Vinmonopolet";"11546701";"Darkness 8 YO Single Malt";"Darkness 8 YO Single Malt";"0";"726.9";"0.7";"1038.43";"Whisky";"Glass";"47.8";"2.1724448"
"Vinmonopolet";"11546802";"Stigbergets Amazing Haze IPA";"Stigbergets Amazing Haze IPA";"0";"69.9";"0.33";"205.76";"India pale ale";"Emballasje med pant";"6.5";"3.2587411"
"Vinmonopolet";"11546902";"Stigbergets Stiggy Fingers IPA";"Stigbergets Stiggy Fingers IPA";"0";"84.9";"0.44";"192.96";"India pale ale";"Metall";"7";"2.7564936"
"Vinmonopolet";"11547002";"Stigbergets West Coast IPA";"Stigbergets West Coast IPA";"0";"69.9";"0.33";"205.76";"India pale ale";"Emballasje med pant";"6.5";"3.2587411"
"Vinmonopolet";"11547102";"Gallet Le Roc des Anges Macabeu PasserillÃ© 2017";"Gallet Le Roc des Anges Macabeu PasserillÃ©";"2017";"349";"0.5";"698";"White wine";"Glass";"14.5";"4.813793"
"Vinmonopolet";"11547201";"Gallet Rivesaltes AmbrÃ© 1986";"Gallet Rivesaltes AmbrÃ©";"1986";"689";"0.75";"918.67";"Fortified wine";"Glass";"18";"5.1037035"
"Vinmonopolet";"11547301";"Quinta do Noval Douro Reserva 2016";"Quinta do Noval Douro Reserva";"2016";"499.9";"0.75";"666.53";"RÃ¸dvin";"Glass";"13.5";"4.937284"
"Vinmonopolet";"11547401";"Hoppenot Fleurie Clos de l'Amandier 2018";"Hoppenot Fleurie Clos de l'Amandier";"2018";"249";"0.75";"332";"RÃ¸dvin";"Glass";"12.5";"2.656"
"Vinmonopolet";"11547501";"Hoppenot Morgon Corcelette 2018";"Hoppenot Morgon Corcelette";"2018";"249";"0.75";"332";"RÃ¸dvin";"Glass";"12.5";"2.656"
"Vinmonopolet";"11547601";"Heinrich Weizse Freyheit 2017";"Heinrich Weizse Freyheit";"2017";"319";"0.75";"425.33";"White wine";"Glass";"12.5";"3.4026666"
"Vinmonopolet";"11548001";"The Glenlivet 18 YO";"The Glenlivet 18 YO";"0";"819";"0.7";"1170";"Whisky";"Glass";"40";"2.925"
"Vinmonopolet";"11548101";"Quojane di Serramarrocco";"Quojane di Serramarrocco";"2018";"249";"0.75";"332";"White wine";"Glass";"13";"2.5538461"
"Vinmonopolet";"11548201";"Baglio di Serramarrocco";"Baglio di Serramarrocco";"2018";"239";"0.75";"318.67";"RÃ¸dvin";"Glass";"13";"2.451282"
"Vinmonopolet";"11548301";"Barone di Serramarrocco Sammarcello";"Barone di Serramarrocco Sammarcello";"2016";"269";"0.75";"358.67";"RÃ¸dvin";"Glass";"13.5";"2.65679"
"Vinmonopolet";"11551101";"New Grove Spiced";"New Grove Spiced";"0";"513.2";"0.7";"733.14";"Other spirit";"Glass";"37.5";"1.9550477"
"Vinmonopolet";"11551201";"New Grove Cafe Liqueur";"New Grove Cafe Liqueur";"0";"453.3";"0.7";"647.57";"LikÃ¸r";"Glass";"26";"2.4906592"
"Vinmonopolet";"11551301";"New Grove Honey Rum Liqueur";"New Grove Honey Rum Liqueur";"0";"453.3";"0.7";"647.57";"LikÃ¸r";"Glass";"26";"2.4906592"
"Vinmonopolet";"11551401";"New Grove Double Cask Moscatel";"New Grove Double Cask Moscatel";"0";"984.6";"0.7";"1406.57";"Rum";"Glass";"47";"2.992705"
"Vinmonopolet";"11551501";"New Grove Oak Rum";"New Grove Oak Rum";"0";"513.2";"0.7";"733.14";"Rum";"Glass";"37.5";"1.9550477"
"Vinmonopolet";"11551601";"New Grove Vanilla Rum Liqueur";"New Grove Vanilla Rum Liqueur";"0";"453.3";"0.7";"647.57";"LikÃ¸r";"Glass";"26";"2.4906592"
"Vinmonopolet";"11551701";"Stephane Aviron Fleurie Vieilles Vignes 2018";"Stephane Aviron Fleurie Vieilles Vignes";"2018";"199.9";"0.75";"266.53";"RÃ¸dvin";"Glass";"13";"2.0502563"
"Vinmonopolet";"11551801";"Ch. Petit Faurie de Soutard Saint-Emilion Grand Cru 2008";"Ch. Petit Faurie de Soutard Saint-Emilion Grand Cru";"2008";"249.9";"0.75";"333.2";"RÃ¸dvin";"Glass";"14";"2.3799999"
"Vinmonopolet";"11552305";"Bouchard Bourgogne Hautes CÃ´tes de Beaune 2018";"Bouchard Bourgogne Hautes CÃ´tes de Beaune";"2018";"389.9";"1.5";"259.93";"RÃ¸dvin";"Glass";"12.5";"2.0794666"
"Vinmonopolet";"11552501";"Marguet Cramant Grand Cru 2014";"Marguet Cramant Grand Cru";"2014";"899.9";"0.75";"1199.87";"Champagne extra brut";"Glass";"12.5";"9.598933"
"Vinmonopolet";"11552601";"Marguet Ay Grand Cru 2014";"Marguet Ay Grand Cru";"2014";"999.9";"0.75";"1333.2";"Champagne extra brut";"Glass";"12.5";"10.6656"
"Vinmonopolet";"11552701";"Marguet Shaman 15 Grand Cru";"Marguet Shaman 15 Grand Cru";"2015";"549.9";"0.75";"733.2";"Champagne extra brut";"Glass";"12.5";"5.8656"
"Vinmonopolet";"11552801";"Marguet Les CrayÃ¨res Grand Cru 2014";"Marguet Les CrayÃ¨res Grand Cru";"2014";"999.9";"0.75";"1333.2";"Champagne extra brut";"Glass";"12.5";"10.6656"
"Vinmonopolet";"11555401";"Benanti Contrada Monte Serra Rosso 2017";"Benanti Contrada Monte Serra Rosso";"2017";"379.9";"0.75";"506.53";"RÃ¸dvin";"Glass";"14.5";"3.4933333"
"Vinmonopolet";"11555801";"Spy Valley Sustainably Crafted Sauvignon Blanc 2019";"Spy Valley Sustainably Crafted Sauvignon Blanc";"2019";"143.3";"0.75";"191.07";"White wine";"Glass";"13";"1.4697436"
"Vinmonopolet";"11556001";"Wild Angel Riesling 2019";"Wild Angel Riesling";"2019";"149.9";"0.75";"199.87";"White wine";"Glass";"12.5";"1.5989332"
"Vinmonopolet";"11556101";"L'Esprit de Chevalier Blanc 2017";"L'Esprit de Chevalier Blanc";"2017";"321.2";"0.75";"428.27";"White wine";"Glass";"13.5";"3.1723459"
"Vinmonopolet";"11556105";"L'Esprit de Chevalier Blanc 2017";"L'Esprit de Chevalier Blanc";"2017";"635";"1.5";"423.33";"White wine";"Glass";"13.5";"3.1358025"
"Vinmonopolet";"11556201";"L'Esprit de Chevalier Rouge 2017";"L'Esprit de Chevalier Rouge";"2017";"321.2";"0.75";"428.27";"RÃ¸dvin";"Glass";"13.5";"3.1723459"
"Vinmonopolet";"11556205";"L'Esprit de Chevalier Rouge 2017";"L'Esprit de Chevalier Rouge";"2017";"635";"1.5";"423.33";"RÃ¸dvin";"Glass";"13.5";"3.1358025"
"Vinmonopolet";"11556301";"Ch. Pape-ClÃ©ment 2015";"Ch. Pape-ClÃ©ment";"2015";"941.3";"0.75";"1255.07";"RÃ¸dvin";"Glass";"14.5";"8.655632"
"Vinmonopolet";"11556401";"2Naturkinder Vater & Sohn Silvaner";"2Naturkinder Vater & Sohn Silvaner";"0";"199.5";"0.75";"266";"White wine";"Glass";"11";"2.418182"
"Vinmonopolet";"11556501";"2Naturkinder Vater & Sohn MÃ¼ller-Thurgau";"2Naturkinder Vater & Sohn MÃ¼ller-Thurgau";"0";"199.5";"0.75";"266";"White wine";"Glass";"9.5";"2.8"
"Vinmonopolet";"11556601";"Garnier Calvados 12 ans";"Garnier Calvados 12 ans";"0";"559";"0.7";"798.57";"Fruit spirit";"Glass";"40";"1.9964286"
"Vinmonopolet";"11556706";"The Zin Zinfandel";"The Zin Zinfandel";"0";"499.9";"3";"166.63";"RÃ¸dvin";"Bag-in-box";"13.5";"1.234321"
"Vinmonopolet";"11556802";"PÃµhjala Honey Laku Cellar Series";"PÃµhjala Honey Laku Cellar Series";"0";"99.9";"0.33";"302.73";"Porter and stout";"Glass";"10.5";"2.8831167"
"Vinmonopolet";"11557002";"PÃµhjala Winter BÃ¤nger Imperial Stout";"PÃµhjala Winter BÃ¤nger Imperial Stout";"0";"69";"0.33";"209.09";"Porter and stout";"Glass";"12.5";"1.6727272"
"Vinmonopolet";"11557102";"Lindheim Cider Bourbon";"Lindheim Cider Bourbon";"0";"120";"0.38";"320";"Cider";"Glass";"7";"4.511278"
"Vinmonopolet";"11557201";"Ch. de la Cour Saint-Emilion";"Ch. de la Cour Saint-Emilion";"2017";"239.9";"0.75";"319.87";"RÃ¸dvin";"Glass";"13";"2.4605129"
"Vinmonopolet";"11557301";"Crudo Rosato";"Crudo Rosato";"2018";"159.9";"0.75";"213.2";"RosÃ©vin";"Glass";"12";"1.7766666"
"Vinmonopolet";"11557401";"Le Blanche de Christian Drouin";"Le Blanche de Christian Drouin";"0";"499.9";"0.7";"714.14";"Fruit spirit";"Glass";"40";"1.7853571"
"Vinmonopolet";"11557501";"High Commissioner Blended Scotch Whisky";"High Commissioner Blended Scotch Whisky";"0";"384.9";"0.7";"549.86";"Whisky";"Glass";"40";"1.3746428"
"Vinmonopolet";"11557601";"Loch Lomond Inchmurrin 12 YO Single Malt";"Loch Lomond Inchmurrin 12 YO Single Malt";"0";"709.9";"0.7";"1014.14";"Whisky";"Glass";"46";"2.2046585"
"Vinmonopolet";"11557701";"Loch Lomond Inchmoan 12 YO Single Malt";"Loch Lomond Inchmoan 12 YO Single Malt";"0";"709.9";"0.7";"1014.14";"Whisky";"Glass";"46";"2.2046585"
"Vinmonopolet";"11557801";"Glen Scotia 25 YO Single Malt";"Glen Scotia 25 YO Single Malt";"0";"3300";"0.7";"4714.29";"Whisky";"Glass";"48.8";"9.660422"
"Vinmonopolet";"11557901";"Loch Lomond 12 YO Single Malt";"Loch Lomond 12 YO Single Malt";"0";"669.9";"0.7";"957";"Whisky";"Glass";"46";"2.0804348"
"Vinmonopolet";"11558001";"Loch Lomond 18 YO Single Malt";"Loch Lomond 18 YO Single Malt";"0";"999.9";"0.7";"1428.43";"Whisky";"Glass";"46";"3.1052797"
"Vinmonopolet";"11558101";"Kentucky Owl Confiscated Straight Bourbon Whiskey";"Kentucky Owl Confiscated Straight Bourbon Whiskey";"0";"1399.9";"0.7";"1999.86";"Whisky";"Glass";"48.2";"4.149081"
"Vinmonopolet";"11558201";"Barone di Serramarrocco Pignatello";"Barone di Serramarrocco Pignatello";"2014";"369";"0.75";"492";"RÃ¸dvin";"Glass";"13.5";"3.6444445"
"Vinmonopolet";"11558301";"Nero di Serramarrocco";"Nero di Serramarrocco";"2014";"309";"0.75";"412";"RÃ¸dvin";"Glass";"13.5";"3.0518517"
"Vinmonopolet";"11558401";"Serramarrocco Rosso";"Serramarrocco Rosso";"2014";"369";"0.75";"492";"RÃ¸dvin";"Glass";"13.5";"3.6444445"
"Vinmonopolet";"11558501";"Barone di Serramarrocco Grillo";"Barone di Serramarrocco Grillo";"2018";"199";"0.75";"265.33";"White wine";"Glass";"12.5";"2.1226666"
"Vinmonopolet";"11558601";"Barone di Serramarrocco Nero d'Avola";"Barone di Serramarrocco Nero d'Avola";"2018";"199";"0.75";"265.33";"RÃ¸dvin";"Glass";"12.5";"2.1226666"
"Vinmonopolet";"11558701";"Barone di Serramarrocco Chardonnay";"Barone di Serramarrocco Chardonnay";"2018";"199";"0.75";"265.33";"White wine";"Glass";"12.5";"2.1226666"
"Vinmonopolet";"11558901";"La Sorga Kukuyodel";"La Sorga Kukuyodel";"0";"363.9";"0.75";"485.2";"White wine";"Glass";"10";"4.8519998"
"Vinmonopolet";"11559201";"La Sorga Sorgasme";"La Sorga Sorgasme";"0";"354.9";"0.75";"473.2";"White wine";"Glass";"11";"4.301818"
"Vinmonopolet";"11559301";"La Sorga Carimou";"La Sorga Carimou";"0";"319.9";"0.75";"426.53";"RÃ¸dvin";"Glass";"14";"3.0466666"
"Vinmonopolet";"11560001";"RockBare The Clare Valley Riesling 2019";"RockBare The Clare Valley Riesling";"2019";"215.9";"0.75";"287.87";"White wine";"Glass";"12";"2.3988888"
"Vinmonopolet";"11560201";"Silvio Carta Vermouth Rosso di Sardegna";"Silvio Carta Vermouth Rosso di Sardegna";"0";"325";"0.75";"433.33";"Vermouth";"Glass";"18";"2.4074075"
"Vinmonopolet";"11560301";"Silvio Carta Vermouth Bianco Servito";"Silvio Carta Vermouth Bianco Servito";"0";"299.9";"0.75";"399.87";"Vermouth";"Glass";"16";"2.4991667"
"Vinmonopolet";"11560401";"Stift Klosterneuburg Zweigelt";"Stift Klosterneuburg Zweigelt";"2018";"149.9";"0.75";"199.87";"RÃ¸dvin";"Glass";"13";"1.5374359"
"Vinmonopolet";"11560501";"Stift Klosterneuburg BlaufrÃ¤nkisch";"Stift Klosterneuburg BlaufrÃ¤nkisch";"2018";"149.9";"0.75";"199.87";"RÃ¸dvin";"Glass";"13";"1.5374359"
"Vinmonopolet";"11560601";"Ciao Amabile Bianco";"Ciao Amabile Bianco";"0";"119.6";"1";"119.6";"White wine";"Ãvrig";"10";"1.196"
"Vinmonopolet";"11560701";"Ciao Amabile Rosso";"Ciao Amabile Rosso";"0";"119.6";"1";"119.6";"RÃ¸dvin";"Ãvrig";"10";"1.196"
"Vinmonopolet";"11560801";"Ciao Pinot Grigio";"Ciao Pinot Grigio";"0";"148.7";"1";"148.7";"White wine";"Ãvrig";"12";"1.2391666"
"Vinmonopolet";"11560901";"Cooper's Choice Ardmore 2003 14 YO Port Finish Cask No. 2379";"Cooper's Choice Ardmore  14 YO Port Finish Cask No.";"0";"1299";"0.7";"1855.71";"Whisky";"Glass";"50";"3.7114286"
"Vinmonopolet";"11561001";"Cooper's Choice Girvan 1992 26 YO Cask No. 133087";"Cooper's Choice Girvan  26 YO Cask No. 87";"0";"1815";"0.7";"2592.86";"Whisky";"Glass";"57";"4.5488725"
"Vinmonopolet";"11561101";"Cooper's Choice Glenrothes 2010 9 YO Port Finish Cask No. 6039";"Cooper's Choice Glenrothes  9 YO Port Finish Cask No.";"0";"1160";"0.7";"1657.14";"Whisky";"Glass";"58.5";"2.832723"
"Vinmonopolet";"11561201";"Cooper's Choice Old Rhosdhu 1994 25 YO Cask No. 220";"Cooper's Choice Old Rhosdhu  25 YO Cask No. 220";"0";"2420";"0.7";"3457.14";"Whisky";"Glass";"48.5";"7.12813"
"Vinmonopolet";"11561301";"Cooper's Choice Caol Ila 2008 11 YO Cask No. 9200";"Cooper's Choice Caol Ila  11 YO Cask No.";"0";"1275";"0.7";"1821.43";"Whisky";"Glass";"52.5";"3.4693878"
"Vinmonopolet";"11561501";"Cooper's Choice Auchroisk Speyside Dessert Moscatel Finish Cask No. 9319";"Cooper's Choice Auchroisk Speyside Dessert Moscatel Finish Cask No.";"0";"1075";"0.7";"1535.71";"Whisky";"Glass";"58.5";"2.6251526"
"Vinmonopolet";"11561601";"Cooper's Choice Laggan Mill Secret Islay Single Malt Cask No. 98";"Cooper's Choice Laggan Mill Secret Islay Single Malt Cask No. 98";"0";"999";"0.7";"1427.14";"Whisky";"Glass";"57";"2.5037594"
"Vinmonopolet";"11561701";"Cooper's Choice Linkwood 2010 9 YO Tawny Port Finish Cask No. 739";"Cooper's Choice Linkwood  9 YO Tawny Port Finish Cask No. 739";"0";"1229.9";"0.7";"1757";"Whisky";"Glass";"56";"3.1375"
"Vinmonopolet";"11561801";"Cooper's Choice Port Dundas 1999 20 YO Moscatel Finish Cask No.5249";"Cooper's Choice Port Dundas  20 YO Moscatel Finish Cask No.";"0";"1350";"0.7";"1928.57";"Whisky";"Glass";"53";"3.638814"
"Vinmonopolet";"11562001";"Cooper's Choice Craigellachie Forest Fruits Ruby Port Finish Cask No. 639";"Cooper's Choice Craigellachie Forest Fruits Ruby Port Finish Cask No. 639";"0";"1035";"0.7";"1478.57";"Whisky";"Glass";"55";"2.6883118"
"Vinmonopolet";"11562101";"Cooper's Choice Caol Ila 2009 10 YO Muscat Finish Cask No. 1839";"Cooper's Choice Caol Ila  10 YO Muscat Finish Cask No.";"0";"1275";"0.7";"1821.43";"Whisky";"Glass";"52";"3.5027473"
"Vinmonopolet";"11562201";"Cooper's Choice Dufftown 2008 10 YO Sherry Finish Cask No. 9080";"Cooper's Choice Dufftown  10 YO Sherry Finish Cask No.";"0";"1199";"0.7";"1712.86";"Whisky";"Glass";"56";"3.0586736"
"Vinmonopolet";"11562301";"Ch. Fleur de Gay 1998";"Ch. Fleur de Gay";"1998";"1689";"0.75";"2252";"RÃ¸dvin";"Glass";"13";"17.323076"
"Vinmonopolet";"11562501";"Wild Turkey 101 Kentucky Straight Bourbon";"Wild Turkey 101 Kentucky Straight Bourbon";"0";"496.6";"0.7";"709.43";"Whisky";"Glass";"50.5";"1.4048091"
"Vinmonopolet";"11562601";"AD Rattray Cask Collection Auchroisk 2008 11 YO Cask No. 12";"AD Rattray Cask Collection Auchroisk  11 YO Cask No. 12";"0";"1055";"0.7";"1507.14";"Whisky";"Glass";"57.4";"2.6256845"
"Vinmonopolet";"11563501";"Adelphi Limited Bowmore 1994 25 YO Cask No. 554";"Adelphi Limited Bowmore  25 YO Cask No. 554";"0";"2995";"0.7";"4278.57";"Whisky";"Glass";"54.2";"7.8940434"
"Vinmonopolet";"11563601";"Ardnamurchan Spirit 2019 AD";"Ardnamurchan Spirit  AD";"0";"955";"0.7";"1364.29";"Other spirit";"Glass";"57.4";"2.3768044"
"Vinmonopolet";"11563701";"Adelphi Selection Teaninich 2007 12 YO Cask No. 303666";"Adelphi Selection Teaninich  12 YO Cask No. 66";"0";"1299";"0.7";"1855.71";"Whisky";"Glass";"52.9";"3.5079665"
"Vinmonopolet";"11563801";"Adelphi Selection Glen Elgin 2006 13 YO Cask No. 802276";"Adelphi Selection Glen Elgin  13 YO Cask No. 76";"0";"1375";"0.7";"1964.29";"Whisky";"Glass";"54.6";"3.597593"
"Vinmonopolet";"11563901";"Adelphi's Breath of the Isles 2007 12 YO Batch 3";"Adelphi's Breath of the Isles  12 YO Batch 3";"0";"1399";"0.7";"1998.57";"Whisky";"Glass";"58.7";"3.4047213"
"Vinmonopolet";"11564101";"Adelphi's Glenborrodale 9 YO Batch No. 7";"Adelphi's Glenborrodale 9 YO Batch No. 7";"0";"975";"0.7";"1392.86";"Whisky";"Glass";"46";"3.0279503"
"Vinmonopolet";"11564301";"Ch. Dalem 1964";"Ch. Dalem";"1964";"1999.5";"0.75";"2666";"RÃ¸dvin";"Glass";"12.5";"21.328"
"Vinmonopolet";"11564401";"Ch. Dalem 1967";"Ch. Dalem";"1967";"1649.5";"0.75";"2199.33";"RÃ¸dvin";"Glass";"12";"18.327778"
"Vinmonopolet";"11564501";"Ch. Dalem 1981";"Ch. Dalem";"1981";"1516.5";"0.75";"2022";"RÃ¸dvin";"Glass";"12.5";"16.176"
"Vinmonopolet";"11564605";"Ch. Dalem 1985";"Ch. Dalem";"1985";"2139.5";"1.5";"1426.33";"RÃ¸dvin";"Glass";"13";"10.971795"
"Vinmonopolet";"11564705";"Ch. Dalem 1989";"Ch. Dalem";"1989";"2379.5";"1.5";"1586.33";"RÃ¸dvin";"Glass";"13.5";"11.750617"
"Vinmonopolet";"11564905";"Ch. Dalem 1991";"Ch. Dalem";"1991";"1889";"1.5";"1259.33";"RÃ¸dvin";"Glass";"12.5";"10.074667"
"Vinmonopolet";"11565005";"Ch. Dalem 1993";"Ch. Dalem";"1993";"1499";"1.5";"999.33";"RÃ¸dvin";"Glass";"12.5";"7.9946666"
"Vinmonopolet";"11565105";"Ch. Dalem 1994";"Ch. Dalem";"1994";"1249.1";"1.5";"832.73";"RÃ¸dvin";"Glass";"12.5";"6.6618667"
"Vinmonopolet";"11565205";"Ch. Dalem 1996";"Ch. Dalem";"1996";"1499";"1.5";"999.33";"RÃ¸dvin";"Glass";"13";"7.6871796"
"Vinmonopolet";"11565301";"Ch. Dalem 1997";"Ch. Dalem";"1997";"629";"0.75";"838.67";"RÃ¸dvin";"Glass";"13";"6.451282"
"Vinmonopolet";"11565405";"Ch. Dalem 1997";"Ch. Dalem";"1997";"1289";"1.5";"859.33";"RÃ¸dvin";"Glass";"13";"6.610256"
"Vinmonopolet";"11565505";"Ch. Dalem 1999";"Ch. Dalem";"1999";"1099";"1.5";"732.67";"RÃ¸dvin";"Glass";"13";"5.6358976"
"Vinmonopolet";"11565605";"Ch. Dalem 2002";"Ch. Dalem";"2002";"1049.9";"1.5";"699.93";"RÃ¸dvin";"Glass";"13.5";"5.1846914"
"Vinmonopolet";"11565701";"Jordi Llorens Blan d'angera";"Jordi Llorens Blan d'angera";"2018";"289.8";"0.75";"386.4";"White wine";"Glass";"12.5";"3.0911999"
"Vinmonopolet";"11565801";"Jordi Llorens Blankaforti";"Jordi Llorens Blankaforti";"2018";"279.7";"0.75";"372.93";"RÃ¸dvin";"Glass";"13";"2.8687181"
"Vinmonopolet";"11565901";"Jordi Llorens Parellada";"Jordi Llorens Parellada";"2018";"279.8";"0.75";"373.07";"White wine";"Glass";"10";"3.7306664"
"Vinmonopolet";"11566005";"Jordi Llorens Constelacio del triangle";"Jordi Llorens Constelacio del triangle";"0";"739.8";"1.5";"493.2";"White wine";"Glass";"12";"4.11"
"Vinmonopolet";"11566201";"Anders Frederik Steen Dansons jusqu'aux RÃªves";"Anders Frederik Steen Dansons jusqu'aux RÃªves";"0";"1362.8";"0.75";"1817.07";"White wine";"Glass";"14.5";"12.531495"
"Vinmonopolet";"11566401";"Anders Frederik Steen La cligne de l'Ã¦il";"Anders Frederik Steen La cligne de l'Ã¦il";"0";"1362.8";"0.75";"1817.07";"White wine";"Glass";"14.5";"12.531495"
"Vinmonopolet";"11566501";"Anders Frederik Steen Quand j'Ã©tais Petit, je n'Ã©tais pas Grand";"Anders Frederik Steen Quand j'Ã©tais Petit, je n'Ã©tais pas Grand";"0";"444.9";"0.75";"593.2";"White wine";"Glass";"14.5";"4.0910344"
"Vinmonopolet";"11566601";"Anders Frederik Steen When a piece of pink rice paper hits the glow of a cigaret";"Anders Frederik Steen When a piece of pink rice paper hits the glow of a cigaret";"0";"449.8";"0.75";"599.73";"RÃ¸dvin";"Glass";"13.5";"4.442469"
"Vinmonopolet";"11566701";"Anders Frederik Steen Come walk with me and wonder a little";"Anders Frederik Steen Come walk with me and wonder a little";"0";"356.5";"0.75";"475.33";"White wine";"Glass";"12.5";"3.8026667"
"Vinmonopolet";"11566805";"Anders Frederik Steen Come walk with me and wonder a little";"Anders Frederik Steen Come walk with me and wonder a little";"0";"691.8";"1.5";"461.2";"White wine";"Glass";"12.5";"3.6896"
"Vinmonopolet";"11566901";"Anders Frederik Steen We can do what I can't";"Anders Frederik Steen We can do what I can't";"0";"315.9";"0.75";"421.2";"RÃ¸dvin";"Glass";"12.5";"3.3695998"
"Vinmonopolet";"11568001";"Mark Angeli La Lune";"Mark Angeli La Lune";"2018";"399.8";"0.75";"533.07";"White wine";"Glass";"13.5";"3.9486418"
"Vinmonopolet";"11568101";"Mark Angeli La Lune Amphore";"Mark Angeli La Lune Amphore";"2018";"399.8";"0.75";"533.07";"White wine";"Glass";"13.5";"3.9486418"
"Vinmonopolet";"11568205";"Mark Angeli La Lune";"Mark Angeli La Lune";"0";"862.3";"1.5";"574.87";"White wine";"Glass";"13.5";"4.2582717"
"Vinmonopolet";"11568301";"Mark Angeli Les Fouchardes";"Mark Angeli Les Fouchardes";"2017";"538.8";"0.75";"718.4";"White wine";"Glass";"13.5";"5.321481"
"Vinmonopolet";"11568401";"Mark Angeli Les Vieilles Vignes des Blanderies";"Mark Angeli Les Vieilles Vignes des Blanderies";"2017";"649.9";"0.75";"866.53";"White wine";"Glass";"14.5";"5.9760923"
"Vinmonopolet";"11568501";"Mark Angeli Les Gelinettes";"Mark Angeli Les Gelinettes";"2018";"397.4";"0.75";"529.87";"RÃ¸dvin";"Glass";"13";"4.075897"
"Vinmonopolet";"11568601";"Ch. de Santenay Mercurey 1er Cru Les Puillets 2016";"Ch. de Santenay Mercurey 1er Cru Les Puillets";"2016";"369.9";"0.75";"493.2";"RÃ¸dvin";"Glass";"13";"3.7938461"
"Vinmonopolet";"11568701";"Olga Raffault Chinon Les Picasses 2014";"Olga Raffault Chinon Les Picasses";"2014";"334";"0.75";"445.33";"RÃ¸dvin";"Glass";"12.5";"3.5626667"
"Vinmonopolet";"11568801";"Olga Raffault Chinon 2017";"Olga Raffault Chinon";"2017";"264";"0.75";"352";"RÃ¸dvin";"Glass";"12.5";"2.816"
"Vinmonopolet";"11568901";"Olga Raffault Chinon Les Picasses 2008";"Olga Raffault Chinon Les Picasses";"2008";"459";"0.75";"612";"RÃ¸dvin";"Glass";"12.5";"4.896"
"Vinmonopolet";"11569001";"Heinz Eifel QD";"Heinz Eifel QD";"2018";"157.6";"0.75";"210.13";"White wine";"Glass";"12";"1.7511111"
"Vinmonopolet";"11569801";"Macarico Macari Aglianico del Vulture 2017";"Macarico Macari Aglianico del Vulture";"2017";"216.2";"0.75";"288.27";"RÃ¸dvin";"Glass";"14";"2.0590477"
"Vinmonopolet";"11569901";"Castillo de Gredos";"Castillo de Gredos";"0";"129.9";"1";"129.9";"RÃ¸dvin";"Ãvrig";"13";"0.99923074"
"Vinmonopolet";"11570001";"Castillo de Gredos White Wine";"Castillo de Gredos White Wine";"0";"129.9";"1";"129.9";"White wine";"Ãvrig";"12";"1.0825"
"Vinmonopolet";"11570102";"Eik & Tid Brom";"Eik & Tid Brom";"0";"71.9";"0.33";"217.88";"SurÃ¸l";"Glass";"5";"4.357576"
"Vinmonopolet";"11570202";"Eik & Tid Mosaikk";"Eik & Tid Mosaikk";"0";"69";"0.33";"209.09";"SurÃ¸l";"Glass";"5";"4.181818"
"Vinmonopolet";"11570302";"Eik & Tid Eldr";"Eik & Tid Eldr";"0";"72.9";"0.33";"220.91";"SurÃ¸l";"Glass";"6.6";"3.3471074"
"Vinmonopolet";"11570402";"Eik & Tid Krypto";"Eik & Tid Krypto";"0";"72.9";"0.33";"220.91";"SurÃ¸l";"Glass";"6";"3.681818"
"Vinmonopolet";"11570501";"Le Dauphin d'Olivier Blanc 2017";"Le Dauphin d'Olivier Blanc";"2017";"240.3";"0.75";"320.4";"White wine";"Glass";"13";"2.4646153"
"Vinmonopolet";"11570601";"Gagnard-Delagrange Chassagne-Montrachet 1er Cru Boudriotte";"Gagnard-Delagrange Chassagne-Montrachet 1er Cru Boudriotte";"2016";"639.8";"0.75";"853.07";"White wine";"Glass";"13";"6.5620513"
"Vinmonopolet";"11570701";"Gagnard-Delagrange 1er Cru La Morgeot";"Gagnard-Delagrange 1er Cru La Morgeot";"2016";"639.8";"0.75";"853.07";"White wine";"Glass";"13";"6.5620513"
"Vinmonopolet";"11570805";"Roberto Voerzio Barolo Torriglione";"Roberto Voerzio Barolo Torriglione";"2013";"4490";"1.5";"2993.33";"RÃ¸dvin";"Glass";"15";"19.955555"
"Vinmonopolet";"11570901";"Roberto Voerzio Barolo Fossati";"Roberto Voerzio Barolo Fossati";"2015";"2990";"0.75";"3986.67";"RÃ¸dvin";"Glass";"14.5";"27.494253"
"Vinmonopolet";"11571001";"Roberto Voerzio Barolo Cerequio";"Roberto Voerzio Barolo Cerequio";"2012";"2490";"0.75";"3320";"RÃ¸dvin";"Glass";"14.5";"22.896551"
"Vinmonopolet";"11571105";"Roberto Voerzio Barbera d'Alba Pozzo dell' Annunziata";"Roberto Voerzio Barbera d'Alba Pozzo dell' Annunziata";"2015";"3490";"1.5";"2326.67";"RÃ¸dvin";"Glass";"15.5";"15.010753"
"Vinmonopolet";"11571201";"Roberto Voerzio Barolo Brunate";"Roberto Voerzio Barolo Brunate";"2015";"2990";"0.75";"3986.67";"RÃ¸dvin";"Glass";"14.5";"27.494253"
"Vinmonopolet";"11571301";"Roberto Voerzio Barolo Fossati Case Nere Riserva 10 anni";"Roberto Voerzio Barolo Fossati Case Nere Riserva 10 anni";"2008";"2590";"0.75";"3453.33";"RÃ¸dvin";"Glass";"15";"23.022223"
"Vinmonopolet";"11571401";"Roberto Voerzio Barolo Rocche dell' Annunziata";"Roberto Voerzio Barolo Rocche dell' Annunziata";"2015";"2990";"0.75";"3986.67";"RÃ¸dvin";"Glass";"14.5";"27.494253"
"Vinmonopolet";"11571501";"Roberto Voerzio Barolo La Serra";"Roberto Voerzio Barolo La Serra";"2015";"2990";"0.75";"3986.67";"RÃ¸dvin";"Glass";"14.5";"27.494253"
"Vinmonopolet";"11571601";"Roberto Voerzio Barbera d'Alba Il Cerreto";"Roberto Voerzio Barbera d'Alba Il Cerreto";"2017";"379";"0.75";"505.33";"RÃ¸dvin";"Glass";"14.5";"3.4850574"
"Vinmonopolet";"11571701";"Roberto Voerzio Dolcetto d'Alba Priavino";"Roberto Voerzio Dolcetto d'Alba Priavino";"2018";"289";"0.75";"385.33";"RÃ¸dvin";"Glass";"13";"2.9641025"
"Vinmonopolet";"11571801";"Arnoux-Lachaux Vosne-RomanÃ©e Les Hautes MaiziÃ¨res 2017";"Arnoux-Lachaux Vosne-RomanÃ©e Les Hautes MaiziÃ¨res";"2017";"879";"0.75";"1172";"RÃ¸dvin";"Glass";"12.5";"9.376"
"Vinmonopolet";"11571901";"Arnoux-Lachaux Vosne-RomanÃ©e 2017";"Arnoux-Lachaux Vosne-RomanÃ©e";"2017";"819";"0.75";"1092";"RÃ¸dvin";"Glass";"12.5";"8.736"
"Vinmonopolet";"11572001";"Arnoux-Lachaux Bourgogne Pinot Fin 2017";"Arnoux-Lachaux Bourgogne Pinot Fin";"2017";"449";"0.75";"598.67";"RÃ¸dvin";"Glass";"12.5";"4.7893333"
"Vinmonopolet";"11572101";"Arnoux-Lachaux Chambolle-Musigny 2017";"Arnoux-Lachaux Chambolle-Musigny";"2017";"819";"0.75";"1092";"RÃ¸dvin";"Glass";"12.5";"8.736"
"Vinmonopolet";"11572201";"Arnoux-Lachaux Vosne-RomanÃ©e Premier Cru Les Suchots 2017";"Arnoux-Lachaux Vosne-RomanÃ©e Premier Cru Les Suchots";"2017";"2074";"0.75";"2765.33";"RÃ¸dvin";"Glass";"12.5";"22.122667"
"Vinmonopolet";"11573501";"Arnoux-Lachaux Echezeaux Grand Cru 2017";"Arnoux-Lachaux Echezeaux Grand Cru";"2017";"2319";"0.75";"3092";"RÃ¸dvin";"Glass";"13";"23.784615"
"Vinmonopolet";"11573601";"Arnoux-Lachaux Nuits-Saint-Georges Les Poisets 2017";"Arnoux-Lachaux Nuits-Saint-Georges Les Poisets";"2017";"819";"0.75";"1092";"RÃ¸dvin";"Glass";"12.5";"8.736"
"Vinmonopolet";"11574101";"Dom. Charvin Chateauneuf-du-Pape 2015";"Dom. Charvin Chateauneuf-du-Pape";"2015";"544";"0.75";"725.33";"RÃ¸dvin";"Glass";"14.5";"5.002299"
"Vinmonopolet";"11574201";"Neumeister Ried Klausen Weissburgunder 2017";"Neumeister Ried Klausen Weissburgunder";"2017";"379";"0.75";"505.33";"White wine";"Glass";"13";"3.8871794"
"Vinmonopolet";"11574301";"Neumeister Ried Klausen Sauvignon Blanc 2017";"Neumeister Ried Klausen Sauvignon Blanc";"2017";"399";"0.75";"532";"White wine";"Glass";"13";"4.0923076"
"Vinmonopolet";"11574401";"Neumeister Ried Moarfeitl Sauvignon Blanc 2016";"Neumeister Ried Moarfeitl Sauvignon Blanc";"2016";"564";"0.75";"752";"White wine";"Glass";"13.5";"5.57037"
"Vinmonopolet";"11574501";"Neumeister Straden Sauvignon Blanc 2018";"Neumeister Straden Sauvignon Blanc";"2018";"309";"0.75";"412";"White wine";"Glass";"12.5";"3.296"
"Vinmonopolet";"11574601";"Neumeister Gemischter Satz 2018";"Neumeister Gemischter Satz";"2018";"249";"0.75";"332";"White wine";"Glass";"12";"2.7666667"
"Vinmonopolet";"11574701";"Neumeister Ried Silberberg Gelber Muskateller 2017";"Neumeister Ried Silberberg Gelber Muskateller";"2017";"374";"0.75";"498.67";"White wine";"Glass";"12.5";"3.9893334"
"Vinmonopolet";"11574801";"Neumeister Ried Steintal Roter Traminer 2018";"Neumeister Ried Steintal Roter Traminer";"2018";"394";"0.75";"525.33";"White wine";"Glass";"13";"4.0410256"
"Vinmonopolet";"11575002";"Kinn Svartekunst F.E.D.I.R.E.S.P. 2017";"Kinn Svartekunst F.E.D.I.R.E.S.P.";"2017";"69.9";"0.38";"186.4";"Porter and stout";"Glass";"10";"1.8394737"
"Vinmonopolet";"11575101";"Weing. S. MÃ¼ller Riesling SpÃ¤tlese Alter Reben Niedermenniger Sonnenberg 2018";"Weing. S. MÃ¼ller Riesling SpÃ¤tlese Alter Reben Niedermenniger Sonnenberg";"2018";"255.9";"0.75";"341.2";"White wine";"Glass";"9.5";"3.591579"
"Vinmonopolet";"11575401";"Weing. S. MÃ¼ller Riesling SpÃ¤tlese Feinherb Krettnacher Altenberg 2018";"Weing. S. MÃ¼ller Riesling SpÃ¤tlese Feinherb Krettnacher Altenberg";"2018";"255.9";"0.75";"341.2";"White wine";"Glass";"11";"3.101818"
"Vinmonopolet";"11575701";"David Duband Chambolle-Musigny 2017";"David Duband Chambolle-Musigny";"2017";"784.9";"0.75";"1046.53";"RÃ¸dvin";"Glass";"13";"8.050257"
"Vinmonopolet";"11575801";"David Duband Vosne-RomanÃ¨e 2017";"David Duband Vosne-RomanÃ¨e";"2017";"784.9";"0.75";"1046.53";"RÃ¸dvin";"Glass";"12.8";"8.176042"
"Vinmonopolet";"11575901";"Giacomelli Terre di Chiesina 2009";"Giacomelli Terre di Chiesina";"2009";"247";"0.75";"329.33";"RÃ¸dvin";"Glass";"13";"2.5333333"
"Vinmonopolet";"11576001";"Galarin Tinella Barbera d'Asti Superiore 2006";"Galarin Tinella Barbera d'Asti Superiore";"2006";"379";"0.75";"505.33";"RÃ¸dvin";"Glass";"14";"3.6095238"
"Vinmonopolet";"11576101";"Bonelli Bonarda Frizzante Amabile";"Bonelli Bonarda Frizzante Amabile";"2018";"174";"0.75";"232";"Perlende vin, rÃ¸d";"Glass";"10";"2.32"
"Vinmonopolet";"11576201";"Bonelli Gutturnio Tesor Riserva 2016";"Bonelli Gutturnio Tesor Riserva";"2016";"210";"0.75";"280";"RÃ¸dvin";"Glass";"13";"2.1538463"
"Vinmonopolet";"11576301";"David Duband Nuits-Saint-Georges 2017";"David Duband Nuits-Saint-Georges";"2017";"664.9";"0.75";"886.53";"RÃ¸dvin";"Glass";"12.6";"7.035979"
"Vinmonopolet";"11576401";"David Duband Nuits-Saint-Georges Premier Cru Les Proces 2017";"David Duband Nuits-Saint-Georges Premier Cru Les Proces";"2017";"864.9";"0.75";"1153.2";"RÃ¸dvin";"Glass";"12.8";"9.009376"
"Vinmonopolet";"11576501";"David Duband Nuits-Saint-Georges Premier Cru Les Pruliers 2017";"David Duband Nuits-Saint-Georges Premier Cru Les Pruliers";"2017";"864.9";"0.75";"1153.2";"RÃ¸dvin";"Glass";"12.7";"9.080316"
"Vinmonopolet";"11576601";"David Duband Chambolle-Musigny 1er Cru Les Gruenchers 2017";"David Duband Chambolle-Musigny 1er Cru Les Gruenchers";"2017";"1254.9";"0.75";"1673.2";"RÃ¸dvin";"Glass";"13";"12.8707695"
"Vinmonopolet";"11576701";"David Duband Chambolle-Musigny 1er Cru Les Sentiers 2017";"David Duband Chambolle-Musigny 1er Cru Les Sentiers";"2017";"1324.9";"0.75";"1766.53";"RÃ¸dvin";"Glass";"13";"13.588718"
"Vinmonopolet";"11576801";"David Duband Nuits-Saint-Georges Premier Cru Aux Thorey 2017";"David Duband Nuits-Saint-Georges Premier Cru Aux Thorey";"2017";"864.9";"0.75";"1153.2";"RÃ¸dvin";"Glass";"13";"8.8707695"
"Vinmonopolet";"11576901";"David Duband Bourgogne Hautes CÃ´tes de Nuits Chardonnay 2017";"David Duband Bourgogne Hautes CÃ´tes de Nuits Chardonnay";"2017";"389.9";"0.75";"519.87";"White wine";"Glass";"13";"3.9989743"
"Vinmonopolet";"11577101";"Alchemy's 100 Year Old Vines Carignan";"Alchemy's 100 Year Old Vines Carignan";"2018";"199.9";"0.75";"266.53";"RÃ¸dvin";"Glass";"14";"1.9038094"
"Vinmonopolet";"11577201";"Mas Ramoneda Pedrol 2018";"Mas Ramoneda Pedrol";"2018";"139.9";"0.75";"186.53";"RÃ¸dvin";"Glass";"13.5";"1.3817283"
"Vinmonopolet";"11577301";"Stylo de Cubero Garnacha Old Vines 2018";"Stylo de Cubero Garnacha Old Vines";"2018";"159.9";"0.75";"213.2";"RÃ¸dvin";"Glass";"14.5";"1.4703448"
"Vinmonopolet";"11577401";"AgustÃ­n Cubero Aro SelecciÃ³n Especial 2012";"AgustÃ­n Cubero Aro SelecciÃ³n Especial";"2012";"124.9";"0.75";"166.53";"RÃ¸dvin";"Glass";"14";"1.1895238"
"Vinmonopolet";"11577901";"Reia Rebula 2016";"Reia Rebula";"2016";"369.9";"0.75";"493.2";"White wine";"Glass";"13";"3.7938461"
"Vinmonopolet";"11578001";"Reia Tolovaj 2016";"Reia Tolovaj";"2016";"382.8";"0.75";"510.4";"White wine";"Glass";"14.5";"3.52"
"Vinmonopolet";"11578302";"Duchesse Cherry";"Duchesse Cherry";"0";"62.9";"0.33";"190.61";"SurÃ¸l";"Glass";"6.8";"2.8030303"
"Vinmonopolet";"11579201";"CÃ¹ BÃ²can Signature";"CÃ¹ BÃ²can Signature";"0";"749";"0.7";"1070";"Whisky";"Glass";"46";"2.326087"
"Vinmonopolet";"11579301";"CÃ¹ BÃ²can Creation 1";"CÃ¹ BÃ²can Creation 1";"0";"955";"0.7";"1364.29";"Whisky";"Glass";"46";"2.9658387"
"Vinmonopolet";"11579401";"CÃ¹ BÃ²can Creation 2";"CÃ¹ BÃ²can Creation 2";"0";"955";"0.7";"1364.29";"Whisky";"Glass";"46";"2.9658387"
"Vinmonopolet";"11579501";"Bernhard Huber Chardonnay Alte Reben 2017";"Bernhard Huber Chardonnay Alte Reben";"2017";"490";"0.75";"653.33";"White wine";"Glass";"12.5";"5.2266665"
"Vinmonopolet";"11579601";"Bernhard Huber SpÃ¤tburgunder Alte Reben 2017";"Bernhard Huber SpÃ¤tburgunder Alte Reben";"2017";"456";"0.75";"608";"RÃ¸dvin";"Glass";"13";"4.6769233"
"Vinmonopolet";"11579801";"Tomatin Limited Ed 2006 Amontillado Sherry";"Tomatin Limited Ed  Amontillado Sherry";"0";"944.5";"0.7";"1349.29";"Whisky";"Glass";"46";"2.93323"
"Vinmonopolet";"11579901";"AD Rattray Cask Islay Sherry Edition";"AD Rattray Cask Islay Sherry Edition";"0";"960";"0.7";"1371.43";"Whisky";"Glass";"59.9";"2.28953"
"Vinmonopolet";"11580001";"Schwedhelm KlosterstÃ¼ck SpÃ¤tburgunder 2016";"Schwedhelm KlosterstÃ¼ck SpÃ¤tburgunder";"2016";"379.7";"0.75";"506.27";"RÃ¸dvin";"Glass";"13.5";"3.7501235"
"Vinmonopolet";"11580101";"Schwedhelm Zellertal Pinot Brut";"Schwedhelm Zellertal Pinot Brut";"0";"299.7";"0.75";"399.6";"Sparkling wine";"Glass";"13.5";"2.96"
"Vinmonopolet";"11580201";"Schwedhelm SpÃ¤tburgunder Trocken 2018";"Schwedhelm SpÃ¤tburgunder Trocken";"2018";"209.7";"0.75";"279.6";"RÃ¸dvin";"Glass";"13";"2.1507692"
"Vinmonopolet";"11580301";"Suertes del MarquÃ©s Vidonia";"Suertes del MarquÃ©s Vidonia";"2018";"359.9";"0.75";"479.87";"White wine";"Glass";"12.5";"3.8389332"
"Vinmonopolet";"11580701";"GÃ©rard Mugneret Chambolle-Musigny 1er Cru Les Charmes 2017";"GÃ©rard Mugneret Chambolle-Musigny 1er Cru Les Charmes";"2017";"1129";"0.75";"1505.33";"RÃ¸dvin";"Glass";"13";"11.579487"
"Vinmonopolet";"11580801";"GÃ©rard Mugneret Vosne-RomanÃ©e 1er Cru Les Suchots 2017";"GÃ©rard Mugneret Vosne-RomanÃ©e 1er Cru Les Suchots";"2017";"890";"0.75";"1186.67";"RÃ¸dvin";"Glass";"13";"9.128205"
"Vinmonopolet";"11580901";"Gnarly Head 1924 Bourbon Barrel Cabernet Sauvignon";"Gnarly Head  Bourbon Barrel Cabernet Sauvignon";"2017";"199.9";"0.75";"266.53";"RÃ¸dvin";"Glass";"15";"1.7768888"
"Vinmonopolet";"11581002";"Tucher NÃ¼rnberger Rotbier";"Tucher NÃ¼rnberger Rotbier";"0";"59.9";"0.5";"119.8";"MÃ¸rk lager";"Glass";"5.5";"2.178182"
"Vinmonopolet";"11581202";"BrewDogs OverWorks Cosmic Crush Pear Sour";"BrewDogs OverWorks Cosmic Crush Pear Sour";"0";"109.9";"0.5";"219.8";"SurÃ¸l";"Glass";"6";"3.6633334"
"Vinmonopolet";"11581302";"BrewDogs OverWorks Cosmic Crush Peach Sour";"BrewDogs OverWorks Cosmic Crush Peach Sour";"0";"109.9";"0.5";"219.8";"SurÃ¸l";"Glass";"5.6";"3.9250002"
"Vinmonopolet";"11581402";"Wild Beer Jambo!";"Wild Beer Jambo!";"0";"61.9";"0.33";"181.52";"Porter and stout";"Emballasje med pant";"7.5";"2.5010102"
"Vinmonopolet";"11582001";"Stonewood Zinfandel";"Stonewood Zinfandel";"0";"149.9";"0.75";"199.87";"RÃ¸dvin";"Glass";"13";"1.5374359"
"Vinmonopolet";"11582601";"Fabien Coche Bourgogne CÃ´te-d'Or Chardonnay 2017";"Fabien Coche Bourgogne CÃ´te-d'Or Chardonnay";"2017";"338.8";"0.75";"451.73";"White wine";"Glass";"13";"3.4748716"
"Vinmonopolet";"11582701";"Saint Nicolas Haut des Clous Blanc 2018";"Saint Nicolas Haut des Clous Blanc";"2018";"281.5";"0.75";"375.33";"White wine";"Glass";"13.5";"2.780247"
"Vinmonopolet";"11582801";"Saint Nicolas Jacques Rouge 2016";"Saint Nicolas Jacques Rouge";"2016";"383.7";"0.75";"511.6";"RÃ¸dvin";"Glass";"13";"3.9353848"
"Vinmonopolet";"11583401";"Marion Teroldego";"Marion Teroldego";"2014";"406.1";"0.75";"541.47";"RÃ¸dvin";"Glass";"14.5";"3.734253"
"Vinmonopolet";"11583501";"Marion Cabernet Sauvignon";"Marion Cabernet Sauvignon";"2014";"406.1";"0.75";"541.47";"RÃ¸dvin";"Glass";"14.5";"3.734253"
"Vinmonopolet";"11583601";"GÃ©rard Mugneret Vosne-RomanÃ©e 1er Cru Les BrulÃ©es 2016";"GÃ©rard Mugneret Vosne-RomanÃ©e 1er Cru Les BrulÃ©es";"2016";"1130";"0.75";"1506.67";"RÃ¸dvin";"Glass";"13";"11.589744"
"Vinmonopolet";"11583701";"GÃ©rard Mugneret Vosne-RomanÃ©e 2016";"GÃ©rard Mugneret Vosne-RomanÃ©e";"2016";"715";"0.75";"953.33";"RÃ¸dvin";"Glass";"13";"7.3333335"
"Vinmonopolet";"11583801";"Via Vinera Bulgarian Heritage Mavrud Rose";"Via Vinera Bulgarian Heritage Mavrud Rose";"2018";"158.3";"0.75";"211.07";"RosÃ©vin";"Glass";"13";"1.6235898"
"Vinmonopolet";"11583901";"Ch. La Tour de Mons Margaux 2012";"Ch. La Tour de Mons Margaux";"2012";"389.9";"0.75";"519.87";"RÃ¸dvin";"Glass";"13.5";"3.8508642"
"Vinmonopolet";"11584001";"Borgeot Bourgogne Chardonnay 2017";"Borgeot Bourgogne Chardonnay";"2017";"269.9";"0.75";"359.87";"White wine";"Glass";"12.5";"2.8789332"
"Vinmonopolet";"11584101";"Masi Nectar Campofiorin 2016";"Masi Nectar Campofiorin";"2016";"199.9";"0.75";"266.53";"RÃ¸dvin";"Glass";"13.5";"1.9743209"
"Vinmonopolet";"11584201";"Masi Nectar Costasera Amarone della Valpolicella Classico 2013";"Masi Nectar Costasera Amarone della Valpolicella Classico";"2013";"469.9";"0.75";"626.53";"RÃ¸dvin";"Glass";"15";"4.176889"
"Vinmonopolet";"11584401";"Nyetimber 1086 RosÃ© 2010";"Nyetimber  RosÃ©";"2010";"1990";"0.75";"2653.33";"Musserende vin, rosÃ©";"Glass";"12";"22.11111"
"Vinmonopolet";"11586601";"BergstrÃ¶m Cumberland Reserve Pinot Noir 2016";"BergstrÃ¶m Cumberland Reserve Pinot Noir";"2016";"495";"0.75";"660";"RÃ¸dvin";"Glass";"13.8";"4.7826085"
"Vinmonopolet";"11586701";"BergstrÃ¶m Gregory Ranch Pinot Noir 2015";"BergstrÃ¶m Gregory Ranch Pinot Noir";"2015";"575";"0.75";"766.67";"RÃ¸dvin";"Glass";"13.2";"5.8080807"
"Vinmonopolet";"11586801";"BergstrÃ¶m Shea Pinot Noir 2017";"BergstrÃ¶m Shea Pinot Noir";"2017";"749";"0.75";"998.67";"RÃ¸dvin";"Glass";"14.1";"7.082742"
"Vinmonopolet";"11586901";"BergstrÃ¶m Silice Pinot Noir 2017";"BergstrÃ¶m Silice Pinot Noir";"2017";"849";"0.75";"1132";"RÃ¸dvin";"Glass";"14.1";"8.028369"
"Vinmonopolet";"11587001";"BergstrÃ¶m Sigrid Chardonnay 2016";"BergstrÃ¶m Sigrid Chardonnay";"2016";"995";"0.75";"1326.67";"White wine";"Glass";"12.7";"10.446195"
"Vinmonopolet";"11587102";"Barth Wisselbrunnen Riesling Beerenauslese 2015";"Barth Wisselbrunnen Riesling Beerenauslese";"2015";"506.4";"0.38";"1350.4";"White wine";"Glass";"9";"14.807017"
"Vinmonopolet";"11587201";"Murviedro ColleciÃ³n Sauvignon Blanc";"Murviedro ColleciÃ³n Sauvignon Blanc";"2018";"134.9";"0.75";"179.87";"White wine";"Glass";"12";"1.4988889"
"Vinmonopolet";"11587301";"Murviedro Arts de Luna Cava Brut";"Murviedro Arts de Luna Cava Brut";"0";"159.9";"0.75";"213.2";"Sparkling wine";"Glass";"11.5";"1.853913"
"Vinmonopolet";"11587401";"Audentia Chardonnay";"Audentia Chardonnay";"2018";"144.9";"0.75";"193.2";"White wine";"Glass";"12";"1.6099999"
"Vinmonopolet";"11587501";"Casa Lo Alto Rocha Candeal";"Casa Lo Alto Rocha Candeal";"2017";"279.9";"0.75";"373.2";"RÃ¸dvin";"Glass";"15";"2.488"
"Vinmonopolet";"11587601";"Casa Lo Alto ManzÃ¡n Bobal";"Casa Lo Alto ManzÃ¡n Bobal";"2017";"279.9";"0.75";"373.2";"RÃ¸dvin";"Glass";"15";"2.488"
"Vinmonopolet";"11587701";"Murviedro Vallejo Avenas Chardonnay";"Murviedro Vallejo Avenas Chardonnay";"2018";"264.9";"0.75";"353.2";"White wine";"Glass";"14.5";"2.435862"
"Vinmonopolet";"11587801";"Ch. de Santenay Mercurey Rouge Vieilles 2017";"Ch. de Santenay Mercurey Rouge Vieilles";"2017";"269.9";"0.75";"359.87";"RÃ¸dvin";"Glass";"13";"2.7682052"
"Vinmonopolet";"11588805";"Bree Black Edition Merlot";"Bree Black Edition Merlot";"2018";"299.9";"1.5";"199.93";"RÃ¸dvin";"Glass";"13";"1.5379487"
"Vinmonopolet";"11590301";"Olumbra Umbria Rosso";"Olumbra Umbria Rosso";"2018";"157";"0.75";"209.33";"RÃ¸dvin";"Glass";"13";"1.6102564"
"Vinmonopolet";"11590401";"Shelter Winery SpÃ¤tburgunder 2017";"Shelter Winery SpÃ¤tburgunder";"2017";"225";"0.75";"300";"RÃ¸dvin";"Glass";"13";"2.3076923"
"Vinmonopolet";"11590501";"Ch. Vrai Caillou Lofoten Bordeaux";"Ch. Vrai Caillou Lofoten Bordeaux";"2016";"148";"0.75";"197.33";"RÃ¸dvin";"Glass";"12";"1.6444445"
"Vinmonopolet";"11590601";"Ch. Vrai Caillou Molde Bordeaux";"Ch. Vrai Caillou Molde Bordeaux";"2016";"148";"0.75";"197.33";"RÃ¸dvin";"Glass";"12";"1.6444445"
"Vinmonopolet";"11590701";"Ch. Vrai Caillou Kristiansund Bordeaux";"Ch. Vrai Caillou Kristiansund Bordeaux";"2016";"154.7";"0.75";"206.27";"RÃ¸dvin";"Glass";"12";"1.7188889"
"Vinmonopolet";"11590801";"Ch. Vrai Caillou Mo i Rana Bordeaux";"Ch. Vrai Caillou Mo i Rana Bordeaux";"2016";"148";"0.75";"197.33";"RÃ¸dvin";"Glass";"12";"1.6444445"
"Vinmonopolet";"11590901";"Couleurs d'Aquitaine Asker Chardonnay";"Couleurs d'Aquitaine Asker Chardonnay";"2018";"139.5";"0.75";"186";"White wine";"Glass";"12.5";"1.488"
"Vinmonopolet";"11594201";"PflÃ¼ger Fuchsmantel Riesling";"PflÃ¼ger Fuchsmantel Riesling";"2018";"229.9";"0.75";"306.53";"White wine";"Glass";"12.5";"2.4522667"
"Vinmonopolet";"11594302";"Sierra Nevada 40th Hoppy Anniversary Ale";"Sierra Nevada 40th Hoppy Anniversary Ale";"0";"54.9";"0.35";"154.65";"India pale ale";"Glass";"6";"2.614286"
"Vinmonopolet";"11594402";"Sierra Nevada Otra Vez";"Sierra Nevada Otra Vez";"0";"46.9";"0.35";"132.11";"SurÃ¸l";"Metall";"4.9";"2.734694"
"Vinmonopolet";"11595401";"Thanisch Niederberg Riesling Kabinett 2018";"Thanisch Niederberg Riesling Kabinett";"2018";"176.1";"0.75";"234.8";"White wine";"Glass";"11";"2.1345456"
"Vinmonopolet";"11595501";"Selbach-Oster Zeltinger Kabinett 2018";"Selbach-Oster Zeltinger Kabinett";"2018";"197";"0.75";"262.67";"White wine";"Glass";"10.5";"2.5015874"
"Vinmonopolet";"11596005";"Selbach-Oster Zeltinger Kabinett 2018";"Selbach-Oster Zeltinger Kabinett";"2018";"481.9";"1.5";"321.27";"White wine";"Glass";"10.5";"3.0596826"
"Vinmonopolet";"11596901";"Old Bush Vine MCC Brut 2016";"Old Bush Vine MCC Brut";"2016";"179.9";"0.75";"239.87";"Sparkling wine";"Glass";"11.5";"2.085797"
"Vinmonopolet";"11597001";"Schmitt 1919 Riesling Kabinett 2018";"Schmitt  Riesling Kabinett";"2018";"157.5";"0.75";"210";"White wine";"Glass";"10.5";"2"
"Vinmonopolet";"11597806";"Natural Selections Gysler Pinot Noir RosÃ© 2019";"Natural Selections Gysler Pinot Noir RosÃ©";"2019";"509.9";"3";"169.97";"RosÃ©vin";"Bag-in-box";"11.5";"1.477971"
"Vinmonopolet";"11597902";"Minttu Twist Karamel";"Minttu Twist Karamel";"0";"172.9";"0.5";"345.8";"LikÃ¸r";"Glass";"16";"2.1612499"
"Vinmonopolet";"11598001";"Savage Syrah";"Savage Syrah";"2017";"339.9";"0.75";"453.2";"RÃ¸dvin";"Glass";"13.5";"3.357037"
"Vinmonopolet";"11598101";"Savage Never been asked to dance";"Savage Never been asked to dance";"2018";"349.9";"0.75";"466.53";"White wine";"Glass";"13.5";"3.4558024"
"Vinmonopolet";"11598203";"Havana Club 3 AÃ±os";"Havana Club 3 AÃ±os";"0";"49.9";"0.05";"998";"Rum";"Glass";"40";"2.4950001"
"Vinmonopolet";"11598401";"Chivas Royal Salute Snow Polo Edition";"Chivas Royal Salute Snow Polo Edition";"0";"1599";"0.7";"2284.29";"Whisky";"Glass";"46.5";"4.9124427"
"Vinmonopolet";"11598506";"Roxy Wines Barbara Vino Rosso";"Roxy Wines Barbara Vino Rosso";"2018";"449.9";"3";"149.97";"RÃ¸dvin";"Bag-in-box";"12.5";"1.1997334"
"Vinmonopolet";"11598601";"Patrick Sullivan Jumpin Juice - Half Full Red";"Patrick Sullivan Jumpin Juice - Half Full Red";"0";"319.7";"0.75";"426.27";"RÃ¸dvin";"Glass";"13.5";"3.157531"
"Vinmonopolet";"11598701";"Patrick Sullivan Ada River Chardonnay";"Patrick Sullivan Ada River Chardonnay";"0";"519.8";"0.75";"693.07";"White wine";"Glass";"12.8";"5.414583"
"Vinmonopolet";"11598801";"Patrick Sullivan Bull Swamp Chardonnay";"Patrick Sullivan Bull Swamp Chardonnay";"0";"519.8";"0.75";"693.07";"White wine";"Glass";"12.8";"5.414583"
"Vinmonopolet";"11598901";"Patrick Sullivan Millstream Chardonnay";"Patrick Sullivan Millstream Chardonnay";"2018";"519.8";"0.75";"693.07";"White wine";"Glass";"12.8";"5.414583"
"Vinmonopolet";"11599001";"Aurelio Settimo Barolo Rocche dell'Annunziata Riserva 2012";"Aurelio Settimo Barolo Rocche dell'Annunziata Riserva";"2012";"799.9";"0.75";"1066.53";"RÃ¸dvin";"Glass";"14.5";"7.3554025"
"Vinmonopolet";"11599101";"Bassermann-Jordan Riesling Feinherb 2017";"Bassermann-Jordan Riesling Feinherb";"2017";"249.9";"0.75";"333.2";"White wine";"Glass";"10";"3.332"
"Vinmonopolet";"11599402";"Bivrost Aquavit Liqueur";"Bivrost Aquavit Liqueur";"0";"364.9";"0.5";"729.8";"LikÃ¸r";"Glass";"35";"2.0851429"
"Vinmonopolet";"11599508";"Bivrost Aquavit (3x5cl)";"Bivrost Aquavit (3x5cl)";"0";"199.6";"0.15";"1330.67";"Aquavit";"Ãvrig";"40";"3.3266666"
"Vinmonopolet";"11599701";"Glitter Fisk Diamond";"Glitter Fisk Diamond";"0";"265";"0.7";"378.57";"LikÃ¸r";"Glass";"15";"2.5238097"
"Vinmonopolet";"11599801";"Tequila Corralejo Triple Destilado Reposado";"Tequila Corralejo Triple Destilado Reposado";"0";"635";"0.7";"907.14";"Fruit spirit";"Glass";"38";"2.387218"
"Vinmonopolet";"11599901";"Dalmore Port Wood Reserve";"Dalmore Port Wood Reserve";"0";"999.9";"0.7";"1428.43";"Whisky";"Glass";"46.5";"3.0718896"
"Vinmonopolet";"11600101";"Jura 21 YO";"Jura 21 YO";"0";"1999.9";"0.7";"2857";"Whisky";"Glass";"46.7";"6.117773"
"Vinmonopolet";"11600201";"Francis Ford Coppola Director's Sonoma County Pinot Noir";"Francis Ford Coppola Director's Sonoma County Pinot Noir";"2017";"329.9";"0.75";"439.87";"RÃ¸dvin";"Glass";"13.5";"3.2582715"
"Vinmonopolet";"11600302";"The Wild Beer Vivo Kveik IPA";"The Wild Beer Vivo Kveik IPA";"0";"52.6";"0.33";"159.39";"India pale ale";"Glass";"4.9";"3.2529373"
"Vinmonopolet";"11600401";"Ch. du Grand Puch CuvÃ©e Anne-Laure";"Ch. du Grand Puch CuvÃ©e Anne-Laure";"0";"179.9";"0.75";"239.87";"RÃ¸dvin";"Glass";"14";"1.7133332"
"Vinmonopolet";"11600501";"Ch. de Viens";"Ch. de Viens";"0";"199.9";"0.75";"266.53";"RÃ¸dvin";"Glass";"13.5";"1.9743209"
"Vinmonopolet";"11600701";"Bijou Ciel de Lilac Provence RosÃ©";"Bijou Ciel de Lilac Provence RosÃ©";"2019";"234.9";"0.75";"313.2";"RosÃ©vin";"Glass";"13";"2.4092307"
"Vinmonopolet";"11600801";"El Coto Verdejo";"El Coto Verdejo";"0";"153.9";"0.75";"205.2";"White wine";"Glass";"13";"1.5784615"
"Vinmonopolet";"11600901";"Ayala NÂ°7 Brut 2007";"Ayala NÂ°7 Brut";"2007";"869.9";"0.75";"1159.87";"Champagne, brut";"Glass";"12";"9.665556"
"Vinmonopolet";"11601001";"#bio Chianti";"#bio Chianti";"0";"167.9";"0.75";"223.87";"RÃ¸dvin";"Glass";"13";"1.7220513"
"Vinmonopolet";"11601101";"Ch. des Combes Vieux";"Ch. des Combes Vieux";"2016";"319.9";"0.75";"426.53";"RÃ¸dvin";"Glass";"14.5";"2.9416091"
"Vinmonopolet";"11601202";"Ch. Bastor Lamontagne Sauternes";"Ch. Bastor Lamontagne Sauternes";"2016";"239.9";"0.38";"639.73";"White wine";"Glass";"13.5";"4.676413"
"Vinmonopolet";"11601301";"#bio Valpolicella";"#bio Valpolicella";"0";"189.9";"0.75";"253.2";"RÃ¸dvin";"Glass";"12.5";"2.0256"
"Vinmonopolet";"11601401";"Penna Lane Watervale Riesling 2018";"Penna Lane Watervale Riesling";"2018";"186.2";"0.75";"248.27";"White wine";"Glass";"12";"2.068889"
"Vinmonopolet";"11601501";"Homer Pinot Noir 2018";"Homer Pinot Noir";"2018";"185";"0.75";"246.67";"RÃ¸dvin";"Glass";"13";"1.8974359"
"Vinmonopolet";"11602302";"PÃµhjala Must Kuld Vanilla Latte Porter";"PÃµhjala Must Kuld Vanilla Latte Porter";"0";"59";"0.33";"178.79";"Porter and stout";"Glass";"7.8";"2.2921522"
"Vinmonopolet";"11603702";"Gulden Draak Brewmasters Whisky Edition";"Gulden Draak Brewmasters Whisky Edition";"0";"79.9";"0.33";"242.12";"Trappist";"Glass";"10.5";"2.3059163"
"Vinmonopolet";"11603802";"The Piggy Double fail lemon curd";"The Piggy Double fail lemon curd";"0";"69.9";"0.33";"211.82";"SurÃ¸l";"Glass";"7";"3.025974"
"Vinmonopolet";"11604002";"Althaia Sidama Brown coffee porter";"Althaia Sidama Brown coffee porter";"0";"49.9";"0.33";"151.21";"Porter and stout";"Glass";"5.8";"2.6071055"
"Vinmonopolet";"11605601";"Faiveley Gevrey-Chambertin 1er Cru Petite Chapelle 2017";"Faiveley Gevrey-Chambertin 1er Cru Petite Chapelle";"2017";"779.9";"0.75";"1039.87";"RÃ¸dvin";"Glass";"13.5";"7.7027164"
"Vinmonopolet";"11606801";"Mossburn Island Cask Bill No 1 Smoke & Spice RB/FB/HT Blended Malt";"Mossburn Island Cask Bill No 1 Smoke & Spice RB/FB/HT Blended Malt";"0";"506";"0.7";"722.86";"Whisky";"Glass";"46";"1.5714287"
"Vinmonopolet";"11606901";"Tobacco Road Moscato RosÃ©";"Tobacco Road Moscato RosÃ©";"0";"94.4";"0.75";"125.87";"Perlende vin, rosÃ©";"Glass";"6.5";"1.9364103"
"Vinmonopolet";"11607101";"Anchor 10 YO Peated Edition";"Anchor 10 YO Peated Edition";"0";"419.9";"0.7";"599.86";"Whisky";"Glass";"40";"1.4996428"
"Vinmonopolet";"11607306";"Emiliana Adobe Carmenere 2018";"Emiliana Adobe Carmenere";"2018";"403.9";"3";"134.63";"RÃ¸dvin";"Bag-in-box";"13.5";"0.99728394"
"Vinmonopolet";"11607401";"Emiliana Adobe RosÃ© 2019";"Emiliana Adobe RosÃ©";"2019";"113.9";"0.75";"147.87";"RosÃ©vin";"Emballasje med pant";"12.5";"1.2149334"
"Vinmonopolet";"11607406";"Emiliana Adobe RosÃ© 2019";"Emiliana Adobe RosÃ©";"2019";"209.9";"1.5";"139.93";"RosÃ©vin";"Pouch";"12.5";"1.1194667"
"Vinmonopolet";"11607501";"Federico Paternina Seleccion Especial Crianza 2014";"Federico Paternina Seleccion Especial Crianza";"2014";"209";"0.75";"278.67";"RÃ¸dvin";"Glass";"14";"1.9904761"
"Vinmonopolet";"11607601";"Gysler Single Vineyard Pinot Noir RosÃ© 2019";"Gysler Single Vineyard Pinot Noir RosÃ©";"2019";"199.9";"0.75";"266.53";"RosÃ©vin";"Glass";"11.5";"2.317681"
"Vinmonopolet";"11607701";"AverÃ¦n Croft Vineyard Pinot Noir";"AverÃ¦n Croft Vineyard Pinot Noir";"2017";"509.9";"0.75";"679.87";"RÃ¸dvin";"Glass";"13.2";"5.150505"
"Vinmonopolet";"11607802";"Zaccagnini Plaisir Moscato Passito Bianco";"Zaccagnini Plaisir Moscato Passito Bianco";"2018";"239.9";"0.5";"479.8";"White wine";"Glass";"13";"3.6907692"
"Vinmonopolet";"11607902";"Zaccagnini Plaisir Passito Rosso";"Zaccagnini Plaisir Passito Rosso";"2018";"239.9";"0.5";"479.8";"RÃ¸dvin";"Glass";"13";"3.6907692"
"Vinmonopolet";"11608001";"AverÃ¦n Pinot Noir Flood Line";"AverÃ¦n Pinot Noir Flood Line";"2017";"429.9";"0.75";"573.2";"RÃ¸dvin";"Glass";"13.2";"4.3424244"
"Vinmonopolet";"11608101";"AverÃ¦n Eola Springs Vineyard Pinot Noir";"AverÃ¦n Eola Springs Vineyard Pinot Noir";"2017";"519.9";"0.75";"693.2";"RÃ¸dvin";"Glass";"13.8";"5.0231886"
"Vinmonopolet";"11609402";"Schouskjelleren PÃ¥ske Saison";"Schouskjelleren PÃ¥ske Saison";"0";"48";"0.33";"145.46";"Saison farmhouse ale";"Glass";"6";"2.4242423"
"Vinmonopolet";"11609501";"David Nicholson Reserve Kentucky Straight Bourbon";"David Nicholson Reserve Kentucky Straight Bourbon";"0";"555.9";"0.7";"794.14";"Whisky";"Glass";"50";"1.5882858"
"Vinmonopolet";"11609702";"Gipsy Hill Filungar Kveik IPA";"Gipsy Hill Filungar Kveik IPA";"0";"72.2";"0.44";"159.55";"India pale ale";"Emballasje med pant";"5.5";"2.983471"
"Vinmonopolet";"11609801";"The Yearling Sauvignon Blanc 2019";"The Yearling Sauvignon Blanc";"2019";"139.8";"0.75";"186.4";"White wine";"Glass";"13.3";"1.4015038"
"Vinmonopolet";"11634301";"King Car Conductor Single Malt";"King Car Conductor Single Malt";"0";"805";"0.7";"1150";"Whisky";"Glass";"46";"2.5"
"Vinmonopolet";"11634401";"Trois Maison Bordeaux";"Trois Maison Bordeaux";"0";"184.9";"0.75";"246.53";"RÃ¸dvin";"Glass";"13";"1.8964102"
"Vinmonopolet";"11634501";"Bischofliche Mosel Riesling SpÃ¤tlese Feinherb 2018";"Bischofliche Mosel Riesling SpÃ¤tlese Feinherb";"2018";"206.1";"0.75";"274.8";"White wine";"Glass";"12";"2.29"
"Vinmonopolet";"11637301";"Havana Club 3 AÃ±os";"Havana Club 3 AÃ±os";"0";"374.9";"0.7";"535.57";"Rum";"Glass";"37.5";"1.4281905"
"Vinmonopolet";"11637401";"Bod. Pascual BurÃ³ de PeÃ±alosa Crianza 2017";"Bod. Pascual BurÃ³ de PeÃ±alosa Crianza";"2017";"228.9";"0.75";"305.2";"RÃ¸dvin";"Glass";"14.5";"2.1048276"
"Vinmonopolet";"11638101";"Monterosso Volcano Rosso 2017";"Monterosso Volcano Rosso";"2017";"349.9";"0.75";"466.53";"RÃ¸dvin";"Glass";"14";"3.332381"
"Vinmonopolet";"11638201";"Monterosso Volcano Bianco 2018";"Monterosso Volcano Bianco";"2018";"349.9";"0.75";"466.53";"White wine";"Glass";"11";"4.241212"
"Vinmonopolet";"11638301";"Monterosso Volcano Rosato 2018";"Monterosso Volcano Rosato";"2018";"339.9";"0.75";"453.2";"RosÃ©vin";"Glass";"12.5";"3.6255999"
"Vinmonopolet";"11642101";"No2 de Verdignan";"No2 de Verdignan";"2013";"214.9";"0.75";"286.53";"RÃ¸dvin";"Glass";"13";"2.2041025"
"Vinmonopolet";"11644101";"San Fereolo Dogliani Superiore 2017";"San Fereolo Dogliani Superiore";"2017";"289";"0.75";"385.33";"RÃ¸dvin";"Glass";"14";"2.7523808"
"Vinmonopolet";"11644201";"San Fereolo Dogliani Superiore 2012";"San Fereolo Dogliani Superiore";"2012";"349";"0.75";"465.33";"RÃ¸dvin";"Glass";"14";"3.3238096"
"Vinmonopolet";"11644301";"San Fereolo Austri Langhe 2012";"San Fereolo Austri Langhe";"2012";"349";"0.75";"465.33";"RÃ¸dvin";"Glass";"14";"3.3238096"
"Vinmonopolet";"11644401";"Norwegian Mood Birch Vodka";"Norwegian Mood Birch Vodka";"0";"439";"0.7";"627.14";"Other spirit";"Glass";"41";"1.5296167"
"Vinmonopolet";"11644501";"Matthieu Barret Petit Ours Saint-Joseph 2018";"Matthieu Barret Petit Ours Saint-Joseph";"2018";"315";"0.75";"420";"RÃ¸dvin";"Glass";"13.5";"3.1111112"
"Vinmonopolet";"11645102";"Savage Not Tonight Josephine";"Savage Not Tonight Josephine";"2018";"349.9";"0.38";"933.07";"White wine";"Glass";"11";"8.370813"
"Vinmonopolet";"11645201";"Mother Rock Force Celeste PetNat";"Mother Rock Force Celeste PetNat";"0";"219.9";"0.75";"293.2";"Perlende vin, rosÃ©";"Glass";"12";"2.4433331"
"Vinmonopolet";"11645301";"Nordbrand Nordhausen Nordfjord Vodka";"Nordbrand Nordhausen Nordfjord Vodka";"0";"319.9";"0.7";"457";"Vodka";"Glass";"37.5";"1.2186667"
"Vinmonopolet";"11645401";"Finca ViÃ±oa Treixadura 2018";"Finca ViÃ±oa Treixadura";"2018";"249.9";"0.75";"333.2";"White wine";"Glass";"13.5";"2.468148"
"Vinmonopolet";"11650901";"Intellego the sleeping co-pilot";"Intellego the sleeping co-pilot";"2019";"359.9";"0.75";"479.87";"White wine";"Glass";"12.5";"3.8389332"
"Vinmonopolet";"11653301";"Perraud CrÃ©mant de Bourgogne";"Perraud CrÃ©mant de Bourgogne";"0";"209.9";"0.75";"279.87";"Sparkling wine";"Glass";"11";"2.5442424"
"Vinmonopolet";"11654601";"Aperitivo Gamondi";"Aperitivo Gamondi";"0";"229.9";"1";"229.9";"Flavoured wine	";"Glass";"13.5";"1.7029629"
"Vinmonopolet";"11654801";"Marcel Martin CrÃ©mant de Loire TÃªte de CuvÃ©e Brut";"Marcel Martin CrÃ©mant de Loire TÃªte de CuvÃ©e Brut";"0";"159.9";"0.75";"213.2";"Sparkling wine";"Glass";"12";"1.7766666"
"Vinmonopolet";"11654901";"Leitz RÃ¼desheimer Berg Schlossberg Ehrenfels Riesling Trocken 2013";"Leitz RÃ¼desheimer Berg Schlossberg Ehrenfels Riesling Trocken";"2013";"375";"0.75";"500";"White wine";"Glass";"12.5";"4"
"Vinmonopolet";"11656501";"Gotas de Mar RosÃ©";"Gotas de Mar RosÃ©";"2019";"199.9";"0.75";"266.53";"RosÃ©vin";"Glass";"12.5";"2.1322665"
"Vinmonopolet";"11656702";"ArvesÃ¸lvet Sauternes";"ArvesÃ¸lvet Sauternes";"0";"599";"0.5";"1198";"Aquavit";"Glass";"43";"2.7860465"
"Vinmonopolet";"11656901";"Dom. des Escaravilles Rasteau Argilla ad Argillam 2018";"Dom. des Escaravilles Rasteau Argilla ad Argillam";"2018";"334.9";"0.75";"446.53";"RÃ¸dvin";"Glass";"15.5";"2.88086"
"Vinmonopolet";"11657001";"Clos des BrusquiÃ¨res ChÃ¢teauneuf-du-Pape 2013";"Clos des BrusquiÃ¨res ChÃ¢teauneuf-du-Pape";"2013";"359.9";"0.75";"479.87";"RÃ¸dvin";"Glass";"14.5";"3.309425"
"Vinmonopolet";"11657101";"Remi Poulzin CÃ´tes du RhÃ´ne Villages Native 2017";"Remi Poulzin CÃ´tes du RhÃ´ne Villages Native";"2017";"199.9";"0.75";"266.53";"RÃ¸dvin";"Glass";"13.5";"1.9743209"
"Vinmonopolet";"11657201";"Dom. Grand Nicolet Rasteau Terre des Bertrand 2017";"Dom. Grand Nicolet Rasteau Terre des Bertrand";"2017";"219.9";"0.75";"293.2";"RÃ¸dvin";"Glass";"14.5";"2.022069"
"Vinmonopolet";"11657601";"Meir Aquavit No. 1";"Meir Aquavit No. 1";"0";"429.9";"0.7";"614.14";"Aquavit";"Glass";"40";"1.5353571"
"Vinmonopolet";"11657701";"Chardonnay by Farr 2018";"Chardonnay by Farr";"2018";"489";"0.75";"652";"White wine";"Glass";"13";"5.0153847"
"Vinmonopolet";"11657801";"Farrside by Farr Pinot Noir 2017";"Farrside by Farr Pinot Noir";"2017";"499";"0.75";"665.33";"RÃ¸dvin";"Glass";"13.5";"4.9283953"
"Vinmonopolet";"11657901";"CÃ´te Chardonnay by Farr 2018";"CÃ´te Chardonnay by Farr";"2018";"630";"0.75";"840";"White wine";"Glass";"13";"6.4615383"
"Vinmonopolet";"11658001";"CÃ´te Pinot Noir by Farr 2017";"CÃ´te Pinot Noir by Farr";"2017";"630";"0.75";"840";"RÃ¸dvin";"Glass";"13.5";"6.2222223"
"Vinmonopolet";"11658101";"Sangreal by Farr Pinot Noir 2017";"Sangreal by Farr Pinot Noir";"2017";"499";"0.75";"665.33";"RÃ¸dvin";"Glass";"13.5";"4.9283953"
"Vinmonopolet";"11658201";"Tout PrÃ¨s by Farr Pinot Noir 2017";"Tout PrÃ¨s by Farr Pinot Noir";"2017";"630";"0.75";"840";"RÃ¸dvin";"Glass";"13.5";"6.2222223"
"Vinmonopolet";"11658301";"Vavasour Dashwood Sauvignon Blanc 2019";"Vavasour Dashwood Sauvignon Blanc";"2019";"179.9";"0.75";"239.87";"White wine";"Glass";"13";"1.8451282"
"Vinmonopolet";"11658402";"8 Wired Curious Juice Hazy IPA";"8 Wired Curious Juice Hazy IPA";"0";"84";"0.44";"190.91";"India pale ale";"Metall";"6";"3.1818182"
"Vinmonopolet";"11658502";"8 Wired Baltyk-Tasman Malbec Barrel Aged Baltic Porter";"8 Wired Baltyk-Tasman Malbec Barrel Aged Baltic Porter";"0";"93";"0.33";"281.82";"Porter and stout";"Glass";"9";"3.131313"
"Vinmonopolet";"11658602";"8 Wired Yes, Sensei! Punchy APA";"8 Wired Yes, Sensei! Punchy APA";"0";"61";"0.33";"184.85";"Pale ale";"Metall";"5.5";"3.3608813"
"Vinmonopolet";"11658702";"Yeastie Boys Cosmic Liquid Kiss IPA";"Yeastie Boys Cosmic Liquid Kiss IPA";"0";"82";"0.44";"186.36";"India pale ale";"Metall";"7";"2.6623378"
"Vinmonopolet";"11658802";"RÃ¸ros Bryggeri No Bullshit Bock";"RÃ¸ros Bryggeri No Bullshit Bock";"0";"85.1";"0.44";"188.86";"MÃ¸rk lager";"Emballasje med pant";"7.2";"2.6862373"
"Vinmonopolet";"11658901";"Rodelia Rosato 2019";"Rodelia Rosato";"2019";"149.9";"0.75";"199.87";"RosÃ©vin";"Glass";"12";"1.6655555"
"Vinmonopolet";"11659005";"Leitz RÃ¼desheimer Berg Schlossberg Ehrenfels Riesling Trocken";"Leitz RÃ¼desheimer Berg Schlossberg Ehrenfels Riesling Trocken";"2013";"749.6";"1.5";"499.73";"White wine";"Glass";"12.5";"3.9978666"
"Vinmonopolet";"11659101";"Matua Marlborough Chardonnay 2018";"Matua Marlborough Chardonnay";"2018";"134.9";"0.75";"179.87";"White wine";"Glass";"13";"1.3835896"
"Vinmonopolet";"11659205";"Leitz RÃ¼desheimer Berg Kaisersteinfels Riesling Terrassen";"Leitz RÃ¼desheimer Berg Kaisersteinfels Riesling Terrassen";"0";"973.6";"1.5";"649.07";"White wine";"Glass";"12.5";"5.192533"
"Vinmonopolet";"11659305";"Leitz RÃ¼desheimer Berg Rottland Hinterhaus Riesling Trocken";"Leitz RÃ¼desheimer Berg Rottland Hinterhaus Riesling Trocken";"2013";"750";"1.5";"500";"White wine";"Glass";"12.5";"4"
"Vinmonopolet";"11659405";"Leitz RÃ¼desheimer Berg Roseneck Katerloch Riesling Trocken";"Leitz RÃ¼desheimer Berg Roseneck Katerloch Riesling Trocken";"0";"750";"1.5";"500";"White wine";"Glass";"12.5";"4"
"Vinmonopolet";"11659501";"Yellow Tail Pure Bright 2019";"Yellow Tail Pure Bright";"2019";"119.9";"0.75";"159.87";"White wine";"Glass";"8.5";"1.8807844"
"Vinmonopolet";"11659701";"Bret Brothers MÃ¢con-Villages Terroirs de MÃ¢connais 2018";"Bret Brothers MÃ¢con-Villages Terroirs de MÃ¢connais";"2018";"275";"0.75";"366.67";"White wine";"Glass";"13";"2.8205128"
"Vinmonopolet";"11659801";"Bret Brothers MÃ¢con-Chardonnay 2018";"Bret Brothers MÃ¢con-Chardonnay";"2018";"300";"0.75";"400";"White wine";"Glass";"13";"3.0769231"
"Vinmonopolet";"11659901";"La SoufrandiÃ¨re Saint-VÃ©ran La Combe Desroches 2018";"La SoufrandiÃ¨re Saint-VÃ©ran La Combe Desroches";"2018";"369.9";"0.75";"493.2";"White wine";"Glass";"13";"3.7938461"
"Vinmonopolet";"11660001";"La SoufrandiÃ¨re Pouilly-Vinzelles 2018";"La SoufrandiÃ¨re Pouilly-Vinzelles";"2018";"399.9";"0.75";"533.2";"White wine";"Glass";"13";"4.101538"
"Vinmonopolet";"11660101";"Bret Brothers Beaujolais-Lantignie 2018";"Bret Brothers Beaujolais-Lantignie";"2018";"300";"0.75";"400";"RÃ¸dvin";"Glass";"13.5";"2.9629629"
"Vinmonopolet";"11660205";"Bret Brothers MÃ¢con-Villages Terroirs de MÃ¢connais 2018";"Bret Brothers MÃ¢con-Villages Terroirs de MÃ¢connais";"2018";"550";"1.5";"366.67";"White wine";"Glass";"13";"2.8205128"
"Vinmonopolet";"11660301";"Bret Brothers Pouilly-Fuisse Terres de Vergisson 2018";"Bret Brothers Pouilly-Fuisse Terres de Vergisson";"2018";"405";"0.75";"540";"White wine";"Glass";"13";"4.1538463"
"Vinmonopolet";"11660401";"Bret Brothers Brouilly La Piloniere 2018";"Bret Brothers Brouilly La Piloniere";"2018";"340";"0.75";"453.33";"RÃ¸dvin";"Glass";"13";"3.4871795"
"Vinmonopolet";"11660505";"La SoufrandiÃ¨re Saint-VÃ©ran La Combe Desroches 2018";"La SoufrandiÃ¨re Saint-VÃ©ran La Combe Desroches";"2018";"744.9";"1.5";"496.6";"White wine";"Glass";"13";"3.8200002"
"Vinmonopolet";"11660601";"JuvÃ© y Camps Gran Reserva 2009";"JuvÃ© y Camps Gran Reserva";"2009";"419.9";"0.75";"559.87";"Sparkling wine";"Glass";"12";"4.6655555"
"Vinmonopolet";"11660701";"Bret Brothers Julienas La BottiÃ¨re 2018";"Bret Brothers Julienas La BottiÃ¨re";"2018";"360";"0.75";"480";"RÃ¸dvin";"Glass";"13";"3.6923077"
"Vinmonopolet";"11660801";"Dom. Lafarge Vial Fleurie Clos Vernay 2014";"Dom. Lafarge Vial Fleurie Clos Vernay";"2014";"360";"0.75";"480";"RÃ¸dvin";"Glass";"12.5";"3.84"
"Vinmonopolet";"11660901";"Dom. Lafarge Vial Fleurie Clos Vernay 2018";"Dom. Lafarge Vial Fleurie Clos Vernay";"2018";"390";"0.75";"520";"RÃ¸dvin";"Glass";"13.5";"3.851852"
"Vinmonopolet";"11661001";"Dom. Lafarge Vial Fleurie Joie du Palais 2018";"Dom. Lafarge Vial Fleurie Joie du Palais";"2018";"390";"0.75";"520";"RÃ¸dvin";"Glass";"13";"4"
"Vinmonopolet";"11661101";"Dom. Lafarge Vial Fleurie 2018";"Dom. Lafarge Vial Fleurie";"2018";"380";"0.75";"506.67";"RÃ¸dvin";"Glass";"13.5";"3.7530863"
"Vinmonopolet";"11661202";"Langmann Gewurztraminer Beerenauslese 2017";"Langmann Gewurztraminer Beerenauslese";"2017";"234.9";"0.38";"626.4";"White wine";"Glass";"8.5";"7.2724457"
"Vinmonopolet";"11661301";"Dom. Lafarge Vial Chiroubles 2018";"Dom. Lafarge Vial Chiroubles";"2018";"360";"0.75";"480";"RÃ¸dvin";"Glass";"13.5";"3.5555556"
"Vinmonopolet";"11661401";"Dom. Lafarge Vial Cote de Brouilly 2018";"Dom. Lafarge Vial Cote de Brouilly";"2018";"390";"0.75";"520";"RÃ¸dvin";"Glass";"13";"4"
"Vinmonopolet";"11661501";"Langmann Schilchersekt";"Langmann Schilchersekt";"0";"229.9";"0.75";"306.53";"Musserende vin, rosÃ©";"Glass";"12.5";"2.4522667"
"Vinmonopolet";"11663501";"Anthill Farms Abbey-Harris Pinot Noir 2017";"Anthill Farms Abbey-Harris Pinot Noir";"2017";"528";"0.75";"704";"RÃ¸dvin";"Glass";"13.3";"5.293233"
"Vinmonopolet";"11663601";"Anthill Farms Peters Vineyard Syrah 2017";"Anthill Farms Peters Vineyard Syrah";"2017";"398";"0.75";"530.67";"RÃ¸dvin";"Glass";"13.2";"4.020202"
"Vinmonopolet";"11663701";"Black Sheep Finds Holus-Bolus Syrah 2017";"Black Sheep Finds Holus-Bolus Syrah";"2017";"379";"0.75";"505.33";"RÃ¸dvin";"Glass";"14";"3.6095238"
"Vinmonopolet";"11663801";"Mayacamas Cabernet Sauvignon 2005";"Mayacamas Cabernet Sauvignon";"2005";"1898";"0.75";"2530.67";"RÃ¸dvin";"Glass";"14";"18.07619"
"Vinmonopolet";"11663901";"Rhys Horseshoe Chardonnay 2016";"Rhys Horseshoe Chardonnay";"2016";"895";"0.75";"1193.33";"White wine";"Glass";"12.6";"9.4709"
"Vinmonopolet";"11664001";"Rhys Horseshoe Vineyard Pinot Noir 2016";"Rhys Horseshoe Vineyard Pinot Noir";"2016";"979";"0.75";"1305.33";"RÃ¸dvin";"Glass";"12.5";"10.442667"
"Vinmonopolet";"11664101";"Riveyrac Rivesaltes 1983";"Riveyrac Rivesaltes";"1983";"687.9";"0.75";"917.2";"Fortified wine";"Glass";"16.5";"5.5587883"
"Vinmonopolet";"11664201";"Pierre Chavin CÃ´tes de Provence RosÃ© 2019";"Pierre Chavin CÃ´tes de Provence RosÃ©";"2019";"154.9";"0.75";"206.53";"RosÃ©vin";"Glass";"12.5";"1.6522666"
"Vinmonopolet";"11664401";"Barth B-Nat 2018";"Barth B-Nat";"2018";"345";"0.75";"460";"Perlende vin, rosÃ©";"Glass";"12";"3.8333333"
"Vinmonopolet";"11664901";"Andersen Winery Ben A SolbÃ¦r Doux 2017";"Andersen Winery Ben A SolbÃ¦r Doux";"2017";"349.7";"0.75";"466.27";"Fruit wine";"Glass";"9";"5.180741"
"Vinmonopolet";"11665001";"Andersen Winery Ingrid Ãble Brut 2017";"Andersen Winery Ingrid Ãble Brut";"2017";"349";"0.75";"465.33";"Fruit wine";"Glass";"11";"4.230303"
"Vinmonopolet";"11665101";"Andersen Winery Elmsfeuer Rabarber Sec 2018";"Andersen Winery Elmsfeuer Rabarber Sec";"2018";"349";"0.75";"465.33";"Fruit wine";"Glass";"9";"5.1703706"
"Vinmonopolet";"11665201";"Monterinaldi Chianti Classico Riserva 2016";"Monterinaldi Chianti Classico Riserva";"2016";"329.9";"0.75";"439.87";"RÃ¸dvin";"Glass";"13.5";"3.2582715"
"Vinmonopolet";"11665301";"Monterinaldi Chianti Classico 2016";"Monterinaldi Chianti Classico";"2016";"249.9";"0.75";"333.2";"RÃ¸dvin";"Glass";"13.5";"2.468148"
"Vinmonopolet";"11665401";"Monterinaldi Chianti Classico Vigneto Boscone 2016";"Monterinaldi Chianti Classico Vigneto Boscone";"2016";"399.9";"0.75";"533.2";"RÃ¸dvin";"Glass";"13.5";"3.9496295"
"Vinmonopolet";"11665601";"J.M. da Fonseca By The Wine Reserva 2018";"J.M. da Fonseca By The Wine Reserva";"2018";"179.9";"0.75";"239.87";"RÃ¸dvin";"Glass";"13.5";"1.77679"
"Vinmonopolet";"11665706";"J. M. da Fonseca By the Wine Reserva 2018";"J. M. da Fonseca By the Wine Reserva";"2018";"464.9";"3";"154.97";"RÃ¸dvin";"Bag-in-box";"13.5";"1.1479012"
"Vinmonopolet";"11665901";"Barbarot BÃ¡rbara Palacios 2014";"Barbarot BÃ¡rbara Palacios";"2014";"296.8";"0.75";"395.73";"RÃ¸dvin";"Glass";"14";"2.8266666"
"Vinmonopolet";"11666001";"JimÃ©nez-Landi Sotorrondero 2018";"JimÃ©nez-Landi Sotorrondero";"2018";"262.8";"0.75";"350.4";"RÃ¸dvin";"Glass";"14.5";"2.4165516"
"Vinmonopolet";"11666202";"BrewDog Nanny State";"BrewDog Nanny State";"0";"21.9";"0.33";"60.3";"Alkoholfritt Ã¸l";"Emballasje med pant";"0.5";"13.272726"
"Vinmonopolet";"11666305";"Jacquesson CuvÃ©e No 742";"Jacquesson CuvÃ©e No 742";"0";"1379.9";"1.5";"919.93";"Champagne extra brut";"Glass";"12.5";"7.359467"
"Vinmonopolet";"11666401";"Dom. Marc Morey Rully 2013";"Dom. Marc Morey Rully";"2013";"499.9";"0.75";"666.53";"White wine";"Glass";"13.5";"4.937284"
"Vinmonopolet";"11666701";"Massolino Moscato d'Asti 2019";"Massolino Moscato d'Asti";"2019";"199.9";"0.75";"266.53";"White wine";"Glass";"5";"5.3306665"
"Vinmonopolet";"11666801";"Gianni Brunelli Rosso di Montalcino 2018";"Gianni Brunelli Rosso di Montalcino";"2018";"340";"0.75";"453.33";"RÃ¸dvin";"Glass";"13.5";"3.3580246"
"Vinmonopolet";"11666902";"NÃ¸isom KÃ¸nnvin";"NÃ¸isom KÃ¸nnvin";"0";"62.2";"0.33";"188.49";"Barley wine	";"Glass";"12.8";"1.4725379"
"Vinmonopolet";"11667001";"Faiveley Mercurey 1er cru Le Clos du Roy 2018";"Faiveley Mercurey 1er cru Le Clos du Roy";"2018";"339.9";"0.75";"453.2";"RÃ¸dvin";"Glass";"13";"3.4861538"
"Vinmonopolet";"11667101";"Faiveley Mercurey La FramboisiÃ¨re 2018";"Faiveley Mercurey La FramboisiÃ¨re";"2018";"295";"0.75";"393.33";"RÃ¸dvin";"Glass";"13";"3.025641"
"Vinmonopolet";"11667201";"Dom. Faiveley Mercurey 1er cru Clos des Myglands 2018";"Dom. Faiveley Mercurey 1er cru Clos des Myglands";"2018";"325";"0.75";"433.33";"RÃ¸dvin";"Glass";"13";"3.3333333"
"Vinmonopolet";"11667301";"Faiveley Mercurey Vieilles Vignes 2018";"Faiveley Mercurey Vieilles Vignes";"2018";"255";"0.75";"340";"RÃ¸dvin";"Glass";"13";"2.6153846"
"Vinmonopolet";"11667401";"Ch. la Tour l'Aspic 2006";"Ch. la Tour l'Aspic";"2006";"334.3";"0.75";"445.73";"RÃ¸dvin";"Glass";"13";"3.4287179"
"Vinmonopolet";"11667501";"JM Cazes Haut Batailley Verso 2017";"JM Cazes Haut Batailley Verso";"2017";"389.9";"0.75";"519.87";"RÃ¸dvin";"Glass";"13";"3.9989743"
"Vinmonopolet";"11667601";"Ch. Cap de FaugÃ¨res 2011";"Ch. Cap de FaugÃ¨res";"2011";"179.9";"0.75";"239.87";"RÃ¸dvin";"Glass";"13.5";"1.77679"
"Vinmonopolet";"11667705";"Faiveley Mercurey La FramboisiÃ¨re 2018";"Faiveley Mercurey La FramboisiÃ¨re";"2018";"589.9";"1.5";"393.27";"RÃ¸dvin";"Glass";"13";"3.0251284"
"Vinmonopolet";"11667805";"Faiveley Mercurey Vieilles Vignes 2018";"Faiveley Mercurey Vieilles Vignes";"2018";"499.9";"1.5";"333.27";"RÃ¸dvin";"Glass";"13";"2.5635898"
"Vinmonopolet";"11667901";"Gianni Brunelli Brunello di Montalcino 2015";"Gianni Brunelli Brunello di Montalcino";"2015";"555";"0.75";"740";"RÃ¸dvin";"Glass";"14";"5.285714"
"Vinmonopolet";"11668001";"Gianni Brunelli Toscano Rosso 2017";"Gianni Brunelli Toscano Rosso";"2017";"280";"0.75";"373.33";"RÃ¸dvin";"Glass";"14";"2.6666667"
"Vinmonopolet";"11668101";"Solagra Casa do Sol AlbariÃ±o 2016";"Solagra Casa do Sol AlbariÃ±o";"2016";"223.2";"0.75";"297.6";"White wine";"Glass";"13";"2.2892308"
"Vinmonopolet";"11668201";"Jimenez-Landi El CorraleÃ²n 2018";"Jimenez-Landi El CorraleÃ²n";"2018";"222.6";"0.75";"296.8";"RÃ¸dvin";"Glass";"14.5";"2.0468967"
"Vinmonopolet";"11668401";"Floralba Terre Siciliane Pinot Grigio 2019";"Floralba Terre Siciliane Pinot Grigio";"2019";"133.8";"0.75";"178.4";"White wine";"Glass";"12.5";"1.4272001"
"Vinmonopolet";"11668601";"La Vita Rose Terre Siciliane RosÃ©";"La Vita Rose Terre Siciliane RosÃ©";"2019";"149.9";"0.75";"199.87";"RosÃ©vin";"Glass";"12.5";"1.5989332"
"Vinmonopolet";"11668706";"Thr3 Monkeys RosÃ©";"Thr3 Monkeys RosÃ©";"2018";"339.9";"3";"113.3";"RosÃ©vin";"Bag-in-box";"8.5";"1.3329412"
"Vinmonopolet";"11668805";"Monte del FrÃ  CÃ  del Magro Custoza Superiore";"Monte del FrÃ  CÃ  del Magro Custoza Superiore";"2017";"339.9";"1.5";"226.6";"White wine";"Glass";"13";"1.7430769"
"Vinmonopolet";"11668901";"Floralba Montepulciano d'Abruzzo";"Floralba Montepulciano d'Abruzzo";"2018";"133.8";"0.75";"178.4";"RÃ¸dvin";"Glass";"12.5";"1.4272001"
"Vinmonopolet";"11669001";"Les ArdoisiÃ¨res Schiste Blanc 2018";"Les ArdoisiÃ¨res Schiste Blanc";"2018";"499.9";"0.75";"666.53";"White wine";"Glass";"12.5";"5.332267"
"Vinmonopolet";"11669101";"Bolney Estate Pinot Noir 2018";"Bolney Estate Pinot Noir";"2018";"269.9";"0.75";"359.87";"RÃ¸dvin";"Glass";"12";"2.9988887"
"Vinmonopolet";"11669201";"Soalheiro Mineral RosÃ©";"Soalheiro Mineral RosÃ©";"2018";"200";"0.75";"266.67";"RosÃ©vin";"Glass";"12.5";"2.1333334"
"Vinmonopolet";"11669301";"Brilla! Spumante RosÃ© Extra Dry";"Brilla! Spumante RosÃ© Extra Dry";"0";"149.9";"0.75";"199.87";"Musserende vin, rosÃ©";"Glass";"11";"1.8169696"
"Vinmonopolet";"11669401";"Weszeli Felix GrÃ¼ner Veltliner";"Weszeli Felix GrÃ¼ner Veltliner";"2019";"164.9";"0.75";"219.87";"White wine";"Glass";"11.5";"1.911884"
"Vinmonopolet";"11669602";"Klokk & Co Chill IPA";"Klokk & Co Chill IPA";"2020";"53.9";"0.33";"157.27";"India pale ale";"Emballasje med pant";"8";"2.0416667"
"Vinmonopolet";"11669801";"Pascal Jolivet Sancerre";"Pascal Jolivet Sancerre";"2019";"279.9";"0.75";"373.2";"White wine";"Glass";"12.5";"2.9856"
"Vinmonopolet";"11669901";"Pascal Jolivet Blanc-FumÃ©";"Pascal Jolivet Blanc-FumÃ©";"2019";"279.9";"0.75";"373.2";"White wine";"Glass";"12.5";"2.9856"
"Vinmonopolet";"11670001";"Rebel RosÃ©";"Rebel RosÃ©";"2019";"149.9";"0.75";"199.87";"RosÃ©vin";"Glass";"12";"1.6655555"
"Vinmonopolet";"11670201";"#NKVO Prosecco";"#NKVO Prosecco";"0";"159.9";"0.75";"213.2";"Sparkling wine";"Glass";"11";"1.9381818"
"Vinmonopolet";"11670301";"Brandini Filari Lunghi Dolcetto d'Alba";"Brandini Filari Lunghi Dolcetto d'Alba";"2018";"229.9";"0.75";"306.53";"RÃ¸dvin";"Glass";"13";"2.3579485"
"Vinmonopolet";"11670401";"Brandini Rebelle Langhe Bianco";"Brandini Rebelle Langhe Bianco";"2018";"299.9";"0.75";"399.87";"White wine";"Glass";"13";"3.0758975"
"Vinmonopolet";"11670501";"Brandini Barolo R56 2015";"Brandini Barolo R56";"2015";"599.9";"0.75";"799.87";"RÃ¸dvin";"Glass";"14.5";"5.516322"
"Vinmonopolet";"11670802";"PÃµhjala x Browar Baltic Pride Porter";"PÃµhjala x Browar Baltic Pride Porter";"0";"89.9";"0.33";"272.42";"Porter and stout";"Glass";"12.5";"2.179394"
"Vinmonopolet";"11670902";"7 Fjell x Solo Joint Venture Daidalos";"7 Fjell x Solo Joint Venture Daidalos";"0";"69.9";"0.33";"211.82";"Special";"Glass";"7.8";"2.7156177"
"Vinmonopolet";"11671002";"7 Fjell Ilskebeist Quadrupel";"7 Fjell Ilskebeist Quadrupel";"0";"89";"0.33";"269.7";"Trappist";"Glass";"11.3";"2.3866987"
"Vinmonopolet";"11671302";"7 Fjell x MjÃ¸deriet Honey Trap Braggotdocious Sour";"7 Fjell x MjÃ¸deriet Honey Trap Braggotdocious Sour";"0";"69.9";"0.33";"211.82";"Special";"Glass";"7.2";"2.9419193"
"Vinmonopolet";"11672101";"Le Petit Balthazar Viognier Sauvignon Blanc 2019";"Le Petit Balthazar Viognier Sauvignon Blanc";"2019";"139.9";"0.75";"186.53";"White wine";"Glass";"11";"1.6957575"
"Vinmonopolet";"11672201";"Le Petit Balthazar RosÃ© 2019";"Le Petit Balthazar RosÃ©";"2019";"139.9";"0.75";"186.53";"RosÃ©vin";"Glass";"11";"1.6957575"
"Vinmonopolet";"11672301";"Alexandre Lamblot Intuition Nature LD";"Alexandre Lamblot Intuition Nature LD";"2016";"599";"0.75";"798.67";"Champagne extra brut";"Glass";"12";"6.6555557"
"Vinmonopolet";"11672401";"Alexandre Lamblot Les Cotes Cheries";"Alexandre Lamblot Les Cotes Cheries";"2015";"750";"0.75";"1000";"Champagne extra brut";"Glass";"12";"8.333333"
"Vinmonopolet";"11672505";"Alexandre Lamblot Intuition Nature LM";"Alexandre Lamblot Intuition Nature LM";"2016";"1103.8";"1.5";"735.87";"Champagne extra brut";"Glass";"12";"6.1322227"
"Vinmonopolet";"11672602";"Alexandre Lamblot Rata du Rene";"Alexandre Lamblot Rata du Rene";"0";"450";"0.5";"900";"Fortified wine";"Glass";"17.5";"5.142857"
"Vinmonopolet";"11672701";"Santa Maria Lepiga Soave";"Santa Maria Lepiga Soave";"2018";"188";"0.75";"250.67";"White wine";"Glass";"12.5";"2.0053334"
"Vinmonopolet";"11672801";"Santa Maria Valpolicella Classico Superiore Ripasso";"Santa Maria Valpolicella Classico Superiore Ripasso";"2017";"279";"0.75";"372";"RÃ¸dvin";"Glass";"14";"2.6571429"
"Vinmonopolet";"11672901";"Santa Maria Decima Aurea Merlot";"Santa Maria Decima Aurea Merlot";"2011";"376";"0.75";"501.33";"RÃ¸dvin";"Glass";"14.5";"3.4574714"
"Vinmonopolet";"11673001";"Santa Maria Amarone della Valpolicella Classico 2013";"Santa Maria Amarone della Valpolicella Classico";"2013";"517";"0.75";"689.33";"RÃ¸dvin";"Glass";"16";"4.3083334"
"Vinmonopolet";"11673101";"Santa Maria PrÃ gal Verona";"Santa Maria PrÃ gal Verona";"2018";"189";"0.75";"252";"RÃ¸dvin";"Glass";"13.5";"1.8666667"
"Vinmonopolet";"11673201";"Santa Maria Valpolicella Classico Superiore";"Santa Maria Valpolicella Classico Superiore";"2017";"218";"0.75";"290.67";"RÃ¸dvin";"Glass";"14";"2.0761905"
"Vinmonopolet";"11673301";"The White Queen by The Wonderland Project Chardonnay 2016";"The White Queen by The Wonderland Project Chardonnay";"2016";"339";"0.75";"452";"White wine";"Glass";"13.5";"3.348148"
"Vinmonopolet";"11673401";"The Wonderland Project Two Kings Pinot Noir 2018";"The Wonderland Project Two Kings Pinot Noir";"2018";"364";"0.75";"485.33";"RÃ¸dvin";"Glass";"13.5";"3.5950618"
"Vinmonopolet";"11673501";"Scribe Carneros Chardonnay 2016";"Scribe Carneros Chardonnay";"2016";"394";"0.75";"525.33";"White wine";"Glass";"12.5";"4.2026668"
"Vinmonopolet";"11673602";"Scribe Carneros Chardonnay Skin fermented 2016";"Scribe Carneros Chardonnay Skin fermented";"2016";"399";"0.5";"798";"White wine";"Glass";"12.5";"6.384"
"Vinmonopolet";"11673701";"Scribe Carneros Pinot Noir 2017";"Scribe Carneros Pinot Noir";"2017";"499";"0.75";"665.33";"RÃ¸dvin";"Glass";"13.5";"4.9283953"
"Vinmonopolet";"11673801";"Craven Cabernet Sauvignon";"Craven Cabernet Sauvignon";"2019";"299.9";"0.75";"399.87";"RÃ¸dvin";"Glass";"12.5";"3.1989334"
"Vinmonopolet";"11673901";"Craven Chardonnay";"Craven Chardonnay";"2019";"279.9";"0.75";"373.2";"White wine";"Glass";"12.5";"2.9856"
"Vinmonopolet";"11674001";"Corvezzo Prosecco";"Corvezzo Prosecco";"0";"122.9";"0.75";"163.87";"Sparkling wine";"Glass";"11.5";"1.4249276"
"Vinmonopolet";"11674101";"Corvezzo Spumante Rosato";"Corvezzo Spumante Rosato";"0";"122.9";"0.75";"163.87";"Musserende vin, rosÃ©";"Glass";"11.5";"1.4249276"
"Vinmonopolet";"11674201";"RÃ©unis CuvÃ©e Dissenay Chardonnay 2019";"RÃ©unis CuvÃ©e Dissenay Chardonnay";"2019";"139.9";"0.75";"186.53";"White wine";"Glass";"13.5";"1.3817283"
"Vinmonopolet";"11674301";"RÃ©unis Captain Sunshine Marselan 2019";"RÃ©unis Captain Sunshine Marselan";"2019";"129.9";"0.75";"173.2";"RÃ¸dvin";"Glass";"14";"1.2371428"
"Vinmonopolet";"11674401";"El Sabroso PaÃ¯s";"El Sabroso PaÃ¯s";"2019";"112.9";"0.75";"146.53";"RÃ¸dvin";"Emballasje med pant";"12.5";"1.2042667"
"Vinmonopolet";"11674606";"Monastier Chardonnay";"Monastier Chardonnay";"0";"449.9";"3";"149.97";"White wine";"Bag-in-box";"14";"1.0711905"
"Vinmonopolet";"11674701";"Claude Dugat Gevrey-Chambertin 2017";"Claude Dugat Gevrey-Chambertin";"2017";"1019.9";"0.75";"1359.87";"RÃ¸dvin";"Glass";"12";"11.332223"
"Vinmonopolet";"11674801";"Monastier Grenache Rose 2019";"Monastier Grenache Rose";"2019";"119.9";"0.75";"159.87";"RosÃ©vin";"Glass";"12";"1.3322222"
"Vinmonopolet";"11674901";"Claude Dugat Gevrey-Chambertin 1er Cru 2017";"Claude Dugat Gevrey-Chambertin 1er Cru";"2017";"1944.9";"0.75";"2593.2";"RÃ¸dvin";"Glass";"12";"21.61"
"Vinmonopolet";"11675001";"Claude Dugat Charmes-Chambertin Grand Cru 2017";"Claude Dugat Charmes-Chambertin Grand Cru";"2017";"3779.9";"0.75";"5039.87";"RÃ¸dvin";"Glass";"12.5";"40.31893"
"Vinmonopolet";"11675101";"Claude Dugat Griotte-Chambertin Grand Cru 2017";"Claude Dugat Griotte-Chambertin Grand Cru";"2017";"3779.9";"0.75";"5039.87";"RÃ¸dvin";"Glass";"12.5";"40.31893"
"Vinmonopolet";"11675201";"Claude Dugat Gevrey-Chambertin 1er Cru Labaux St Jacques 2017";"Claude Dugat Gevrey-Chambertin 1er Cru Labaux St Jacques";"2017";"2074.9";"0.75";"2766.53";"RÃ¸dvin";"Glass";"12.5";"22.132265"
"Vinmonopolet";"11675301";"Claude Dugat Chapelle-Chambertin Grand Cru 2017";"Claude Dugat Chapelle-Chambertin Grand Cru";"2017";"3500";"0.75";"4666.67";"RÃ¸dvin";"Glass";"12.5";"37.333332"
"Vinmonopolet";"11675401";"Massolino Barolo Parafada 2015";"Massolino Barolo Parafada";"2015";"799.9";"0.75";"1066.53";"RÃ¸dvin";"Glass";"14.5";"7.3554025"
"Vinmonopolet";"11675501";"Massolino Barolo Parussi";"Massolino Barolo Parussi";"2015";"799.9";"0.75";"1066.53";"RÃ¸dvin";"Glass";"14.5";"7.3554025"
"Vinmonopolet";"11675601";"Monastier Chardonnay 2019";"Monastier Chardonnay";"2019";"119.9";"0.75";"159.87";"White wine";"Glass";"13.5";"1.1841975"
"Vinmonopolet";"11675801";"Penfolds x ThiÃ©not Champagne Lot 1-175 2012";"Penfolds x ThiÃ©not Champagne Lot 1-175";"2012";"1589.9";"0.75";"2119.87";"Champagne, brut";"Glass";"12.5";"16.958933"
"Vinmonopolet";"11675901";"19 Crimes The Uprising 2019";"19 Crimes The Uprising";"2019";"144.9";"0.75";"193.2";"RÃ¸dvin";"Glass";"14.5";"1.3324138"
"Vinmonopolet";"11676001";"Zind-Humbreht Turckheim Muscat";"Zind-Humbreht Turckheim Muscat";"2018";"249.9";"0.75";"333.2";"White wine";"Glass";"12";"2.7766666"
"Vinmonopolet";"11676101";"Zind-Humbrecht Clos Windsbuhl Pinot Gris 2017";"Zind-Humbrecht Clos Windsbuhl Pinot Gris";"2017";"599.9";"0.75";"799.87";"White wine";"Glass";"13";"6.1528206"
"Vinmonopolet";"11676201";"Zind-Humbrecht Roche RoulÃ©e Muscat";"Zind-Humbrecht Roche RoulÃ©e Muscat";"2017";"319.9";"0.75";"426.53";"White wine";"Glass";"13";"3.2810256"
"Vinmonopolet";"11676301";"Zind-Humbrecht Roche RoulÃ©e Pinot Gris";"Zind-Humbrecht Roche RoulÃ©e Pinot Gris";"0";"299.9";"0.75";"399.87";"White wine";"Glass";"13.5";"2.9619753"
"Vinmonopolet";"11676401";"Zind-Humbrecht Clos Windsbuhl Gewurztraminer";"Zind-Humbrecht Clos Windsbuhl Gewurztraminer";"0";"599";"0.75";"798.67";"White wine";"Glass";"13";"6.14359"
"Vinmonopolet";"11676501";"Zind-Humbrecht Turckheim Pinot Gris";"Zind-Humbrecht Turckheim Pinot Gris";"2018";"249.9";"0.75";"333.2";"White wine";"Glass";"12.5";"2.6655998"
"Vinmonopolet";"11676601";"Zind-Humbrecht Roche Calcaire Pinot Gris";"Zind-Humbrecht Roche Calcaire Pinot Gris";"0";"299.9";"0.75";"399.87";"White wine";"Glass";"13";"3.0758975"
"Vinmonopolet";"11676702";"LÃ¸kka Tropicana";"LÃ¸kka Tropicana";"0";"73.3";"0.5";"146.6";"SurÃ¸l";"Glass";"5";"2.9320002"
"Vinmonopolet";"11677801";"Louis Jadot Charmes-Chambertin Grand Cru 2017";"Louis Jadot Charmes-Chambertin Grand Cru";"2017";"1690";"0.75";"2253.33";"RÃ¸dvin";"Glass";"13.5";"16.691359"
"Vinmonopolet";"11677901";"Chauvet Freres CrÃ©mant de Bourgogne";"Chauvet Freres CrÃ©mant de Bourgogne";"0";"219.9";"0.75";"293.2";"Sparkling wine";"Glass";"12";"2.4433331"
"Vinmonopolet";"11678001";"Kloster-Eberbach AssmannshÃ¤user HÃ¶llenberg FrÃ¼hburgunder Crescentia Trocken 2016";"Kloster-Eberbach AssmannshÃ¤user HÃ¶llenberg FrÃ¼hburgunder Crescentia Trocken";"2016";"499.9";"0.75";"666.53";"RÃ¸dvin";"Glass";"14";"4.7609525"
"Vinmonopolet";"11678101";"Kloster-Eberbach Steinberger Riesling SpÃ¤tlese 2009";"Kloster-Eberbach Steinberger Riesling SpÃ¤tlese";"2009";"499.9";"0.75";"666.53";"White wine";"Glass";"7.5";"8.887111"
"Vinmonopolet";"11678201";"Louis Jadot RÃ©sonance Willamette Valley Pinot Noir";"Louis Jadot RÃ©sonance Willamette Valley Pinot Noir";"2016";"400.2";"0.75";"533.6";"RÃ¸dvin";"Glass";"13.5";"3.9525926"
"Vinmonopolet";"11678301";"Kloster Ebarbach Pinot Noir Trocken";"Kloster Ebarbach Pinot Noir Trocken";"2018";"159.4";"0.75";"212.53";"RÃ¸dvin";"Glass";"13";"1.6348717"
"Vinmonopolet";"11678401";"M. Chapoutier Tournon Lady's Lane";"M. Chapoutier Tournon Lady's Lane";"2016";"369.9";"0.75";"493.2";"RÃ¸dvin";"Glass";"14";"3.5228572"
"Vinmonopolet";"11678501";"Birichino Boer Vineyard Pinot Noir";"Birichino Boer Vineyard Pinot Noir";"2016";"399.9";"0.75";"533.2";"RÃ¸dvin";"Glass";"13.5";"3.9496295"
"Vinmonopolet";"11678602";"Fourpure Juicebox Citrus IPA";"Fourpure Juicebox Citrus IPA";"0";"52.6";"0.33";"153.33";"India pale ale";"Emballasje med pant";"5.9";"2.701592"
"Vinmonopolet";"11679002";"Kopparberg Wildberries X-Strong";"Kopparberg Wildberries X-Strong";"0";"38.9";"0.33";"117.88";"Cider";"Metall";"7.5";"1.5717171"
"Vinmonopolet";"11679102";"Kopparberg Pear X-Strong";"Kopparberg Pear X-Strong";"0";"38.9";"0.33";"117.88";"Cider";"Metall";"7";"1.6839827"
"Vinmonopolet";"11679201";"The Boutique Selection MÃ¢con-Villages";"The Boutique Selection MÃ¢con-Villages";"2018";"174.9";"0.75";"233.2";"White wine";"Glass";"12.5";"1.8656"
"Vinmonopolet";"11679301";"Vazart Coquart Special Club 2012";"Vazart Coquart Special Club";"2012";"599";"0.75";"798.67";"Champagne extra brut";"Glass";"12";"6.6555557"
"Vinmonopolet";"11679401";"Vazart-Coquart CuvÃ©e 82-13";"Vazart-Coquart CuvÃ©e 82-13";"0";"599";"0.75";"798.67";"Champagne extra brut";"Glass";"12";"6.6555557"
"Vinmonopolet";"11679601";"Clavesana Mito Langhe Pinot Nero 2017";"Clavesana Mito Langhe Pinot Nero";"2017";"200";"0.75";"266.67";"RÃ¸dvin";"Glass";"13";"2.0512822"
"Vinmonopolet";"11679701";"Clavesana Barolo Mito 2015";"Clavesana Barolo Mito";"2015";"229.9";"0.75";"306.53";"RÃ¸dvin";"Glass";"14";"2.1895237"
"Vinmonopolet";"11679801";"WH 48 Dry Gin";"WH 48 Dry Gin";"0";"645";"0.7";"921.43";"Gin";"Glass";"44";"2.0941558"
"Vinmonopolet";"11679901";"WH 48 Amburana London Dry Gin";"WH 48 Amburana London Dry Gin";"0";"634";"0.7";"905.71";"Gin";"Glass";"40";"2.2642858"
"Vinmonopolet";"11680001";"WH 48 Dry Gin Pink";"WH 48 Dry Gin Pink";"0";"663.9";"0.7";"948.43";"Gin";"Glass";"44";"2.1555195"
"Vinmonopolet";"11680106";"Laroche RosÃ© L 2019";"Laroche RosÃ© L";"2019";"259.9";"1.5";"173.27";"RosÃ©vin";"Pouch";"12.5";"1.3861333"
"Vinmonopolet";"11680206";"Gassier Coteaux d'Aix-en-Provence 2019";"Gassier Coteaux d'Aix-en-Provence";"2019";"469.9";"2.25";"208.84";"RosÃ©vin";"Bag-in-box";"12.5";"1.6707555"
"Vinmonopolet";"11680301";"JeanJean Domaine Le Pive 2019";"JeanJean Domaine Le Pive";"2019";"154.9";"0.75";"206.53";"RosÃ©vin";"Glass";"12";"1.721111"
"Vinmonopolet";"11680401";"Lioco Mendocino County Pinot Noir 2017";"Lioco Mendocino County Pinot Noir";"2017";"418.8";"0.75";"558.4";"RÃ¸dvin";"Glass";"13.5";"4.1362963"
"Vinmonopolet";"11680501";"Scribe Carneros St. Laurent 2018";"Scribe Carneros St. Laurent";"2018";"500.4";"0.75";"667.2";"RÃ¸dvin";"Glass";"11.5";"5.801739"
"Vinmonopolet";"11680601";"Lioco Sativa Mendocino Carignan 2016";"Lioco Sativa Mendocino Carignan";"2016";"419";"0.75";"558.67";"RÃ¸dvin";"Glass";"13.2";"4.232323"
"Vinmonopolet";"11680701";"Cataldo Calabretta CirÃ² Classico Superiore 2016";"Cataldo Calabretta CirÃ² Classico Superiore";"2016";"269";"0.75";"358.67";"RÃ¸dvin";"Glass";"14";"2.5619047"
"Vinmonopolet";"11680805";"Lanzerac Pinotage 2015";"Lanzerac Pinotage";"2015";"552";"1.5";"368";"RÃ¸dvin";"Glass";"14";"2.6285715"
"Vinmonopolet";"11680901";"Three Sixty Vodka";"Three Sixty Vodka";"0";"342";"0.7";"488.57";"Vodka";"Glass";"37.5";"1.3028572"
"Vinmonopolet";"11681001";"Lanzerac Cab. Sauv. Merlot Petit Verdot";"Lanzerac Cab. Sauv. Merlot Petit Verdot";"2016";"224";"0.75";"298.67";"RÃ¸dvin";"Glass";"14";"2.1333334"
"Vinmonopolet";"11681101";"Giffard Pink Grapefruit";"Giffard Pink Grapefruit";"0";"282.9";"0.7";"404.14";"LikÃ¸r";"Glass";"16";"2.5258927"
"Vinmonopolet";"11681201";"Giffard Banane du Bresil";"Giffard Banane du Bresil";"0";"362.9";"0.7";"518.43";"LikÃ¸r";"Glass";"25";"2.0737143"
"Vinmonopolet";"11681301";"Giffard CuraÃ§ao";"Giffard CuraÃ§ao";"0";"332.9";"0.7";"475.57";"LikÃ¸r";"Glass";"25";"1.9022857"
"Vinmonopolet";"11681402";"LÃ¸iten Solvegg Aquavit";"LÃ¸iten Solvegg Aquavit";"0";"319.9";"0.5";"639.8";"Aquavit";"Plast";"38";"1.6836842"
"Vinmonopolet";"11681501";"Barberossa Piemonte Barbera 2019";"Barberossa Piemonte Barbera";"2019";"139.9";"0.75";"186.53";"RÃ¸dvin";"Glass";"13";"1.4348717"
"Vinmonopolet";"11681901";"Dom. des Terres de Velle Bourgogne CÃ´te d'Or Pinot Noir 2017";"Dom. des Terres de Velle Bourgogne CÃ´te d'Or Pinot Noir";"2017";"299";"0.75";"398.67";"RÃ¸dvin";"Glass";"13";"3.0666666"
"Vinmonopolet";"11682001";"Dom. des Terres de Velle Auxey-Duresses Les Closeaux 2017";"Dom. des Terres de Velle Auxey-Duresses Les Closeaux";"2017";"375";"0.75";"500";"RÃ¸dvin";"Glass";"13";"3.8461537"
"Vinmonopolet";"11682101";"Dom. des Terres de Velle Volnay Premiere Cru Le Ronceret 2017";"Dom. des Terres de Velle Volnay Premiere Cru Le Ronceret";"2017";"597.9";"0.75";"797.2";"RÃ¸dvin";"Glass";"13";"6.132308"
"Vinmonopolet";"11682201";"Vazart-Coquart SpÃ©cial Foie Gras Blanc de Blancs Sec";"Vazart-Coquart SpÃ©cial Foie Gras Blanc de Blancs Sec";"0";"598.1";"0.75";"797.47";"Champagne, sec";"Glass";"12";"6.6455555"
"Vinmonopolet";"11682301";"Rolet CrÃ©mant du Jura CuvÃ©e Coeur de Chardonnay 2016";"Rolet CrÃ©mant du Jura CuvÃ©e Coeur de Chardonnay";"2016";"310";"0.75";"413.33";"Sparkling wine";"Glass";"12.5";"3.3066666"
"Vinmonopolet";"11682401";"Rolet Arbois Trousseau 2015";"Rolet Arbois Trousseau";"2015";"205";"0.75";"273.33";"RÃ¸dvin";"Glass";"13";"2.102564"
"Vinmonopolet";"11682505";"Rolet CÃ´te du Jura Chardonnay 1997";"Rolet CÃ´te du Jura Chardonnay";"1997";"850";"1.5";"566.67";"White wine";"Glass";"13";"4.3589745"
"Vinmonopolet";"11682801";"Donnafugata Lighea Zibibbo 2019";"Donnafugata Lighea Zibibbo";"2019";"224.9";"0.75";"299.87";"White wine";"Glass";"12.5";"2.3989332"
"Vinmonopolet";"11682901";"De Martino Old Vine Series Las Olvidadas";"De Martino Old Vine Series Las Olvidadas";"2018";"379.9";"0.75";"506.53";"RÃ¸dvin";"Glass";"12.5";"4.0522666"
"Vinmonopolet";"11683001";"A.A. Badenhorst Bokveld Pinot Noir 2018";"A.A. Badenhorst Bokveld Pinot Noir";"2018";"429.9";"0.75";"573.2";"RÃ¸dvin";"Glass";"12.5";"4.5856"
"Vinmonopolet";"11683201";"A.A. Badenhorst Kelder Steen 2018";"A.A. Badenhorst Kelder Steen";"2018";"429.9";"0.75";"573.2";"White wine";"Glass";"13.5";"4.245926"
"Vinmonopolet";"11683401";"Barberani Grechetto 2019";"Barberani Grechetto";"2019";"199.9";"0.75";"266.53";"White wine";"Glass";"12.5";"2.1322665"
"Vinmonopolet";"11683501";"Barberani Foresco";"Barberani Foresco";"2017";"209.9";"0.75";"279.87";"RÃ¸dvin";"Glass";"13.5";"2.0730863"
"Vinmonopolet";"11683801";"BrewDog Distilling Co. Cloudy Lemon Gin";"BrewDog Distilling Co. Cloudy Lemon Gin";"0";"535.9";"0.7";"765.57";"Gin";"Glass";"40";"1.9139287"
"Vinmonopolet";"11684102";"Duchesse Chocolate Cherry";"Duchesse Chocolate Cherry";"0";"64.9";"0.33";"196.67";"SurÃ¸l";"Glass";"6.8";"2.8921568"
"Vinmonopolet";"11685001";"Bouchard HÃ©ritage du Conseiller Pinot Noir RosÃ© 2019";"Bouchard HÃ©ritage du Conseiller Pinot Noir RosÃ©";"2019";"129.9";"0.75";"173.2";"RosÃ©vin";"Glass";"12.5";"1.3856"
"Vinmonopolet";"11685101";"Von Buhl Suez Riesling Brut Nature Vintage 2015";"Von Buhl Suez Riesling Brut Nature Vintage";"2015";"424.8";"0.75";"566.4";"Sparkling wine";"Glass";"12.5";"4.5312"
"Vinmonopolet";"11685201";"Aperol";"Aperol";"0";"299.9";"1";"299.9";"Other spirit";"Glass";"11";"2.7263637"
"Vinmonopolet";"11685304";"Luscombe Hot Ginger Beer";"Luscombe Hot Ginger Beer";"0";"21.7";"0.2";"108.5";"Non-alcoholic beverage";"Glass";"0.1";"108.5"
"Vinmonopolet";"11685901";"Ch. Vrai Caillou TÃ¸nsberg Bordeaux";"Ch. Vrai Caillou TÃ¸nsberg Bordeaux";"2016";"148";"0.75";"197.33";"RÃ¸dvin";"Glass";"12";"1.6444445"
"Vinmonopolet";"11686001";"Ch. Vrai Caillou Larvik Bordeaux";"Ch. Vrai Caillou Larvik Bordeaux";"2016";"148";"0.75";"197.33";"RÃ¸dvin";"Glass";"12";"1.6444445"
"Vinmonopolet";"11686102";"Gipsy Hill Outlooker Triple Fruited Sour";"Gipsy Hill Outlooker Triple Fruited Sour";"0";"67.9";"0.44";"149.77";"SurÃ¸l";"Emballasje med pant";"5.4";"2.8577442"
"Vinmonopolet";"11686301";"Dramm Black Raspberry";"Dramm Black Raspberry";"0";"259.9";"0.7";"371.29";"LikÃ¸r";"Glass";"20";"1.8564285"
"Vinmonopolet";"11686402";"Mickey Ginn";"Mickey Ginn";"0";"189.9";"0.5";"379.8";"Flavoured wine	";"Glass";"14";"2.712857"
"Vinmonopolet";"11686502";"Oslo Brewing Barrel Aged Barley Wine";"Oslo Brewing Barrel Aged Barley Wine";"0";"79.9";"0.33";"242.12";"Barley wine	";"Glass";"11.4";"2.1238704"
"Vinmonopolet";"11687002";"Amundsen Pimp Dust Blueberry Muffin Pastry Sour";"Amundsen Pimp Dust Blueberry Muffin Pastry Sour";"0";"89.9";"0.44";"199.77";"SurÃ¸l";"Emballasje med pant";"6.5";"3.1433568"
"Vinmonopolet";"11687202";"Gamma Big Doink Double IPA";"Gamma Big Doink Double IPA";"0";"106.9";"0.44";"238.41";"India pale ale";"Emballasje med pant";"8";"3.036932"
"Vinmonopolet";"11687302";"Gamma Freak Wave IPA";"Gamma Freak Wave IPA";"0";"96.9";"0.44";"215.68";"India pale ale";"Emballasje med pant";"6.5";"3.388112"
"Vinmonopolet";"11687403";"NIO Gin Sour";"NIO Gin Sour";"0";"75";"0.1";"750";"Other spirit";"Pouch";"22";"3.4090908"
"Vinmonopolet";"11687503";"NIO Daiquiri";"NIO Daiquiri";"0";"75";"0.1";"750";"Other spirit";"Pouch";"19.1";"3.9267015"
"Vinmonopolet";"11687603";"NIO Whiskey Sour";"NIO Whiskey Sour";"0";"75";"0.1";"750";"Other spirit";"Pouch";"22";"3.4090908"
"Vinmonopolet";"11687701";"Marc Kreydenweiss Pinot Boir Blanc 2018";"Marc Kreydenweiss Pinot Boir Blanc";"2018";"204.9";"0.75";"273.2";"White wine";"Glass";"13";"2.1015384"
"Vinmonopolet";"11687801";"Kopke Colheita 1960";"Kopke Colheita";"1960";"2243.9";"0.75";"2991.87";"Port wine";"Glass";"20";"14.959332"
"Vinmonopolet";"11687901";"Kopke Colheita 1980";"Kopke Colheita";"1980";"929.9";"0.75";"1239.87";"Port wine";"Glass";"20";"6.1993337"
"Vinmonopolet";"11688001";"Seifried Nelson Pinot Noir";"Seifried Nelson Pinot Noir";"2018";"264.9";"0.75";"353.2";"RÃ¸dvin";"Glass";"13";"2.716923"
"Vinmonopolet";"11688102";"Fruktstereo Cider Revolution 2018";"Fruktstereo Cider Revolution";"2018";"68.9";"0.33";"208.79";"Cider";"Glass";"5.5";"3.7961433"
"Vinmonopolet";"11688201";"Fruktstereo Definitely Cider 2018";"Fruktstereo Definitely Cider";"2018";"168.9";"0.75";"225.2";"Cider";"Glass";"5.5";"4.0945454"
"Vinmonopolet";"11688301";"Yealands Single Vineyard Late Pick Riesling 2019";"Yealands Single Vineyard Late Pick Riesling";"2019";"269.9";"0.75";"359.87";"White wine";"Glass";"12";"2.9988887"
"Vinmonopolet";"11688401";"Louis Jadot Chambolle-Musigny 1er Cru Les Feusselottes 2017";"Louis Jadot Chambolle-Musigny 1er Cru Les Feusselottes";"2017";"779";"0.75";"1038.67";"RÃ¸dvin";"Glass";"13.5";"7.693827"
"Vinmonopolet";"11688501";"Louis Jadot Vosne-RomanÃ©e 2017";"Louis Jadot Vosne-RomanÃ©e";"2017";"695";"0.75";"926.67";"RÃ¸dvin";"Glass";"13";"7.1282053"
"Vinmonopolet";"11688601";"Louis Jadot Gevrey-Chambertin 1er Cru Poissenot 2017";"Louis Jadot Gevrey-Chambertin 1er Cru Poissenot";"2017";"949";"0.75";"1265.33";"RÃ¸dvin";"Glass";"13.5";"9.37284"
"Vinmonopolet";"11688701";"Louis Jadot Corton Grand Cru 2017";"Louis Jadot Corton Grand Cru";"2017";"949";"0.75";"1265.33";"RÃ¸dvin";"Glass";"13.5";"9.37284"
"Vinmonopolet";"11688801";"Massimo Rosantica Frizzante RosÃ©";"Massimo Rosantica Frizzante RosÃ©";"0";"190.1";"0.75";"253.47";"Perlende vin, rosÃ©";"Glass";"11.5";"2.204058"
"Vinmonopolet";"11688901";"Massimo Ingenting Rosantica Frizzante RosÃ©";"Massimo Ingenting Rosantica Frizzante RosÃ©";"2018";"190.1";"0.75";"253.47";"Perlende vin, rosÃ©";"Glass";"11.5";"2.204058"
"Vinmonopolet";"11689101";"Lagaria Vigneri delle Dolomiti Chardonnay";"Lagaria Vigneri delle Dolomiti Chardonnay";"2019";"129.9";"0.75";"173.2";"White wine";"Glass";"13";"1.3323076"
"Vinmonopolet";"11689202";"Brekeriet Mimosa";"Brekeriet Mimosa";"0";"69.9";"0.33";"211.82";"SurÃ¸l";"Glass";"6.5";"3.2587411"
"Vinmonopolet";"11689301";"Le Vigne di Eli Moganazzi-Volta Sciara Etna Bianco 2017";"Le Vigne di Eli Moganazzi-Volta Sciara Etna Bianco";"2017";"355.3";"0.75";"473.73";"White wine";"Glass";"12.5";"3.7898664"
"Vinmonopolet";"11689401";"Le Vigne di Eli Moganazzi-Volta Sciara Etna Bianco 2018";"Le Vigne di Eli Moganazzi-Volta Sciara Etna Bianco";"2018";"355.3";"0.75";"473.73";"White wine";"Glass";"12.5";"3.7898664"
"Vinmonopolet";"11689701";"Ramazzotti Sambuca";"Ramazzotti Sambuca";"0";"359.9";"0.7";"514.14";"LikÃ¸r";"Glass";"38";"1.3530076"
"Vinmonopolet";"11689801";"Segni di Langa Barolo 2016";"Segni di Langa Barolo";"2016";"624";"0.75";"832";"RÃ¸dvin";"Glass";"14";"5.9428573"
"Vinmonopolet";"11690101";"COS Metodo Classico Extra Brut";"COS Metodo Classico Extra Brut";"2012";"415";"0.75";"553.33";"Sparkling wine";"Glass";"12";"4.611111"
"Vinmonopolet";"11690201";"Pasqua Chardonnay Grillo Organic";"Pasqua Chardonnay Grillo Organic";"2018";"171.5";"0.75";"228.67";"White wine";"Glass";"13";"1.7589743"
"Vinmonopolet";"11690301";"Enzo Bartoli Piemonte Rosato";"Enzo Bartoli Piemonte Rosato";"2019";"159.9";"0.75";"213.2";"RosÃ©vin";"Glass";"12";"1.7766666"
"Vinmonopolet";"11690401";"Rauol Gautherin Chablis Premier Cru Vaillons 2017";"Rauol Gautherin Chablis Premier Cru Vaillons";"2017";"359.9";"0.75";"479.87";"White wine";"Glass";"13.5";"3.5545678"
"Vinmonopolet";"11690501";"Rauol Gautherin Chablis Grand Cru VaudÃ©sirs 2017";"Rauol Gautherin Chablis Grand Cru VaudÃ©sirs";"2017";"619.9";"0.75";"826.53";"White wine";"Glass";"13.5";"6.1224694"
"Vinmonopolet";"11690601";"Rauol Gautherin Chablis 2018";"Rauol Gautherin Chablis";"2018";"269.9";"0.75";"359.87";"White wine";"Glass";"13";"2.7682052"
"Vinmonopolet";"11690701";"Rauol Gautherin Chablis Grand Cru Les Clos 2017";"Rauol Gautherin Chablis Grand Cru Les Clos";"2017";"749.9";"0.75";"999.87";"White wine";"Glass";"13.5";"7.40642"
"Vinmonopolet";"11691901";"Canlibero Pink Freud";"Canlibero Pink Freud";"2018";"269.9";"0.75";"359.87";"RosÃ©vin";"Glass";"12.5";"2.8789332"
"Vinmonopolet";"11692001";"Dom. Delon Chapelle de Potensac 2016";"Dom. Delon Chapelle de Potensac";"2016";"279.9";"0.75";"373.2";"RÃ¸dvin";"Glass";"13.5";"2.7644444"
"Vinmonopolet";"11692101";"Les AllÃ©es de Cantemerle 2016";"Les AllÃ©es de Cantemerle";"2016";"309.9";"0.75";"413.2";"RÃ¸dvin";"Glass";"13";"3.1784616"
"Vinmonopolet";"11692201";"Brio de Cantenac Brown 2016";"Brio de Cantenac Brown";"2016";"439.9";"0.75";"586.53";"RÃ¸dvin";"Glass";"13.5";"4.3446913"
"Vinmonopolet";"11692301";"Blason d'Issan 2016";"Blason d'Issan";"2016";"439.9";"0.75";"586.53";"RÃ¸dvin";"Glass";"13";"4.511795"
"Vinmonopolet";"11692401";"Abbazia Spumante Extra Dry";"Abbazia Spumante Extra Dry";"0";"149";"0.75";"198.67";"Sparkling wine";"Glass";"11";"1.8060606"
"Vinmonopolet";"11692501";"Abbazia Roero Arneis";"Abbazia Roero Arneis";"2019";"199";"0.75";"265.33";"White wine";"Glass";"13.5";"1.965432"
"Vinmonopolet";"11692601";"Abbazia BanÃ© Monferrato";"Abbazia BanÃ© Monferrato";"2018";"199";"0.75";"265.33";"RÃ¸dvin";"Glass";"13.5";"1.965432"
"Vinmonopolet";"11692705";"Cafaggio Chianti Classico 2016";"Cafaggio Chianti Classico";"2016";"429.9";"1.5";"286.6";"RÃ¸dvin";"Glass";"13.5";"2.122963"
"Vinmonopolet";"11693301";"Bassermann-Jordan Pierre Brut";"Bassermann-Jordan Pierre Brut";"0";"349.9";"0.75";"466.53";"Sparkling wine";"Glass";"12.5";"3.7322667"
"Vinmonopolet";"11693402";"Groebe Westhofener Kirchspiel Riesling Auslese";"Groebe Westhofener Kirchspiel Riesling Auslese";"2014";"299.9";"0.38";"799.73";"White wine";"Glass";"7.5";"10.522807"
"Vinmonopolet";"11693601";"Bache-Gabrielsen Aquavit";"Bache-Gabrielsen Aquavit";"0";"454.9";"0.7";"649.86";"Aquavit";"Glass";"42";"1.5472789"
"Vinmonopolet";"11693701";"Bache-Gabrielsen Aquavit Aged";"Bache-Gabrielsen Aquavit Aged";"0";"474.9";"0.7";"678.43";"Aquavit";"Glass";"42";"1.6153061"
"Vinmonopolet";"11694401";"Santa Margarita Jubileum Casa Vital";"Santa Margarita Jubileum Casa Vital";"2018";"194.5";"0.75";"259.33";"RÃ¸dvin";"Glass";"14.5";"1.7885058"
"Vinmonopolet";"11694501";"Le Chiuse Rosso di Montalcino";"Le Chiuse Rosso di Montalcino";"2017";"299.9";"0.75";"399.87";"RÃ¸dvin";"Glass";"14";"2.8561904"
"Vinmonopolet";"11695008";"Nio Manhattan (5X10cl)";"Nio Manhattan (5X10cl)";"0";"359.9";"0.5";"719.8";"Other spirit";"Ãvrig";"22";"3.2718182"
"Vinmonopolet";"11695601";"Mezcal Gusano Rojo";"Mezcal Gusano Rojo";"0";"490.2";"0.7";"700.29";"Fruit spirit";"Glass";"38";"1.8428572"
"Vinmonopolet";"11695701";"Mas Doix Murmuri 2018";"Mas Doix Murmuri";"2018";"326.6";"0.75";"435.47";"White wine";"Glass";"13";"3.3497436"
"Vinmonopolet";"11695801";"Calvente Rania Premium Brut Nature 2016";"Calvente Rania Premium Brut Nature";"2016";"249.7";"0.75";"332.93";"Sparkling wine";"Glass";"12";"2.7744443"
"Vinmonopolet";"11695901";"Leroux MonthÃ©lie Les Duresses Blanc 2017";"Leroux MonthÃ©lie Les Duresses Blanc";"2017";"376";"0.75";"501.33";"White wine";"Glass";"12.5";"4.010667"
"Vinmonopolet";"11696001";"Leroux Blagny 1er Cru La PiÃ¨ce Sous le Bois 2017";"Leroux Blagny 1er Cru La PiÃ¨ce Sous le Bois";"2017";"554";"0.75";"738.67";"RÃ¸dvin";"Glass";"13";"5.682051"
"Vinmonopolet";"11696101";"Leroux Nuits-Saint-Georges 1er Cru Aux Boudots 2017";"Leroux Nuits-Saint-Georges 1er Cru Aux Boudots";"2017";"989.1";"0.75";"1318.8";"RÃ¸dvin";"Glass";"13.5";"9.768888"
"Vinmonopolet";"11696201";"Leroux Volnay 2017";"Leroux Volnay";"2017";"530";"0.75";"706.67";"RÃ¸dvin";"Glass";"13";"5.4358974"
"Vinmonopolet";"11696301";"Leroux Gevrey-Chambetin Premier Cru Les Goulots 2017";"Leroux Gevrey-Chambetin Premier Cru Les Goulots";"2017";"899.9";"0.75";"1199.87";"RÃ¸dvin";"Glass";"13";"9.229744"
"Vinmonopolet";"11696401";"Heresztyn-Mazzini Gevrey-Chambertin Premier Cru Les Goulots 2017";"Heresztyn-Mazzini Gevrey-Chambertin Premier Cru Les Goulots";"2017";"876";"0.75";"1168";"RÃ¸dvin";"Glass";"13";"8.984615"
"Vinmonopolet";"11696501";"Heresztyn-Mazzini Gevrey-Chambertin Les Songes Vielles Vignes 2017";"Heresztyn-Mazzini Gevrey-Chambertin Les Songes Vielles Vignes";"2017";"630";"0.75";"840";"RÃ¸dvin";"Glass";"13";"6.4615383"
"Vinmonopolet";"11696601";"Darnaud Saint-Joseph La Dardouille 2016";"Darnaud Saint-Joseph La Dardouille";"2016";"399.9";"0.75";"533.2";"RÃ¸dvin";"Glass";"13.5";"3.9496295"
"Vinmonopolet";"11696701";"Sauzet Puligny-Montrachet 2017";"Sauzet Puligny-Montrachet";"2017";"682";"0.75";"909.33";"White wine";"Glass";"13";"6.9948716"
"Vinmonopolet";"11696801";"A. Gros et J-P. Tollot Minervois Les Fontanilles 2017";"A. Gros et J-P. Tollot Minervois Les Fontanilles";"2017";"265";"0.75";"353.33";"RÃ¸dvin";"Glass";"14.5";"2.4367816"
"Vinmonopolet";"11696901";"A. Gros et J-P. Tollot Minervois La Ciaude 2017";"A. Gros et J-P. Tollot Minervois La Ciaude";"2017";"306.1";"0.75";"408.13";"RÃ¸dvin";"Glass";"14.5";"2.8147128"
"Vinmonopolet";"11697001";"Arlaud Vosne RomanÃ©e 2017";"Arlaud Vosne RomanÃ©e";"2017";"665.1";"0.75";"886.8";"RÃ¸dvin";"Glass";"13";"6.8215384"
"Vinmonopolet";"11697101";"Arlaud Vosne RomanÃ©e Aux RÃ©as 2017";"Arlaud Vosne RomanÃ©e Aux RÃ©as";"2017";"699.9";"0.75";"933.2";"RÃ¸dvin";"Glass";"13";"7.1784616"
"Vinmonopolet";"11697201";"Matrot Volnay-Santenots 2014";"Matrot Volnay-Santenots";"2014";"520";"0.75";"693.33";"RÃ¸dvin";"Glass";"13";"5.3333335"
"Vinmonopolet";"11697301";"Matrot Blagny La PiÃ¨ce sous le Bois 2014";"Matrot Blagny La PiÃ¨ce sous le Bois";"2014";"520";"0.75";"693.33";"RÃ¸dvin";"Glass";"13";"5.3333335"
"Vinmonopolet";"11697401";"Matrot MonthÃ©lie Rouge 2015";"Matrot MonthÃ©lie Rouge";"2015";"412";"0.75";"549.33";"RÃ¸dvin";"Glass";"13";"4.2256413"
"Vinmonopolet";"11697501";"Merlin MÃ¢con La Roche Vineuse Les Cras 2017";"Merlin MÃ¢con La Roche Vineuse Les Cras";"2017";"365";"0.75";"486.67";"White wine";"Glass";"13";"3.7435896"
"Vinmonopolet";"11697605";"Rossignol-Trapet Gevrey-Chambertin Vieilles Vignes 2017";"Rossignol-Trapet Gevrey-Chambertin Vieilles Vignes";"2017";"1099.9";"1.5";"733.27";"RÃ¸dvin";"Glass";"13";"5.640513"
"Vinmonopolet";"11697701";"Rossignol-Trapet Gevrey-Chambertin Aux Ãtelois 2017";"Rossignol-Trapet Gevrey-Chambertin Aux Ãtelois";"2017";"659.9";"0.75";"879.87";"RÃ¸dvin";"Glass";"13";"6.768205"
"Vinmonopolet";"11697801";"Rossignol-Trapet Beaune 1er Cru Les Teurons 2017";"Rossignol-Trapet Beaune 1er Cru Les Teurons";"2017";"578";"0.75";"770.67";"RÃ¸dvin";"Glass";"13";"5.928205"
"Vinmonopolet";"11697901";"Patrice Rion Nuits-Saint-Georges Vieilles Vignes 2017";"Patrice Rion Nuits-Saint-Georges Vieilles Vignes";"2017";"510.1";"0.75";"680.13";"RÃ¸dvin";"Glass";"13";"5.231795"
"Vinmonopolet";"11698005";"Patrice Rion Nuits-Saint-Georges 1er Cru Clos des ArgilliÃ¨res 2017";"Patrice Rion Nuits-Saint-Georges 1er Cru Clos des ArgilliÃ¨res";"2017";"1520.1";"1.5";"1013.4";"RÃ¸dvin";"Glass";"13";"7.7953844"
"Vinmonopolet";"11698105";"Patrice Rion Nuits-Saint-Georges 1er Cru Clos Saint-Marc 2017";"Patrice Rion Nuits-Saint-Georges 1er Cru Clos Saint-Marc";"2017";"1812";"1.5";"1208";"RÃ¸dvin";"Glass";"13";"9.292308"
"Vinmonopolet";"11698201";"Trapet Gevrey-Chambertin Ostrea 2017";"Trapet Gevrey-Chambertin Ostrea";"2017";"805";"0.75";"1073.33";"RÃ¸dvin";"Glass";"13";"8.256411"
"Vinmonopolet";"11698501";"Dupont Calvados Pays d'Auge 1980";"Dupont Calvados Pays d'Auge";"1980";"2500";"0.7";"3571.43";"Fruit spirit";"Glass";"42";"8.503402"
"Vinmonopolet";"11698601";"Forjas del SalnÃ©s Goliardo a Talleira 2018";"Forjas del SalnÃ©s Goliardo a Talleira";"2018";"365";"0.75";"486.67";"White wine";"Glass";"13";"3.7435896"
"Vinmonopolet";"11698701";"Garrone PrÃ¼nent Valli Ossolane Nebbiolo Superiore 2017";"Garrone PrÃ¼nent Valli Ossolane Nebbiolo Superiore";"2017";"390";"0.75";"520";"RÃ¸dvin";"Glass";"13.5";"3.851852"
"Vinmonopolet";"11698801";"MaraÃ±ones PeÃ±a Cabellera Garnacha 2017";"MaraÃ±ones PeÃ±a Cabellera Garnacha";"2017";"405";"0.75";"540";"RÃ¸dvin";"Glass";"14";"3.857143"
"Vinmonopolet";"11698901";"Les CrÃªtes Valle d'Aosta La Sabla";"Les CrÃªtes Valle d'Aosta La Sabla";"0";"289.9";"0.75";"386.53";"RÃ¸dvin";"Glass";"14.5";"2.6657472"
"Vinmonopolet";"11699001";"Les CrÃªtes Valle d'Aosta Petite Arvine 2018";"Les CrÃªtes Valle d'Aosta Petite Arvine";"2018";"309.9";"0.75";"413.2";"White wine";"Glass";"13.5";"3.0607407"
"Vinmonopolet";"11699901";"Maias Tinto 2017";"Maias Tinto";"2017";"165";"0.75";"220";"RÃ¸dvin";"Glass";"13";"1.6923077"
"Vinmonopolet";"11700001";"Les CrÃ©tes Valle d'Aosta Chardonnay CuvÃ©e Bois 2016";"Les CrÃ©tes Valle d'Aosta Chardonnay CuvÃ©e Bois";"2016";"569.9";"0.75";"759.87";"White wine";"Glass";"13.5";"5.628642"
"Vinmonopolet";"11700105";"La Dame de Montrose 2014";"La Dame de Montrose";"2014";"998";"1.5";"665.33";"RÃ¸dvin";"Glass";"13.5";"4.9283953"
"Vinmonopolet";"11700201";"Ch. de Beaucastel Roussanne Vieilles Vignes Blanc 2018";"Ch. de Beaucastel Roussanne Vieilles Vignes Blanc";"2018";"1550";"0.75";"2066.67";"White wine";"Glass";"14";"14.761905"
"Vinmonopolet";"11700301";"Ch. de Beaucastel Blanc 2018";"Ch. de Beaucastel Blanc";"2018";"950";"0.75";"1266.67";"White wine";"Glass";"14";"9.047619"
"Vinmonopolet";"11700401";"Ch. de Coulaine Chinon 2018";"Ch. de Coulaine Chinon";"2018";"229.9";"0.75";"306.53";"RÃ¸dvin";"Glass";"14";"2.1895237"
"Vinmonopolet";"11700502";"Fritz Haag Brauneberger Juffer Sonnenuhr Riesling Auslese 2018";"Fritz Haag Brauneberger Juffer Sonnenuhr Riesling Auslese";"2018";"309.9";"0.38";"826.4";"White wine";"Glass";"7.5";"10.873684"
"Vinmonopolet";"11700605";"Ch. Lanessan 2011";"Ch. Lanessan";"2011";"690";"1.5";"460";"RÃ¸dvin";"Glass";"13.5";"3.4074075"
"Vinmonopolet";"11700701";"Ch. Lanessan 2011";"Ch. Lanessan";"2011";"279.9";"0.75";"373.2";"RÃ¸dvin";"Glass";"13.5";"2.7644444"
"Vinmonopolet";"11700801";"Ãkonomierat Rebholz Im Sonnenschein Riesling Dry GG 2018";"Ãkonomierat Rebholz Im Sonnenschein Riesling Dry GG";"2018";"579.9";"0.75";"773.2";"White wine";"Glass";"13";"5.9476924"
"Vinmonopolet";"11700901";"Ãkonomierat Rebholz Im Sonnenschein Riesling GG 2018";"Ãkonomierat Rebholz Im Sonnenschein Riesling GG";"2018";"579.9";"0.75";"773.2";"White wine";"Glass";"13";"5.9476924"
"Vinmonopolet";"11701001";"Ãkonomierat Rebholz Vom Bundsandstein Riesling Trocken 2018";"Ãkonomierat Rebholz Vom Bundsandstein Riesling Trocken";"2018";"325";"0.75";"433.33";"White wine";"Glass";"12.5";"3.4666667"
"Vinmonopolet";"11701101";"Ãkonomierat Rebholz Vom Muschelkalk Riesling Trocken 2018";"Ãkonomierat Rebholz Vom Muschelkalk Riesling Trocken";"2018";"325";"0.75";"433.33";"White wine";"Glass";"13";"3.3333333"
"Vinmonopolet";"11701201";"Blain-Gagnard Chassagne-Montrachet Caillerets 2017";"Blain-Gagnard Chassagne-Montrachet Caillerets";"2017";"725";"0.75";"966.67";"White wine";"Glass";"13.3";"7.2681704"
"Vinmonopolet";"11701302";"A. Gros La Frivole Muscat de St-Jean de Minervois 2018";"A. Gros La Frivole Muscat de St-Jean de Minervois";"2018";"189.9";"0.38";"506.4";"Fortified wine";"Glass";"15.5";"3.2241087"
"Vinmonopolet";"11701405";"Clos Cazals Blanc de Blancs Extra Brut 2008";"Clos Cazals Blanc de Blancs Extra Brut";"2008";"2236.1";"1.5";"1490.73";"Champagne extra brut";"Glass";"12.5";"11.925867"
"Vinmonopolet";"11701501";"Girardin Meursault Les Tesson 2017";"Girardin Meursault Les Tesson";"2017";"598.1";"0.75";"797.47";"White wine";"Glass";"13";"6.134359"
"Vinmonopolet";"11701605";"Girardin Meursault Les Tesson 2017";"Girardin Meursault Les Tesson";"2017";"1295";"1.5";"863.33";"White wine";"Glass";"13";"6.6410255"
"Vinmonopolet";"11701701";"Girardin Puligny-Montrachet Premier Cru Les FolatiÃ¨res 2017";"Girardin Puligny-Montrachet Premier Cru Les FolatiÃ¨res";"2017";"1078.1";"0.75";"1437.47";"White wine";"Glass";"13.5";"10.647901"
"Vinmonopolet";"11701801";"Ch. Grand-Puy-Lacoste 2014";"Ch. Grand-Puy-Lacoste";"2014";"794";"0.75";"1058.67";"RÃ¸dvin";"Glass";"13.5";"7.841975"
"Vinmonopolet";"11701901";"Emrich-SchÃ¶nleber Mineral Riesling Trocken 2018";"Emrich-SchÃ¶nleber Mineral Riesling Trocken";"2018";"289.9";"0.75";"386.53";"White wine";"Glass";"13";"2.9733334"
"Vinmonopolet";"11702001";"Emrich-SchÃ¶nleber FrÃ¼htaÃ¼ Monzinger Riesling Trocken 2018";"Emrich-SchÃ¶nleber FrÃ¼htaÃ¼ Monzinger Riesling Trocken";"2018";"320";"0.75";"426.67";"White wine";"Glass";"13";"3.2820513"
"Vinmonopolet";"11702101";"Emrich-SchÃ¶nleber Halgans Monzinger Riesling Trocken 2018";"Emrich-SchÃ¶nleber Halgans Monzinger Riesling Trocken";"2018";"339.9";"0.75";"453.2";"White wine";"Glass";"13";"3.4861538"
"Vinmonopolet";"11702201";"Emrich-SchÃ¶nleber Lenz Riesling 2018";"Emrich-SchÃ¶nleber Lenz Riesling";"2018";"239.9";"0.75";"319.87";"White wine";"Glass";"12.5";"2.5589333"
"Vinmonopolet";"11702301";"Garrone Munaloss 2018";"Garrone Munaloss";"2018";"214";"0.75";"285.33";"RÃ¸dvin";"Glass";"12.5";"2.2826667"
"Vinmonopolet";"11702401";"Big Peat";"Big Peat";"0";"499.9";"0.7";"714.14";"Whisky";"Glass";"46";"1.5524845"
"Vinmonopolet";"11702501";"Douglas Laing's Rock Oyster";"Douglas Laing's Rock Oyster";"0";"499.9";"0.7";"714.14";"Whisky";"Glass";"46.8";"1.5259463"
"Vinmonopolet";"11703301";"Simpsons Railway Hill RosÃ© 2018";"Simpsons Railway Hill RosÃ©";"2018";"239";"0.75";"318.67";"RosÃ©vin";"Glass";"12.5";"2.5493333"
"Vinmonopolet";"11703401";"MarquÃªs de Borba Vinhas Velhas";"MarquÃªs de Borba Vinhas Velhas";"2018";"239.9";"0.75";"319.87";"White wine";"Glass";"12.5";"2.5589333"
"Vinmonopolet";"11703501";"Vipava Lanthieri Sivi Pinot";"Vipava Lanthieri Sivi Pinot";"2018";"159.9";"0.75";"213.2";"White wine";"Glass";"13.5";"1.5792592"
"Vinmonopolet";"11703601";"Vipava Lanthieri Sauvignon Blanc";"Vipava Lanthieri Sauvignon Blanc";"2018";"159.9";"0.75";"213.2";"White wine";"Glass";"13";"1.64"
"Vinmonopolet";"11703705";"La Gravette de Certan 2014";"La Gravette de Certan";"2014";"1498.1";"1.5";"998.73";"RÃ¸dvin";"Glass";"14";"7.1338096"
"Vinmonopolet";"11703801";"Lejeune Pommard 1er Cru Les Rugiens 2017";"Lejeune Pommard 1er Cru Les Rugiens";"2017";"964";"0.75";"1285.33";"RÃ¸dvin";"Glass";"13";"9.887179"
"Vinmonopolet";"11703901";"Rossignol-Trapet Gevrey-Chambertin 1er Cru Petite Chapelle 2014";"Rossignol-Trapet Gevrey-Chambertin 1er Cru Petite Chapelle";"2014";"849";"0.75";"1132";"RÃ¸dvin";"Glass";"13";"8.707692"
"Vinmonopolet";"11704001";"Ch. Capbern 2016";"Ch. Capbern";"2016";"392";"0.75";"522.67";"RÃ¸dvin";"Glass";"14";"3.7333333"
"Vinmonopolet";"11704101";"C. Moreau Petit Chablis 2018";"C. Moreau Petit Chablis";"2018";"249.9";"0.75";"333.2";"White wine";"Glass";"12.5";"2.6655998"
"Vinmonopolet";"11704201";"C. Moreau Chablis 1er Cru Vaillon CuvÃ©e Guy Moreau 2018";"C. Moreau Chablis 1er Cru Vaillon CuvÃ©e Guy Moreau";"2018";"430";"0.75";"573.33";"White wine";"Glass";"14";"4.095238"
"Vinmonopolet";"11704301";"C. Moreau Chablis Grand Cru Valmur 2018";"C. Moreau Chablis Grand Cru Valmur";"2018";"632";"0.75";"842.67";"White wine";"Glass";"13";"6.4820514"
"Vinmonopolet";"11704401";"C. Moreau Chablis Grand Cru VaudÃ©sir 2018";"C. Moreau Chablis Grand Cru VaudÃ©sir";"2018";"632";"0.75";"842.67";"White wine";"Glass";"13";"6.4820514"
"Vinmonopolet";"11704501";"C. Moreau Chablis Grand Cru Blanchots 2018";"C. Moreau Chablis Grand Cru Blanchots";"2018";"632";"0.75";"842.67";"White wine";"Glass";"13";"6.4820514"
"Vinmonopolet";"11704601";"C. Moreau Chablis Grand Cru Les Clos 2018";"C. Moreau Chablis Grand Cru Les Clos";"2018";"648";"0.75";"864";"White wine";"Glass";"13";"6.646154"
"Vinmonopolet";"11704701";"Adams Kaliber 25 Chardonnay 2017";"Adams Kaliber 25 Chardonnay";"2017";"398";"0.75";"530.67";"White wine";"Glass";"12.5";"4.245333"
"Vinmonopolet";"11704801";"La Gravette de Certan 2017";"La Gravette de Certan";"2017";"869.9";"0.75";"1159.87";"RÃ¸dvin";"Glass";"14.5";"7.9990807"
"Vinmonopolet";"11704901";"Le Piane Rosso 2017";"Le Piane Rosso";"2017";"398";"0.75";"530.67";"RÃ¸dvin";"Glass";"14";"3.790476"
"Vinmonopolet";"11705001";"Ch. PhÃ©lan SÃ©gur 2016";"Ch. PhÃ©lan SÃ©gur";"2016";"579.9";"0.75";"773.2";"RÃ¸dvin";"Glass";"13.5";"5.7274075"
"Vinmonopolet";"11705101";"Blason d'Issan 2016";"Blason d'Issan";"2016";"386.1";"0.75";"514.8";"RÃ¸dvin";"Glass";"13";"3.96"
"Vinmonopolet";"11705201";"Dom. de Chevalier Rouge 2016";"Dom. de Chevalier Rouge";"2016";"899.9";"0.75";"1199.87";"RÃ¸dvin";"Glass";"13.5";"8.887901"
"Vinmonopolet";"11705301";"Gunderloch Hipping Riesling GG 2018";"Gunderloch Hipping Riesling GG";"2018";"369.9";"0.75";"493.2";"White wine";"Glass";"12.5";"3.9456"
"Vinmonopolet";"11705401";"Gunderloch Pettenthal Riesling GG 2018";"Gunderloch Pettenthal Riesling GG";"2018";"399.9";"0.75";"533.2";"White wine";"Glass";"12.5";"4.2655997"
"Vinmonopolet";"11705501";"Gunderloch Rothenberg Riesling GG 2018";"Gunderloch Rothenberg Riesling GG";"2018";"459.9";"0.75";"613.2";"White wine";"Glass";"12.5";"4.9056"
"Vinmonopolet";"11705601";"Geografio Contessa di Radda Toscana";"Geografio Contessa di Radda Toscana";"2016";"139.9";"0.75";"186.53";"RÃ¸dvin";"Glass";"13.5";"1.3817283"
"Vinmonopolet";"11706101";"Jeff Carrel Vieille Mule Blanc";"Jeff Carrel Vieille Mule Blanc";"2018";"159.9";"0.75";"213.2";"White wine";"Glass";"13";"1.64"
"Vinmonopolet";"11706201";"Jeff Carrel La Bette";"Jeff Carrel La Bette";"2017";"185";"0.75";"246.67";"RÃ¸dvin";"Glass";"14";"1.7619047"
"Vinmonopolet";"11706301";"Jeff Carrel Dans l'air du temps Sauvignon";"Jeff Carrel Dans l'air du temps Sauvignon";"0";"159.9";"0.75";"213.2";"White wine";"Glass";"12.5";"1.7055999"
"Vinmonopolet";"11706401";"Mosnel Franciacorta Brut Nature";"Mosnel Franciacorta Brut Nature";"0";"385";"0.75";"513.33";"Sparkling wine";"Glass";"12";"4.2777777"
"Vinmonopolet";"11706501";"Spy Valley Chardonnay";"Spy Valley Chardonnay";"2017";"159.9";"0.75";"213.2";"White wine";"Glass";"12.5";"1.7055999"
"Vinmonopolet";"11706802";"Kvernafossen Myrsnipa";"Kvernafossen Myrsnipa";"0";"54.6";"0.5";"109.2";"Saison farmhouse ale";"Glass";"6.5";"1.68"
"Vinmonopolet";"11706901";"Emile Beyer CrÃ©mant d'Alsace Blanc de Blancs Extra Brut";"Emile Beyer CrÃ©mant d'Alsace Blanc de Blancs Extra Brut";"2016";"194.9";"0.75";"259.87";"Sparkling wine";"Glass";"12.5";"2.0789332"
"Vinmonopolet";"11707101";"J.P. Chenet Fashion Strawberry Raspberry";"J.P. Chenet Fashion Strawberry Raspberry";"0";"129.9";"0.75";"173.2";"Flavoured wine	";"Glass";"10";"1.7319999"
"Vinmonopolet";"11707301";"Chiara Condello Le Lucciole Romagna Sangiovese Predappio Riserva 2015";"Chiara Condello Le Lucciole Romagna Sangiovese Predappio Riserva";"2015";"499.9";"0.75";"666.53";"RÃ¸dvin";"Glass";"13.5";"4.937284"
"Vinmonopolet";"11707401";"Chiara Condello Romagna Sangiovese Predappio 2016";"Chiara Condello Romagna Sangiovese Predappio";"2016";"279.9";"0.75";"373.2";"RÃ¸dvin";"Glass";"14";"2.6657143"
"Vinmonopolet";"11707601";"Blankbottle Life of a Black Valentine";"Blankbottle Life of a Black Valentine";"0";"279";"0.75";"372";"RÃ¸dvin";"Glass";"13.5";"2.7555556"
"Vinmonopolet";"11707801";"Ch. Vrai Caillou GjÃ¸vik Bordeaux";"Ch. Vrai Caillou GjÃ¸vik Bordeaux";"2016";"148";"0.75";"197.33";"RÃ¸dvin";"Glass";"12";"1.6444445"
"Vinmonopolet";"11707901";"Couleurs d'Aquitaine BodÃ¸ Chardonnay";"Couleurs d'Aquitaine BodÃ¸ Chardonnay";"2018";"148";"0.75";"197.33";"White wine";"Glass";"12.5";"1.5786667"
"Vinmonopolet";"11708001";"Couleurs d'Aquitaine Sandefjord Chardonnay";"Couleurs d'Aquitaine Sandefjord Chardonnay";"2018";"148";"0.75";"197.33";"White wine";"Glass";"12.5";"1.5786667"
"Vinmonopolet";"11708601";"Jeff Carrel Vieille Mule Rouge";"Jeff Carrel Vieille Mule Rouge";"2018";"159.9";"0.75";"213.2";"RÃ¸dvin";"Glass";"14";"1.5228571"
"Vinmonopolet";"11708701";"Vipava Lanthieri Cabernet Sauvignon";"Vipava Lanthieri Cabernet Sauvignon";"2018";"159.9";"0.75";"213.2";"RÃ¸dvin";"Glass";"13";"1.64"
"Vinmonopolet";"11708801";"Marimar Estate Rosaleda";"Marimar Estate Rosaleda";"2018";"359.9";"0.75";"479.87";"RosÃ©vin";"Glass";"14";"3.427619"
"Vinmonopolet";"11709201";"Gota Azahar Escolha Vinho Verde 2018";"Gota Azahar Escolha Vinho Verde";"2018";"149.9";"0.75";"199.87";"White wine";"Glass";"11.5";"1.737971"
"Vinmonopolet";"11709301";"Blankbottle Epileptic Inspiration 2018";"Blankbottle Epileptic Inspiration";"2018";"279";"0.75";"372";"White wine";"Glass";"14";"2.6571429"
"Vinmonopolet";"11709401";"Blankbottle Open your mind 2018";"Blankbottle Open your mind";"2018";"300";"0.75";"400";"RÃ¸dvin";"Glass";"13.5";"2.9629629"
"Vinmonopolet";"11709501";"Blankbottle B.O.E.T.";"Blankbottle B.O.E.T.";"2017";"289";"0.75";"385.33";"RÃ¸dvin";"Glass";"14";"2.7523808"
"Vinmonopolet";"11709601";"Blankbottle TBC";"Blankbottle TBC";"0";"279";"0.75";"372";"White wine";"Glass";"14";"2.6571429"
"Vinmonopolet";"11709701";"Meyer Okanagan Valley Chardonnay 2018";"Meyer Okanagan Valley Chardonnay";"2018";"229";"0.75";"305.33";"White wine";"Glass";"13";"2.348718"
"Vinmonopolet";"11709801";"Ten. di Carleone Uno 2016";"Ten. di Carleone Uno";"2016";"489";"0.75";"652";"RÃ¸dvin";"Glass";"13";"5.0153847"
"Vinmonopolet";"11709905";"Ten. di Carleone Uno 2016";"Ten. di Carleone Uno";"2016";"999";"1.5";"666";"RÃ¸dvin";"Glass";"13";"5.123077"
"Vinmonopolet";"11710101";"Nau Mai Sauvignon Blanc";"Nau Mai Sauvignon Blanc";"2019";"134.9";"0.75";"179.87";"White wine";"Glass";"12.5";"1.4389333"
"Vinmonopolet";"11710201";"Vincent CaillÃ© La part du Colibri CÃ´t 2018";"Vincent CaillÃ© La part du Colibri CÃ´t";"2018";"189.9";"0.75";"253.2";"RÃ¸dvin";"Glass";"12";"2.11"
"Vinmonopolet";"11710301";"Jolie Laide Shake Ridge Vineyard 2017";"Jolie Laide Shake Ridge Vineyard";"2017";"399.7";"0.75";"532.93";"RÃ¸dvin";"Glass";"13";"4.0994873"
"Vinmonopolet";"11710601";"Pablo Claro Special Selection Rosado";"Pablo Claro Special Selection Rosado";"2019";"169.9";"0.75";"226.53";"RosÃ©vin";"Glass";"13";"1.7425641"
"Vinmonopolet";"11710701";"Ch. Minuty 281 2018";"Ch. Minuty 281";"2018";"589";"0.75";"785.33";"RosÃ©vin";"Glass";"12.5";"6.2826667"
"Vinmonopolet";"11710901";"Gibson's Premium Pink Gin";"Gibson's Premium Pink Gin";"0";"344.9";"0.7";"492.71";"Gin";"Glass";"37.5";"1.3139048"
"Vinmonopolet";"11711001";"CÃ´te du Danube Pinot Noir";"CÃ´te du Danube Pinot Noir";"0";"157.9";"0.75";"210.53";"RÃ¸dvin";"Glass";"14";"1.5038095"
"Vinmonopolet";"11711102";"The Piggy x Lervig Collab #4 DIPA";"The Piggy x Lervig Collab #4 DIPA";"0";"77.9";"0.33";"236.06";"India pale ale";"Glass";"8";"2.9507575"
"Vinmonopolet";"11711202";"NÃ¸gne Ã God PÃ¥ske";"NÃ¸gne Ã God PÃ¥ske";"0";"75";"0.5";"150";"Special";"Glass";"7.5";"2"
"Vinmonopolet";"11711301";"Mezzacorona Pinot Grigio RosÃ©";"Mezzacorona Pinot Grigio RosÃ©";"2019";"129.9";"0.75";"173.2";"RosÃ©vin";"Glass";"12";"1.4433333"
"Vinmonopolet";"11712201";"Mold Ryenberget";"Mold Ryenberget";"2019";"189";"0.75";"252";"Cider";"Glass";"7.5";"3.36"
"Vinmonopolet";"11712301";"Mold Gaustad";"Mold Gaustad";"2019";"189";"0.75";"252";"Cider";"Glass";"7.5";"3.36"
"Vinmonopolet";"11712401";"Mold Haslum";"Mold Haslum";"2019";"189";"0.75";"252";"Cider";"Glass";"7.5";"3.36"
"Vinmonopolet";"11712502";"Wild Weather PÃ ske Sour Appelsin og pasjonsfrukt";"Wild Weather PÃ ske Sour Appelsin og pasjonsfrukt";"0";"69.9";"0.44";"158.86";"SurÃ¸l";"Metall";"5";"3.1772728"
"Vinmonopolet";"11712601";"Nittnaus Burgenland BlaufrÃ¤nkisch 2017";"Nittnaus Burgenland BlaufrÃ¤nkisch";"2017";"174.9";"0.75";"233.2";"RÃ¸dvin";"Glass";"12.5";"1.8656"
"Vinmonopolet";"11712701";"Nittnaus Elektra GrÃ¼ner Veltliner 2018";"Nittnaus Elektra GrÃ¼ner Veltliner";"2018";"269.9";"0.75";"359.87";"White wine";"Glass";"12.5";"2.8789332"
"Vinmonopolet";"11712901";"Nittnaus Manila GrÃ¼ner Veltliner 2018";"Nittnaus Manila GrÃ¼ner Veltliner";"2018";"239.9";"0.75";"319.87";"White wine";"Glass";"12.5";"2.5589333"
"Vinmonopolet";"11713001";"Nittnaus FUX Zweigelt 2018";"Nittnaus FUX Zweigelt";"2018";"169.9";"0.75";"226.53";"RÃ¸dvin";"Glass";"11";"2.059394"
"Vinmonopolet";"11713101";"Nittnaus Kalk & Schiefer Weisswein 2018";"Nittnaus Kalk & Schiefer Weisswein";"2018";"199.9";"0.75";"266.53";"White wine";"Glass";"12";"2.221111"
"Vinmonopolet";"11713301";"Perrier & Fils,CrÃ©mant de Savoie";"Perrier & Fils,CrÃ©mant de Savoie";"0";"177.9";"0.75";"237.2";"Sparkling wine";"Glass";"12.5";"1.8975999"
"Vinmonopolet";"11713401";"Fabien Trosset Arbin Les Ãboulis Mondeuse 2018";"Fabien Trosset Arbin Les Ãboulis Mondeuse";"2018";"179.9";"0.75";"239.87";"RÃ¸dvin";"Glass";"12";"1.9988889"
"Vinmonopolet";"11713501";"Jean Vullien Savoie Gamay 2018";"Jean Vullien Savoie Gamay";"2018";"149.9";"0.75";"199.87";"RÃ¸dvin";"Glass";"12.5";"1.5989332"
"Vinmonopolet";"11713601";"Ch. Le Grand Verdus Bordeaux Blanc 2019";"Ch. Le Grand Verdus Bordeaux Blanc";"2019";"159.9";"0.75";"213.2";"White wine";"Glass";"12.5";"1.7055999"
"Vinmonopolet";"11713701";"Fratelli Berlucchi Freccianera SatÃ¨n Franciacorta Millesimo 2014";"Fratelli Berlucchi Freccianera SatÃ¨n Franciacorta Millesimo";"2014";"259.9";"0.75";"346.53";"Sparkling wine";"Glass";"12.5";"2.7722666"
"Vinmonopolet";"11713801";"Dom. de l'Idylle Savoie Cruet Vieilles Vignes 2018";"Dom. de l'Idylle Savoie Cruet Vieilles Vignes";"2018";"179.9";"0.75";"239.87";"White wine";"Glass";"12.5";"1.9189333"
"Vinmonopolet";"11713901";"Dom. de l'Idylle Arbin Le coteau d'Albert Mondeuse 2018";"Dom. de l'Idylle Arbin Le coteau d'Albert Mondeuse";"2018";"199.9";"0.75";"266.53";"RÃ¸dvin";"Glass";"12";"2.221111"
"Vinmonopolet";"11714001";"Jean Vullien Mondeuse Saint Jean de La Porte 2018";"Jean Vullien Mondeuse Saint Jean de La Porte";"2018";"159.4";"0.75";"212.53";"RÃ¸dvin";"Glass";"12.5";"1.7002666"
"Vinmonopolet";"11714201";"Jean Vullien CrÃ©mant de Savoie";"Jean Vullien CrÃ©mant de Savoie";"0";"179.4";"0.75";"239.2";"Sparkling wine";"Glass";"12.5";"1.9136"
"Vinmonopolet";"11714302";"Rings das kleine Kreuz";"Rings das kleine Kreuz";"2017";"169.9";"0.38";"453.07";"RÃ¸dvin";"Glass";"14";"3.193609"
"Vinmonopolet";"11714401";"Rings das kleine Kreuz";"Rings das kleine Kreuz";"2017";"319.9";"0.75";"426.53";"RÃ¸dvin";"Glass";"14";"3.0466666"
"Vinmonopolet";"11714501";"MÃ¡d Dry Furmint 2016";"MÃ¡d Dry Furmint";"2016";"180";"0.75";"240";"White wine";"Glass";"11.5";"2.0869565"
"Vinmonopolet";"11714602";"MÃ¡d Late Harvest";"MÃ¡d Late Harvest";"2017";"200";"0.38";"533.33";"White wine";"Glass";"12.5";"4.2105265"
"Vinmonopolet";"11714701";"MÃ¡d dry by Tokaj 2017";"MÃ¡d dry by Tokaj";"2017";"169.9";"0.75";"226.53";"White wine";"Glass";"12.5";"1.8122666"
"Vinmonopolet";"11714801";"Barracuda Spiced";"Barracuda Spiced";"0";"434";"0.7";"620";"Other spirit";"Glass";"35";"1.7714286"
"Vinmonopolet";"11714901";"Bruno Murciano Las Blancas";"Bruno Murciano Las Blancas";"2019";"200";"0.75";"266.67";"White wine";"Glass";"13";"2.0512822"
"Vinmonopolet";"11715001";"Bruno Murciano L'Alegria";"Bruno Murciano L'Alegria";"2018";"209.9";"0.75";"279.87";"RÃ¸dvin";"Glass";"14";"1.9990475"
"Vinmonopolet";"11715501";"Devevey Rully La Chaume Rouge 2017";"Devevey Rully La Chaume Rouge";"2017";"354";"0.75";"472";"RÃ¸dvin";"Glass";"12";"3.9333334"
"Vinmonopolet";"11715605";"Comando G Rozas 1er Cru Garnacha 2018";"Comando G Rozas 1er Cru Garnacha";"2018";"884";"1.5";"589.33";"RÃ¸dvin";"Glass";"13.5";"4.3654323"
"Vinmonopolet";"11715701";"Comando G Rozas 1er Cru Garnacha 2018";"Comando G Rozas 1er Cru Garnacha";"2018";"428";"0.75";"570.67";"RÃ¸dvin";"Glass";"13.5";"4.2271605"
"Vinmonopolet";"11715801";"Devevey Bourgogne Hautes-CÃ´tes de Beaune Rouge 2017";"Devevey Bourgogne Hautes-CÃ´tes de Beaune Rouge";"2017";"349.9";"0.75";"466.53";"RÃ¸dvin";"Glass";"12";"3.8877778"
"Vinmonopolet";"11716501";"Oggi Veneto Moscato Frizzante";"Oggi Veneto Moscato Frizzante";"2020";"97.9";"0.75";"130.53";"Sparkling white wine";"Glass";"8";"1.6316667"
"Vinmonopolet";"11716701";"Dauvissat Chablis Premier Cru CÃ´te de Lechet 2017";"Dauvissat Chablis Premier Cru CÃ´te de Lechet";"2017";"309.8";"0.75";"413.07";"White wine";"Glass";"13";"3.1774359"
"Vinmonopolet";"11716801";"Dauvissat Chablis Claire 2016";"Dauvissat Chablis Claire";"2016";"269.8";"0.75";"359.73";"White wine";"Glass";"12.5";"2.8778665"
"Vinmonopolet";"11716901";"Dauvissat Chablis Premier Cru Montmains 2016";"Dauvissat Chablis Premier Cru Montmains";"2016";"319.8";"0.75";"426.4";"White wine";"Glass";"13";"3.28"
"Vinmonopolet";"11717001";"Dauvissat Chablis Heritage 2016";"Dauvissat Chablis Heritage";"2016";"269.8";"0.75";"359.73";"White wine";"Glass";"12.5";"2.8778665"
"Vinmonopolet";"11717101";"Dauvissat Chablis 2016";"Dauvissat Chablis";"2016";"245.8";"0.75";"327.73";"White wine";"Glass";"12.5";"2.6218667"
"Vinmonopolet";"11717201";"Erbacher Marcobrunn Riesling Auslese 1998";"Erbacher Marcobrunn Riesling Auslese";"1998";"1095";"0.75";"1460";"White wine";"Glass";"10";"14.6"
"Vinmonopolet";"11717301";"Tomassetti Renudo Sangiovese 2018";"Tomassetti Renudo Sangiovese";"2018";"194.9";"0.75";"259.87";"RÃ¸dvin";"Glass";"11.5";"2.25971"
"Vinmonopolet";"11717501";"Canlibero Raspone Aglianico";"Canlibero Raspone Aglianico";"2017";"339.9";"0.75";"453.2";"RosÃ©vin";"Glass";"14.5";"3.1255171"
"Vinmonopolet";"11717701";"Trossen Purellus Riesling";"Trossen Purellus Riesling";"2018";"349.9";"0.75";"466.53";"Sparkling white wine";"Glass";"12";"3.8877778"
"Vinmonopolet";"11717801";"Trossen FÃ¼r Ylvi Purus Riesling";"Trossen FÃ¼r Ylvi Purus Riesling";"2018";"479.9";"0.75";"639.87";"White wine";"Glass";"13";"4.9220514"
"Vinmonopolet";"11717901";"Prod. del Barbaresco Asili Riserva 2015";"Prod. del Barbaresco Asili Riserva";"2015";"499.9";"0.75";"666.53";"RÃ¸dvin";"Glass";"14.5";"4.5967817"
"Vinmonopolet";"11718001";"Prod. del Barbaresco Montefico Riserva 2015";"Prod. del Barbaresco Montefico Riserva";"2015";"499.9";"0.75";"666.53";"RÃ¸dvin";"Glass";"14.5";"4.5967817"
"Vinmonopolet";"11718101";"Prod. del Barbaresco Muncagota Riserva 2015";"Prod. del Barbaresco Muncagota Riserva";"2015";"499.9";"0.75";"666.53";"RÃ¸dvin";"Glass";"14.5";"4.5967817"
"Vinmonopolet";"11718201";"Prod. del Barbaresco Montestefano Riserva 2015";"Prod. del Barbaresco Montestefano Riserva";"2015";"499.9";"0.75";"666.53";"RÃ¸dvin";"Glass";"14.5";"4.5967817"
"Vinmonopolet";"11718301";"Prod. del Barbaresco Paje Riserva 2015";"Prod. del Barbaresco Paje Riserva";"2015";"499.9";"0.75";"666.53";"RÃ¸dvin";"Glass";"14.5";"4.5967817"
"Vinmonopolet";"11718401";"Prod. del Barbaresco Ovello Riserva 2015";"Prod. del Barbaresco Ovello Riserva";"2015";"499.9";"0.75";"666.53";"RÃ¸dvin";"Glass";"14.5";"4.5967817"
"Vinmonopolet";"11718501";"Prod. del Barbaresco Pora Riserva 2015";"Prod. del Barbaresco Pora Riserva";"2015";"499.9";"0.75";"666.53";"RÃ¸dvin";"Glass";"14.5";"4.5967817"
"Vinmonopolet";"11718601";"Prod. del Barbaresco Rio Sordo Riserva 2015";"Prod. del Barbaresco Rio Sordo Riserva";"2015";"499.9";"0.75";"666.53";"RÃ¸dvin";"Glass";"14.5";"4.5967817"
"Vinmonopolet";"11718701";"Prod. del Barbaresco Rabaja Riserva 2015";"Prod. del Barbaresco Rabaja Riserva";"2015";"499.9";"0.75";"666.53";"RÃ¸dvin";"Glass";"14.5";"4.5967817"
"Vinmonopolet";"11718805";"Prod. del Barbaresco Montestefano Riserva 2015";"Prod. del Barbaresco Montestefano Riserva";"2015";"1029.9";"1.5";"686.6";"RÃ¸dvin";"Glass";"14.5";"4.7351727"
"Vinmonopolet";"11718905";"Prod. del Barbaresco Rabaja Riserva 2015";"Prod. del Barbaresco Rabaja Riserva";"2015";"1029.9";"1.5";"686.6";"RÃ¸dvin";"Glass";"14.5";"4.7351727"
"Vinmonopolet";"11719005";"Prod. del Barbaresco Ovello Riserva 2015";"Prod. del Barbaresco Ovello Riserva";"2015";"1029.9";"1.5";"686.6";"RÃ¸dvin";"Glass";"14.5";"4.7351727"
"Vinmonopolet";"11719101";"Torres Vinyarets Tinto";"Torres Vinyarets Tinto";"2018";"199.9";"0.75";"266.53";"RÃ¸dvin";"Glass";"14";"1.9038094"
"Vinmonopolet";"11719202";"Nonino Ginger Spirit";"Nonino Ginger Spirit";"0";"1269";"0.5";"2538";"Other spirit";"Glass";"50";"5.076"
"Vinmonopolet";"11719301";"Riunite Amabile Lambrusco Emilia Frizzante";"Riunite Amabile Lambrusco Emilia Frizzante";"0";"99.9";"0.75";"133.2";"Perlende vin, rÃ¸d";"Glass";"7.5";"1.776"
"Vinmonopolet";"11719401";"Montresor Soave Classico";"Montresor Soave Classico";"2018";"199.9";"0.75";"266.53";"White wine";"Glass";"12.5";"2.1322665"
"Vinmonopolet";"11719501";"Montresor Pinot Grigio delle Venezie";"Montresor Pinot Grigio delle Venezie";"2019";"149.9";"0.75";"199.87";"White wine";"Glass";"12.5";"1.5989332"
"Vinmonopolet";"11719701";"Jonata El Desafio 2006";"Jonata El Desafio";"2006";"1299.5";"0.75";"1732.67";"RÃ¸dvin";"Glass";"14.9";"11.628635"
"Vinmonopolet";"11719801";"Jonata El Alma 2011";"Jonata El Alma";"2011";"1299.9";"0.75";"1733.2";"RÃ¸dvin";"Glass";"14";"12.38"
"Vinmonopolet";"11719901";"Jonata Todos 2012";"Jonata Todos";"2012";"569.4";"0.75";"759.2";"RÃ¸dvin";"Glass";"15";"5.0613337"
"Vinmonopolet";"11720001";"Siro Pacenti Pelagrilli Brunello di Montalcino 2015";"Siro Pacenti Pelagrilli Brunello di Montalcino";"2015";"499";"0.75";"665.33";"RÃ¸dvin";"Glass";"14.5";"4.5885057"
"Vinmonopolet";"11720101";"Siro Pacenti Brunello di Montalcino Vecchie Vigne 2015";"Siro Pacenti Brunello di Montalcino Vecchie Vigne";"2015";"799";"0.75";"1065.33";"RÃ¸dvin";"Glass";"14.5";"7.3471265"
"Vinmonopolet";"11720201";"Siro Pacenti PS Brunello di Montalcino Riserva 2012";"Siro Pacenti PS Brunello di Montalcino Riserva";"2012";"1449";"0.75";"1932";"RÃ¸dvin";"Glass";"14.5";"13.324138"
"Vinmonopolet";"11720301";"Ambra Barco Reale di Carmignano Vin Ruspo Rosato";"Ambra Barco Reale di Carmignano Vin Ruspo Rosato";"2018";"198.6";"0.75";"264.8";"RosÃ©vin";"Glass";"13";"2.0369232"
"Vinmonopolet";"11720701";"Jean-Yves PÃ©ron Les Barrieux";"Jean-Yves PÃ©ron Les Barrieux";"0";"627.2";"0.75";"836.27";"White wine";"Glass";"12.5";"6.6901336"
"Vinmonopolet";"11721201";"Jean-Yves PÃ©ron CÃ´tillon des dames RÃ©serve";"Jean-Yves PÃ©ron CÃ´tillon des dames RÃ©serve";"0";"519.8";"0.75";"693.07";"White wine";"Glass";"12";"5.7755556"
"Vinmonopolet";"11721401";"Jean-Yves PÃ©ron i Vicini Barb.";"Jean-Yves PÃ©ron i Vicini Barb.";"0";"363.8";"0.75";"485.07";"RÃ¸dvin";"Glass";"15";"3.2337778"
"Vinmonopolet";"11721501";"Jean-Yves PÃ©ron i Vicini Dolce. N.";"Jean-Yves PÃ©ron i Vicini Dolce. N.";"0";"419.7";"0.75";"559.6";"RÃ¸dvin";"Glass";"15.5";"3.6103227"
"Vinmonopolet";"11721601";"Jean-Yves PÃ©ron Les Voisins Rouge";"Jean-Yves PÃ©ron Les Voisins Rouge";"2016";"349.8";"0.75";"466.4";"RÃ¸dvin";"Glass";"12";"3.8866665"
"Vinmonopolet";"11721801";"Jean-Yves PÃ©ron Champ Levat 2016";"Jean-Yves PÃ©ron Champ Levat";"2016";"379.8";"0.75";"506.4";"RÃ¸dvin";"Glass";"11";"4.6036363"
"Vinmonopolet";"11721905";"Jean-Yves PÃ©ron Les Oeillets Ã©levage prolengÃ© 36";"Jean-Yves PÃ©ron Les Oeillets Ã©levage prolengÃ© 36";"0";"789.6";"1.5";"526.4";"White wine";"Glass";"9.5";"5.5410523"
"Vinmonopolet";"11722001";"Jean-Yves PÃ©ron Les Oeillets Ã©levage prolongÃ© 36";"Jean-Yves PÃ©ron Les Oeillets Ã©levage prolongÃ© 36";"2013";"399.8";"0.75";"533.07";"White wine";"Glass";"9.5";"5.611228"
"Vinmonopolet";"11722101";"Seghesio Dolcetto d'Alba 2017";"Seghesio Dolcetto d'Alba";"2017";"229.2";"0.75";"305.6";"RÃ¸dvin";"Glass";"14";"2.182857"
"Vinmonopolet";"11722201";"Seghesio Barolo 2015";"Seghesio Barolo";"2015";"379";"0.75";"505.33";"RÃ¸dvin";"Glass";"14.5";"3.4850574"
"Vinmonopolet";"11722301";"J. B. Becker Wallufer Walkenberg SpÃ¤tburgunder SpÃ¤tlese trocken 1993";"J. B. Becker Wallufer Walkenberg SpÃ¤tburgunder SpÃ¤tlese trocken";"1993";"765";"0.75";"1020";"RÃ¸dvin";"Glass";"13";"7.8461537"
"Vinmonopolet";"11722804";"Elephant in the room Chardonnay";"Elephant in the room Chardonnay";"2019";"64.9";"0.25";"259.6";"White wine";"Metall";"13.5";"1.922963"
"Vinmonopolet";"11722906";"Murviedro Planet B";"Murviedro Planet B";"0";"429.9";"3";"143.3";"RÃ¸dvin";"Bag-in-box";"13";"1.1023077"
"Vinmonopolet";"11723002";"Myken Octave Symphony Arctic Single Malt Whisky";"Myken Octave Symphony Arctic Single Malt Whisky";"0";"849.9";"0.5";"1699.8";"Whisky";"Glass";"47";"3.6165957"
"Vinmonopolet";"11723601";"Primavera Baga";"Primavera Baga";"0";"149.9";"0.75";"199.87";"Musserende vin, rosÃ©";"Glass";"12.5";"1.5989332"
"Vinmonopolet";"11723701";"SL Riesling 2019";"SL Riesling";"2019";"149.9";"0.75";"199.87";"White wine";"Glass";"11.5";"1.737971"
"Vinmonopolet";"11723801";"Seagull Mountain Marlborough Sauvignon Blanc 2019";"Seagull Mountain Marlborough Sauvignon Blanc";"2019";"169.9";"0.75";"226.53";"White wine";"Glass";"13";"1.7425641"
"Vinmonopolet";"11723901";"Perlissimo Peach & Raspberry";"Perlissimo Peach & Raspberry";"0";"139.9";"0.75";"186.53";"Flavoured wine	";"Glass";"5.5";"3.391515"
"Vinmonopolet";"11724001";"Perlissimo Hugo";"Perlissimo Hugo";"0";"139.9";"0.75";"186.53";"Flavoured wine	";"Glass";"5.5";"3.391515"
"Vinmonopolet";"11724101";"Perlissimo Peach & Mango";"Perlissimo Peach & Mango";"0";"139.9";"0.75";"186.53";"Flavoured wine	";"Glass";"5.5";"3.391515"
"Vinmonopolet";"11724201";"Leeu Passant Stellenbosch Chardonnay 2016";"Leeu Passant Stellenbosch Chardonnay";"2016";"599";"0.75";"798.67";"White wine";"Glass";"14";"5.704762"
"Vinmonopolet";"11724301";"Leeu Passant Dry Red 2016";"Leeu Passant Dry Red";"2016";"799";"0.75";"1065.33";"RÃ¸dvin";"Glass";"14";"7.609524"
"Vinmonopolet";"11725001";"Grignano Poggio Gualtieri Chianti Rufina Riserva 2015";"Grignano Poggio Gualtieri Chianti Rufina Riserva";"2015";"414.9";"0.75";"553.2";"RÃ¸dvin";"Glass";"14.5";"3.8151724"
"Vinmonopolet";"11725102";"Grignano Vinsanto del Chianti Rufina 2012";"Grignano Vinsanto del Chianti Rufina";"2012";"419.9";"0.38";"1119.73";"White wine";"Glass";"13.5";"8.185185"
"Vinmonopolet";"11725201";"Grignano Cardinal Enrico Chianti Rufina Riserva 2014";"Grignano Cardinal Enrico Chianti Rufina Riserva";"2014";"374.9";"0.75";"499.87";"RÃ¸dvin";"Glass";"13.5";"3.7027159"
"Vinmonopolet";"11725301";"Grignano Ritratto del Cardinale Chianti Rufina 2017";"Grignano Ritratto del Cardinale Chianti Rufina";"2017";"284.9";"0.75";"379.87";"RÃ¸dvin";"Glass";"13.5";"2.813827"
"Vinmonopolet";"11725401";"Dom. de la FessardiÃ¨re Muscadet SÃ¨vre et Maine La mer qu'on voit danser";"Dom. de la FessardiÃ¨re Muscadet SÃ¨vre et Maine La mer qu'on voit danser";"2018";"194.9";"0.75";"259.87";"White wine";"Glass";"12";"2.1655555"
"Vinmonopolet";"11725501";"Bod. Tierra Savia Mirlo SÃ³lo Viognier";"Bod. Tierra Savia Mirlo SÃ³lo Viognier";"0";"239.9";"0.75";"319.87";"White wine";"Glass";"12";"2.6655555"
"Vinmonopolet";"11725601";"Bod. Tierra Savia Zaranda";"Bod. Tierra Savia Zaranda";"0";"259.9";"0.75";"346.53";"RÃ¸dvin";"Glass";"14.5";"2.389885"
"Vinmonopolet";"11725701";"Bainbridge CuvÃ©e Sweet dreams";"Bainbridge CuvÃ©e Sweet dreams";"0";"279.9";"0.75";"373.2";"White wine";"Glass";"12.5";"2.9856"
"Vinmonopolet";"11725801";"Bod. PÃ¡ramo Arroyo Ribera del Duero Eremus Tinto";"Bod. PÃ¡ramo Arroyo Ribera del Duero Eremus Tinto";"2018";"189.9";"0.75";"253.2";"RÃ¸dvin";"Glass";"14";"1.8085713"
"Vinmonopolet";"11725901";"Bod. PÃ¡ramo Arroyo Ribera del Duero Ser Vivo Y Natural";"Bod. PÃ¡ramo Arroyo Ribera del Duero Ser Vivo Y Natural";"2018";"189.9";"0.75";"253.2";"RÃ¸dvin";"Glass";"14";"1.8085713"
"Vinmonopolet";"11726006";"Dom. Bois de la Neuve";"Dom. Bois de la Neuve";"0";"381";"2";"190.5";"RosÃ©vin";"Bag-in-box";"12.5";"1.524"
"Vinmonopolet";"11726101";"Chapel Down Kit's Coty Chardonnay 2017";"Chapel Down Kit's Coty Chardonnay";"2017";"479.9";"0.75";"639.87";"White wine";"Glass";"12.5";"5.118933"
"Vinmonopolet";"11726201";"Chapel Down Bacchus";"Chapel Down Bacchus";"2018";"259.9";"0.75";"346.53";"White wine";"Glass";"12";"2.8877778"
"Vinmonopolet";"11726301";"Chapel Down Pinot Blanc";"Chapel Down Pinot Blanc";"2016";"269.9";"0.75";"359.87";"White wine";"Glass";"12.5";"2.8789332"
"Vinmonopolet";"11726401";"AD Rattray Cask Collection Glen Spey 10 YO 2009 Cask No.804631";"AD Rattray Cask Collection Glen Spey 10 YO  Cask No.31";"0";"1150";"0.7";"1642.86";"Whisky";"Glass";"58.3";"2.817937"
"Vinmonopolet";"11726501";"AD Rattray Cask Collection Glen Spey 1997 20 Cask No.5980";"AD Rattray Cask Collection Glen Spey  20 Cask No.";"0";"2275";"0.7";"3250";"Whisky";"Glass";"59";"5.508475"
"Vinmonopolet";"11726801";"AD Rattray Cask Collection Ledaig 2001 18 YO Cask Nr.218";"AD Rattray Cask Collection Ledaig  18 YO Cask Nr.218";"0";"2375";"0.7";"3392.86";"Whisky";"Glass";"57.1";"5.9419565"
"Vinmonopolet";"11726906";"Barone Montalto Terre Siciliane Pinot Grigio";"Barone Montalto Terre Siciliane Pinot Grigio";"2019";"339.9";"2.25";"151.07";"White wine";"Bag-in-box";"12";"1.2588888"
"Vinmonopolet";"11727001";"Vinologist Sauvignon Blanc 2019";"Vinologist Sauvignon Blanc";"2019";"149.9";"0.75";"199.87";"White wine";"Glass";"13.5";"1.4804938"
"Vinmonopolet";"11727101";"J. Charpentier Blanc de Blancs Brut";"J. Charpentier Blanc de Blancs Brut";"0";"344.9";"0.75";"459.87";"Champagne, brut";"Glass";"12";"3.8322222"
"Vinmonopolet";"11727301";"Bouchard Beaune du ChÃ¢teau 2015";"Bouchard Beaune du ChÃ¢teau";"2015";"490.9";"0.75";"654.53";"RÃ¸dvin";"Glass";"13.5";"4.848395"
"Vinmonopolet";"11727401";"Torre del Falasco Bardolino Chiaretto 2019";"Torre del Falasco Bardolino Chiaretto";"2019";"124.9";"0.75";"166.53";"RosÃ©vin";"Glass";"12.5";"1.3322667"
"Vinmonopolet";"11727506";"Ricossa Barbera Nebbiolo 2018";"Ricossa Barbera Nebbiolo";"2018";"469.9";"3";"156.63";"RÃ¸dvin";"Bag-in-box";"13.5";"1.1602468"
"Vinmonopolet";"11727601";"Torre del Falasco Lugana 2019";"Torre del Falasco Lugana";"2019";"159.9";"0.75";"213.2";"White wine";"Glass";"13";"1.64"
"Vinmonopolet";"11727701";"Couleurs d'Aquitaine Sarpsborg Chardonnay";"Couleurs d'Aquitaine Sarpsborg Chardonnay";"2018";"148";"0.75";"197.33";"White wine";"Glass";"12.5";"1.5786667"
"Vinmonopolet";"11727801";"El Circo Acrobata Garnacha";"El Circo Acrobata Garnacha";"2018";"129.1";"0.75";"172.13";"RÃ¸dvin";"Glass";"13.5";"1.2750618"
"Vinmonopolet";"11727901";"Capraia Chianti Classico Riserva 2015";"Capraia Chianti Classico Riserva";"2015";"299.2";"0.75";"398.93";"RÃ¸dvin";"Glass";"14";"2.849524"
"Vinmonopolet";"11728001";"Fontanafredda Barolo Riserva";"Fontanafredda Barolo Riserva";"2000";"1393.9";"0.75";"1858.53";"RÃ¸dvin";"Glass";"14";"13.275238"
"Vinmonopolet";"11728201";"El Circo Bailarina Merlot";"El Circo Bailarina Merlot";"2018";"138.2";"0.75";"184.27";"RÃ¸dvin";"Glass";"13.5";"1.3649383"
"Vinmonopolet";"11728306";"El Circo Acrobata Garnacha";"El Circo Acrobata Garnacha";"2018";"438.4";"3";"146.13";"RÃ¸dvin";"Bag-in-box";"13.5";"1.0824691"
"Vinmonopolet";"11728401";"Bellavista Franciacorta Alma Non Dosato";"Bellavista Franciacorta Alma Non Dosato";"0";"370";"0.75";"493.33";"Sparkling wine";"Glass";"12.5";"3.9466667"
"Vinmonopolet";"11728501";"Bosio Passato Barbera d'Asti Superiore";"Bosio Passato Barbera d'Asti Superiore";"2017";"189.9";"0.75";"253.2";"RÃ¸dvin";"Glass";"15";"1.688"
"Vinmonopolet";"11728601";"Trysil XO Cognac Petite Champagne Single Cask 5 Ã¥rs Jubileum";"Trysil XO Cognac Petite Champagne Single Cask 5 Ã¥rs Jubileum";"0";"990";"0.7";"1414.29";"Grape spirit";"Glass";"40";"3.5357144"
"Vinmonopolet";"11728701";"BH Trysil Kvit Vin";"BH Trysil Kvit Vin";"0";"150";"0.75";"200";"White wine";"Glass";"11.5";"1.7391304"
"Vinmonopolet";"11728801";"BH Trysil RÃ¸d Vin";"BH Trysil RÃ¸d Vin";"0";"155";"0.75";"206.67";"RÃ¸dvin";"Glass";"12.5";"1.6533333"
"Vinmonopolet";"11728901";"Gerovassiliou Epanomi Viognier 2018";"Gerovassiliou Epanomi Viognier";"2018";"288";"0.75";"384";"White wine";"Glass";"14";"2.7428572"
"Vinmonopolet";"11729101";"Torello PÃ l.lid Brut";"Torello PÃ l.lid Brut";"2018";"196.6";"0.75";"262.13";"Musserende vin, rosÃ©";"Glass";"11.5";"2.2794204"
"Vinmonopolet";"11729201";"Nettare dei Santi Pungranino";"Nettare dei Santi Pungranino";"0";"243.2";"0.75";"324.27";"RÃ¸dvin";"Glass";"11.5";"2.81971"
"Vinmonopolet";"11729301";"Vega Demara Verdejo";"Vega Demara Verdejo";"2019";"124.9";"0.75";"166.53";"White wine";"Glass";"12";"1.3877778"
"Vinmonopolet";"11729401";"Villa Conchi Blush Cava Brut";"Villa Conchi Blush Cava Brut";"0";"159.9";"0.75";"213.2";"Musserende vin, rosÃ©";"Glass";"11.5";"1.853913"
"Vinmonopolet";"11729501";"Philippe Chavy Bourgogne Chardonnay 2017";"Philippe Chavy Bourgogne Chardonnay";"2017";"309.9";"0.75";"413.2";"White wine";"Glass";"13";"3.1784616"
"Vinmonopolet";"11729601";"Philippe Chavy Meursault 1er Cru Les Charmes 2017";"Philippe Chavy Meursault 1er Cru Les Charmes";"2017";"749.9";"0.75";"999.87";"White wine";"Glass";"13.5";"7.40642"
"Vinmonopolet";"11729701";"Philippe Chavy Meursault-Blagny 1er Cru Sous le dos d'Ã¢ne 2017";"Philippe Chavy Meursault-Blagny 1er Cru Sous le dos d'Ã¢ne";"2017";"679.9";"0.75";"906.53";"White wine";"Glass";"13.5";"6.715062"
"Vinmonopolet";"11729801";"Fruktstereo DÃ©cencidre";"Fruktstereo DÃ©cencidre";"2018";"189.9";"0.75";"253.2";"Cider";"Glass";"5";"5.0639997"
"Vinmonopolet";"11729901";"Fruktstereo The Fruit PÃ©t-Nat formerly known as cider";"Fruktstereo The Fruit PÃ©t-Nat formerly known as cider";"2018";"244.1";"0.75";"325.47";"Cider";"Glass";"8.5";"3.8290198"
"Vinmonopolet";"11730001";"Philippe Chavy Saint-Aubin 1er Cru Murgers des dents de chien 2017";"Philippe Chavy Saint-Aubin 1er Cru Murgers des dents de chien";"2017";"529.9";"0.75";"706.53";"White wine";"Glass";"12.5";"5.652267"
"Vinmonopolet";"11730101";"Philippe Chavy Puligny-Montrachet Rue Rousseau 2017";"Philippe Chavy Puligny-Montrachet Rue Rousseau";"2017";"750.1";"0.75";"1000.13";"White wine";"Glass";"13";"7.693333"
"Vinmonopolet";"11730201";"Philippe Chavy Puligny-Montrachet 1er Cru Les FolatiÃ¨res 2017";"Philippe Chavy Puligny-Montrachet 1er Cru Les FolatiÃ¨res";"2017";"985.9";"0.75";"1314.53";"White wine";"Glass";"13.5";"9.737285"
"Vinmonopolet";"11730301";"Philippe Chavy Meursault Les Narvaux 2017";"Philippe Chavy Meursault Les Narvaux";"2017";"529.9";"0.75";"706.53";"White wine";"Glass";"12.5";"5.652267"
"Vinmonopolet";"11730401";"Philippe Chavy Meursault 2017";"Philippe Chavy Meursault";"2017";"485.9";"0.75";"647.87";"White wine";"Glass";"12.5";"5.1829333"
"Vinmonopolet";"11730501";"Philippe Chavy Puligny-Montrachet 1er Cru Les Pucelles 2017";"Philippe Chavy Puligny-Montrachet 1er Cru Les Pucelles";"2017";"1084.9";"0.75";"1446.53";"White wine";"Glass";"13.5";"10.715062"
"Vinmonopolet";"11730601";"Philippe Chavy Puligny-Montrachet Les CorvÃ©es des vignes 2017";"Philippe Chavy Puligny-Montrachet Les CorvÃ©es des vignes";"2017";"599.9";"0.75";"799.87";"White wine";"Glass";"13";"6.1528206"
"Vinmonopolet";"11730701";"Galharda Douro RosÃ© 2018";"Galharda Douro RosÃ©";"2018";"159.9";"0.75";"213.2";"RosÃ©vin";"Glass";"13.5";"1.5792592"
"Vinmonopolet";"11730801";"Monsanto Il Poggio Chianti Classico Riserva 2006";"Monsanto Il Poggio Chianti Classico Riserva";"2006";"1743.8";"0.75";"2325.07";"RÃ¸dvin";"Glass";"14";"16.60762"
"Vinmonopolet";"11730901";"Monsanto Chianti Classico Riserva 2009";"Monsanto Chianti Classico Riserva";"2009";"631.1";"0.75";"841.47";"RÃ¸dvin";"Glass";"14";"6.010476"
"Vinmonopolet";"11731802";"KÃ¸lster IPA";"KÃ¸lster IPA";"0";"84.9";"0.33";"257.27";"India pale ale";"Glass";"5.3";"4.8542023"
"Vinmonopolet";"11731902";"KÃ¸lster Bergamotte Berliner Weisse";"KÃ¸lster Bergamotte Berliner Weisse";"0";"89.9";"0.33";"272.42";"HveteÃ¸l";"Glass";"4.9";"5.559678"
"Vinmonopolet";"11732001";"Seguin-Manuel Bourgogne Pinot Noir 2018";"Seguin-Manuel Bourgogne Pinot Noir";"2018";"249";"0.75";"332";"RÃ¸dvin";"Glass";"12.5";"2.656"
"Vinmonopolet";"11732102";"RÃ¸ros Bryggeri Easter Feaster Blonde";"RÃ¸ros Bryggeri Easter Feaster Blonde";"0";"85.1";"0.44";"188.86";"Light ale";"Emballasje med pant";"6.6";"2.9304407"
"Vinmonopolet";"11732201";"Seguin-Manuel Bourgogne Chardonnay 2018";"Seguin-Manuel Bourgogne Chardonnay";"2018";"239";"0.75";"318.67";"White wine";"Glass";"13";"2.451282"
"Vinmonopolet";"11732301";"Dom. de la Senche Le Blanc 2019";"Dom. de la Senche Le Blanc";"2019";"189";"0.75";"252";"White wine";"Glass";"13.5";"1.8666667"
"Vinmonopolet";"11732402";"Marolo Grappa di Barolo";"Marolo Grappa di Barolo";"0";"485";"0.5";"970";"Grape spirit";"Glass";"42";"2.3095238"
"Vinmonopolet";"11732501";"Dom. de la Senche Hibou 2019";"Dom. de la Senche Hibou";"2019";"189";"0.75";"252";"RÃ¸dvin";"Glass";"14";"1.8"
"Vinmonopolet";"11732602";"Marolo Grappa di Amarone";"Marolo Grappa di Amarone";"2013";"485";"0.5";"970";"Grape spirit";"Glass";"42";"2.3095238"
"Vinmonopolet";"11732701";"Bonnet Rouge Gamay Noir 2018";"Bonnet Rouge Gamay Noir";"2018";"169.9";"0.75";"226.53";"RÃ¸dvin";"Glass";"13";"1.7425641"
"Vinmonopolet";"11732801";"Maire Grand MinÃ©ral CÃ´tes du Jura Chardonnay 2018";"Maire Grand MinÃ©ral CÃ´tes du Jura Chardonnay";"2018";"159.9";"0.75";"213.2";"White wine";"Glass";"12.5";"1.7055999"
"Vinmonopolet";"11732901";"Maire Grand HÃ©ritage CÃ´tes du Jura Savagnin";"Maire Grand HÃ©ritage CÃ´tes du Jura Savagnin";"0";"219.9";"0.75";"293.2";"White wine";"Glass";"13.5";"2.1718519"
"Vinmonopolet";"11733001";"Maire Grand MinÃ©ral CÃ´tes du Jura Savagnin 2018";"Maire Grand MinÃ©ral CÃ´tes du Jura Savagnin";"2018";"199.9";"0.75";"266.53";"White wine";"Glass";"13.5";"1.9743209"
"Vinmonopolet";"11733101";"Old Pulteney 15 YO 2004 LMDW";"Old Pulteney 15 YO  LMDW";"0";"2255";"0.7";"3221.43";"Whisky";"Glass";"50.2";"6.417188"
"Vinmonopolet";"11733201";"Jean Fillioux Through the Grapevine Grande Champagne Lot 75";"Jean Fillioux Through the Grapevine Grande Champagne Lot 75";"1975";"1685";"0.7";"2407.14";"Grape spirit";"Glass";"44.1";"5.458374"
"Vinmonopolet";"11733301";"Ch. de Pierreux Beaujolais-Villages Chardonnay 2018";"Ch. de Pierreux Beaujolais-Villages Chardonnay";"2018";"169.9";"0.75";"226.53";"White wine";"Glass";"13";"1.7425641"
"Vinmonopolet";"11733401";"Viberti Giovanni Rinato Langhe Chardonnay 2018";"Viberti Giovanni Rinato Langhe Chardonnay";"2018";"299.9";"0.75";"399.87";"White wine";"Glass";"13.5";"2.9619753"
"Vinmonopolet";"11733501";"Ballechin 12 YO 2007 Jamaican Rum Cask Finish";"Ballechin 12 YO  Jamaican Rum Cask Finish";"0";"1755";"0.7";"2507.14";"Whisky";"Glass";"59.6";"4.206616"
"Vinmonopolet";"11733801";"Amrut 6 YO Ex-Oloroso Single Cask No.4135";"Amrut 6 YO Ex-Oloroso Single Cask No.";"0";"2395";"0.7";"3421.43";"Whisky";"Glass";"60";"5.702381"
"Vinmonopolet";"11733901";"Glendronach 12 YO 2007 Sherry PX Puncheon LMDW";"Glendronach 12 YO  Sherry PX Puncheon LMDW";"0";"2225";"0.7";"3178.57";"Whisky";"Glass";"56.5";"5.62579"
"Vinmonopolet";"11734001";"Tessier Champ Perrier Bourgogne Blanc 2017";"Tessier Champ Perrier Bourgogne Blanc";"2017";"319";"0.75";"425.33";"White wine";"Glass";"13";"3.2717948"
"Vinmonopolet";"11734201";"Tessier Meursault Les Casse-TÃªtes 2017";"Tessier Meursault Les Casse-TÃªtes";"2017";"559";"0.75";"745.33";"White wine";"Glass";"13";"5.733333"
"Vinmonopolet";"11734301";"Tessier Dessus Meursault 1er Cru Le Poruzot Dessus 2017";"Tessier Dessus Meursault 1er Cru Le Poruzot Dessus";"2017";"759";"0.75";"1012";"White wine";"Glass";"13.5";"7.4962964"
"Vinmonopolet";"11734401";"Tessier Meursault 1er Cru Les GenevriÃ¨res 2017";"Tessier Meursault 1er Cru Les GenevriÃ¨res";"2017";"869";"0.75";"1158.67";"White wine";"Glass";"13.5";"8.582716"
"Vinmonopolet";"11734501";"Tessier Meursault 1er Cru Les Charmes Dessus 2017";"Tessier Meursault 1er Cru Les Charmes Dessus";"2017";"789";"0.75";"1052";"White wine";"Glass";"13.5";"7.7925925"
"Vinmonopolet";"11734606";"Mulderbosch Cabernet Sauvignon RosÃ©";"Mulderbosch Cabernet Sauvignon RosÃ©";"0";"439.9";"3";"146.63";"RosÃ©vin";"Bag-in-box";"12.5";"1.1730666"
"Vinmonopolet";"11734701";"Dominio do Bibei Lalume 2017";"Dominio do Bibei Lalume";"2017";"269";"0.75";"358.67";"White wine";"Glass";"13.5";"2.65679"
"Vinmonopolet";"11734801";"Tessier Meursault 2017";"Tessier Meursault";"2017";"539";"0.75";"718.67";"White wine";"Glass";"13";"5.528205"
"Vinmonopolet";"11735101";"An Approach To Relaxation Sucette Grenache 2017";"An Approach To Relaxation Sucette Grenache";"2017";"495";"0.75";"660";"RÃ¸dvin";"Glass";"14.5";"4.551724"
"Vinmonopolet";"11735201";"An Approach To Relaxation Nichon Semillon 2017";"An Approach To Relaxation Nichon Semillon";"2017";"495";"0.75";"660";"White wine";"Glass";"12.2";"5.4098363"
"Vinmonopolet";"11735301";"Medici Ermete Phermento Lambrusco di Modena 2018";"Medici Ermete Phermento Lambrusco di Modena";"2018";"214.9";"0.75";"286.53";"Perlende vin, rÃ¸d";"Glass";"12";"2.3877778"
"Vinmonopolet";"11735401";"Medici Ermete Quercioli Lambrusco di Sorbara 2019";"Medici Ermete Quercioli Lambrusco di Sorbara";"2019";"134.9";"0.75";"179.87";"Perlende vin, rÃ¸d";"Glass";"11";"1.6351514"
"Vinmonopolet";"11735501";"Antoine de la Farge L'Enfant Rebelle Pinot Noir 2018";"Antoine de la Farge L'Enfant Rebelle Pinot Noir";"2018";"219.9";"0.75";"293.2";"RÃ¸dvin";"Glass";"13";"2.2553844"
"Vinmonopolet";"11735601";"Antoine de la Farge Pouilly-FumÃ© 2018";"Antoine de la Farge Pouilly-FumÃ©";"2018";"269.9";"0.75";"359.87";"White wine";"Glass";"12.5";"2.8789332"
"Vinmonopolet";"11735701";"Antoine de la Farge L'Enfant Rebelle Sauvignon Blanc 2018";"Antoine de la Farge L'Enfant Rebelle Sauvignon Blanc";"2018";"219.9";"0.75";"293.2";"White wine";"Glass";"12.5";"2.3456"
"Vinmonopolet";"11735801";"Torpez Bravade";"Torpez Bravade";"2019";"199.9";"0.75";"266.53";"RosÃ©vin";"Glass";"13";"2.0502563"
"Vinmonopolet";"11735907";"Torpez Bravade";"Torpez Bravade";"2019";"949.9";"3";"316.63";"RosÃ©vin";"Glass";"13";"2.435641"
"Vinmonopolet";"11736005";"Torpez Bravade";"Torpez Bravade";"2019";"449.9";"1.5";"299.93";"RosÃ©vin";"Glass";"13";"2.3071795"
"Vinmonopolet";"11737701";"Knipser Kirschgarten SpÃ¤tburgunder";"Knipser Kirschgarten SpÃ¤tburgunder";"2015";"499.9";"0.75";"666.53";"RÃ¸dvin";"Glass";"14";"4.7609525"
"Vinmonopolet";"11737801";"Knipser Blauer SpÃ¤tburgunder Trocken";"Knipser Blauer SpÃ¤tburgunder Trocken";"2016";"224.9";"0.75";"299.87";"RÃ¸dvin";"Glass";"13.5";"2.2212346"
"Vinmonopolet";"11737901";"Ch. Camino Salva Haut-MÃ©doc 2015";"Ch. Camino Salva Haut-MÃ©doc";"2015";"189.9";"0.75";"253.2";"RÃ¸dvin";"Glass";"13.5";"1.8755555"
"Vinmonopolet";"11738001";"ViÃ±a Bujanda Rioja 2018";"ViÃ±a Bujanda Rioja";"2018";"159.9";"0.75";"213.2";"RÃ¸dvin";"Glass";"13.5";"1.5792592"
"Vinmonopolet";"11738101";"Knipser Kalkmergel SpÃ¤tburgunder 2018";"Knipser Kalkmergel SpÃ¤tburgunder";"2018";"299.9";"0.75";"399.87";"RÃ¸dvin";"Glass";"13.5";"2.9619753"
"Vinmonopolet";"11738401";"Benito Ferrara Terra d'Uva Greco di Tufo 2018";"Benito Ferrara Terra d'Uva Greco di Tufo";"2018";"251.8";"0.75";"335.73";"White wine";"Glass";"13";"2.582564"
"Vinmonopolet";"11738505";"Billaud Chablis Premier Cru MontÃ©e de Tonnerre 2017";"Billaud Chablis Premier Cru MontÃ©e de Tonnerre";"2017";"989.9";"1.5";"659.93";"White wine";"Glass";"13";"5.0764103"
"Vinmonopolet";"11738602";"Sakiskiu Brut ale with grapes";"Sakiskiu Brut ale with grapes";"0";"69.9";"0.33";"211.82";"SurÃ¸l";"Glass";"5.5";"3.8512397"
"Vinmonopolet";"11738702";"Burning Sky Easy Answers IPA";"Burning Sky Easy Answers IPA";"0";"79.9";"0.44";"177.05";"India pale ale";"Emballasje med pant";"6";"3.0265152"
"Vinmonopolet";"11739205";"A. Jaume CÃ´tes du RhÃ´ne RÃ©serve Grand Veneur";"A. Jaume CÃ´tes du RhÃ´ne RÃ©serve Grand Veneur";"2017";"369.7";"1.5";"246.47";"RÃ¸dvin";"Glass";"14";"1.7604762"
"Vinmonopolet";"11739301";"VIP Spritz";"VIP Spritz";"0";"149";"0.75";"198.67";"Flavoured wine	";"Glass";"8";"2.4833333"
"Vinmonopolet";"11739501";"That Boutique-y Gin Co. Moonshot Gin";"That Boutique-y Gin Co. Moonshot Gin";"0";"581.9";"0.7";"831.29";"Gin";"Glass";"46";"1.807143"
"Vinmonopolet";"11739601";"That Boutique-y Gin Co. Rhubarb Triangle Gin";"That Boutique-y Gin Co. Rhubarb Triangle Gin";"0";"535.9";"0.7";"765.57";"Gin";"Glass";"46";"1.6642858"
"Vinmonopolet";"11739701";"Ableforth's Rumbullion!";"Ableforth's Rumbullion!";"0";"579.9";"0.7";"828.43";"Other spirit";"Glass";"42.6";"1.9446682"
"Vinmonopolet";"11739801";"That Boutique-y Rum Co. Signature Blend #1 Bright-Grass";"That Boutique-y Rum Co. Signature Blend #1 Bright-Grass";"0";"484.9";"0.7";"692.71";"Rum";"Glass";"42";"1.6493198"
"Vinmonopolet";"11740002";"That Boutique-y Gin Co. Chocolate Plague Gin";"That Boutique-y Gin Co. Chocolate Plague Gin";"0";"489.9";"0.5";"979.8";"Gin";"Glass";"46";"2.1299999"
"Vinmonopolet";"11740102";"Jikiun Hogna Antagonist 3.02 Triple IPL";"Jikiun Hogna Antagonist 3.02 Triple IPL";"0";"73.9";"0.33";"217.88";"Special";"Emballasje med pant";"10";"2.239394"
"Vinmonopolet";"11740202";"Cervisiam Ti-killers Imperial Tiki Sour";"Cervisiam Ti-killers Imperial Tiki Sour";"0";"70.9";"0.33";"208.79";"SurÃ¸l";"Emballasje med pant";"7";"3.069264"
"Vinmonopolet";"11740302";"Jikiun Elektromotor Triple Decoction Doppel Weizenbock";"Jikiun Elektromotor Triple Decoction Doppel Weizenbock";"0";"69.9";"0.33";"205.76";"HveteÃ¸l";"Emballasje med pant";"9";"2.3535354"
"Vinmonopolet";"11740502";"Cervisiam Banana Drama Imperial Pastry Stout";"Cervisiam Banana Drama Imperial Pastry Stout";"0";"87.9";"0.33";"260.3";"Porter and stout";"Emballasje med pant";"12";"2.219697"
"Vinmonopolet";"11740601";"Vino di Anna Qvevri 2017";"Vino di Anna Qvevri";"2017";"399.9";"0.75";"533.2";"RÃ¸dvin";"Glass";"14";"3.8085713"
"Vinmonopolet";"11740701";"Vino di Anna Bianco 2018";"Vino di Anna Bianco";"2018";"419.9";"0.75";"559.87";"White wine";"Glass";"13";"4.3066664"
"Vinmonopolet";"11740801";"Vino di Anna Qvevri Don Alfio 2016";"Vino di Anna Qvevri Don Alfio";"2016";"479.8";"0.75";"639.73";"RÃ¸dvin";"Glass";"13.5";"4.7387652"
"Vinmonopolet";"11741801";"Bruno Clair Les Vaudenelles Marsannay 2015";"Bruno Clair Les Vaudenelles Marsannay";"2015";"454.9";"0.75";"606.53";"RÃ¸dvin";"Glass";"13";"4.665641"
"Vinmonopolet";"11741901";"Bruno Clair Marsannay RosÃ© 2018";"Bruno Clair Marsannay RosÃ©";"2018";"299.9";"0.75";"399.87";"RosÃ©vin";"Glass";"12.5";"3.1989334"
"Vinmonopolet";"11742001";"Jean-Max Roger Sancerre CuvÃ©e Marnes et Caillottes Blanc 2018";"Jean-Max Roger Sancerre CuvÃ©e Marnes et Caillottes Blanc";"2018";"245.3";"0.75";"327.07";"White wine";"Glass";"13";"2.5158975"
"Vinmonopolet";"11742101";"Massolino Gisep Barbera d'Alba 2017";"Massolino Gisep Barbera d'Alba";"2017";"529.9";"0.75";"706.53";"RÃ¸dvin";"Glass";"15";"4.7102222"
"Vinmonopolet";"11742701";"Il Farneto Frisant Bianco 2019";"Il Farneto Frisant Bianco";"2019";"169.9";"0.75";"226.53";"Sparkling white wine";"Glass";"11";"2.059394"
"Vinmonopolet";"11742801";"Il Farneto Frisant Rosso 2019";"Il Farneto Frisant Rosso";"2019";"169.9";"0.75";"226.53";"Perlende vin, rÃ¸d";"Glass";"11";"2.059394"
"Vinmonopolet";"11742901";"Il Farneto Giandon Rosso 2019";"Il Farneto Giandon Rosso";"2019";"139.9";"0.75";"186.53";"RÃ¸dvin";"Glass";"12";"1.5544444"
"Vinmonopolet";"11743001";"Il Farneto Berzmein Rosso 2017";"Il Farneto Berzmein Rosso";"2017";"185.9";"0.75";"247.87";"RÃ¸dvin";"Glass";"13";"1.9066666"
"Vinmonopolet";"11743301";"Capucha Fossil Branco 2017";"Capucha Fossil Branco";"2017";"249.9";"0.75";"333.2";"White wine";"Glass";"12.5";"2.6655998"
"Vinmonopolet";"11743401";"Capucha Clima Red 2015";"Capucha Clima Red";"2015";"219.9";"0.75";"293.2";"RÃ¸dvin";"Glass";"13";"2.2553844"
"Vinmonopolet";"11743702";"Theodor SchiÃ¸tz Anarkist Hazy IPA";"Theodor SchiÃ¸tz Anarkist Hazy IPA";"0";"33.9";"0.5";"67.8";"Alkoholfritt Ã¸l";"Glass";"0.5";"13.56"
"Vinmonopolet";"11743801";"Jean Pascal Bourgogne Chardonnay 2017";"Jean Pascal Bourgogne Chardonnay";"2017";"239.5";"0.75";"319.33";"White wine";"Glass";"13";"2.4564102"
"Vinmonopolet";"11743901";"Joseph Pascal Chassagne-Montrachet 2017";"Joseph Pascal Chassagne-Montrachet";"2017";"494";"0.75";"658.67";"White wine";"Glass";"13";"5.0666666"
"Vinmonopolet";"11745204";"Rivarose RosÃ© Frizzante";"Rivarose RosÃ© Frizzante";"0";"59.9";"0.25";"239.6";"Perlende vin, rosÃ©";"Metall";"12";"1.9966667"
"Vinmonopolet";"11745301";"Peter & Paul Rot 2018";"Peter & Paul Rot";"2018";"188";"0.75";"250.67";"RÃ¸dvin";"Glass";"11.5";"2.1797101"
"Vinmonopolet";"11745601";"Nudant Les Buis Ladoix 2017";"Nudant Les Buis Ladoix";"2017";"389.5";"0.75";"519.33";"RÃ¸dvin";"Glass";"13.5";"3.8469136"
"Vinmonopolet";"11745706";"Ramos Elegant White";"Ramos Elegant White";"2019";"409.9";"3";"136.63";"White wine";"Bag-in-box";"12";"1.1386111"
"Vinmonopolet";"11745801";"Santero DilÃ© Bellini Peach";"Santero DilÃ© Bellini Peach";"0";"99.5";"0.75";"132.67";"Fruit wine";"Glass";"5";"2.6533334"
"Vinmonopolet";"11745901";"Cant. di Capri Piazza Grande Brut";"Cant. di Capri Piazza Grande Brut";"2018";"139.7";"0.75";"186.27";"Musserende vin, rosÃ©";"Glass";"11.5";"1.6197101"
"Vinmonopolet";"11746207";"Cristian Senez Carte Verte Brut";"Cristian Senez Carte Verte Brut";"0";"8999.5";"12";"749.96";"Champagne extra brut";"Glass";"12";"6.249653"
"Vinmonopolet";"11746406";"Nau Mai Sauvignon Blanc";"Nau Mai Sauvignon Blanc";"2019";"259.9";"1.5";"173.27";"White wine";"Pouch";"12.5";"1.3861333"
"Vinmonopolet";"11746501";"Aperitivo Spritz";"Aperitivo Spritz";"0";"124.9";"0.75";"166.53";"Flavoured wine	";"Glass";"8.5";"1.9592158"
"Vinmonopolet";"11747001";"Balfour Luke's Pinot Noir 2018";"Balfour Luke's Pinot Noir";"2018";"269";"0.75";"358.67";"RÃ¸dvin";"Glass";"12.5";"2.8693333"
"Vinmonopolet";"11747902";"Baladin Beermouth";"Baladin Beermouth";"0";"369.9";"0.5";"739.8";"Special";"Glass";"19";"3.8936841"
"Vinmonopolet";"11748102";"Ego I am Kveik Hornindal";"Ego I am Kveik Hornindal";"0";"49.9";"0.33";"151.21";"Special";"Metall";"6";"2.520202"
"Vinmonopolet";"11748202";"Ego I am Kveik Gjernes";"Ego I am Kveik Gjernes";"0";"49.9";"0.33";"151.21";"Special";"Metall";"6";"2.520202"
"Vinmonopolet";"11748302";"Ego I am Kveik Framgaarden";"Ego I am Kveik Framgaarden";"0";"49.9";"0.33";"151.21";"Special";"Metall";"6";"2.520202"
"Vinmonopolet";"11748401";"Cline RevelarÃ© 2018";"Cline RevelarÃ©";"2018";"179.6";"0.75";"239.47";"RÃ¸dvin";"Glass";"13.5";"1.7738272"
"Vinmonopolet";"11748602";"The 3 Sons of Borr";"The 3 Sons of Borr";"0";"230.3";"0.33";"697.88";"Porter and stout";"Glass";"12.7";"5.4951086"
"Vinmonopolet";"11748702";"Haandbryggeriet Akevitt Porter";"Haandbryggeriet Akevitt Porter";"2019";"119.4";"0.33";"361.82";"Porter and stout";"Glass";"10";"3.6181817"
"Vinmonopolet";"11748901";"Italo Cescon Madre Manzoni Bianco 2017";"Italo Cescon Madre Manzoni Bianco";"2017";"369";"0.75";"492";"White wine";"Glass";"13.5";"3.6444445"
"Vinmonopolet";"11749401";"Mount Gay Black Barrel";"Mount Gay Black Barrel";"0";"599.9";"0.7";"857";"Rum";"Glass";"43";"1.9930234"
"Vinmonopolet";"11749501";"Mount Gay XO";"Mount Gay XO";"0";"899.9";"0.7";"1285.57";"Rum";"Glass";"43";"2.989701"
"Vinmonopolet";"11749601";"Dei Toscana Rosa";"Dei Toscana Rosa";"2019";"199";"0.75";"265.33";"RosÃ©vin";"Glass";"13";"2.0410256"
"Vinmonopolet";"11749701";"Hardanger Sider med jordbÃ¦r 2019";"Hardanger Sider med jordbÃ¦r";"2019";"163.4";"0.75";"217.87";"Cider";"Glass";"6.4";"3.4041665"
"Vinmonopolet";"11750001";"La Tordera Cartizze Brut";"La Tordera Cartizze Brut";"0";"169.9";"0.75";"226.53";"Sparkling wine";"Glass";"11.5";"1.969855"
"Vinmonopolet";"11750101";"Saffirio Nebbiolo d'Alba Brut RosÃ© 2017";"Saffirio Nebbiolo d'Alba Brut RosÃ©";"2017";"224.9";"0.75";"299.87";"Musserende vin, rosÃ©";"Glass";"12.5";"2.3989332"
"Vinmonopolet";"11750801";"Ch. Minuty M by Mina & Zosen 2019";"Ch. Minuty M by Mina & Zosen";"2019";"219";"0.75";"292";"RosÃ©vin";"Glass";"13";"2.2461538"
"Vinmonopolet";"11751101";"Ch. Potensac 2016";"Ch. Potensac";"2016";"425";"0.75";"566.67";"RÃ¸dvin";"Glass";"14";"4.047619"
"Vinmonopolet";"11751902";"Sibona Grappa Di Barolo";"Sibona Grappa Di Barolo";"0";"465";"0.5";"930";"Grape spirit";"Glass";"40";"2.325"
"Vinmonopolet";"11752102";"Long KyrÃ¶ Cranberry";"Long KyrÃ¶ Cranberry";"0";"63.9";"0.33";"193.64";"Other spirit";"Glass";"5.5";"3.520661"
"Vinmonopolet";"11754601";"Land of Saints Edna Valley Pinot Noir 2018";"Land of Saints Edna Valley Pinot Noir";"2018";"319";"0.75";"425.33";"RÃ¸dvin";"Glass";"13.5";"3.1506174"
"Vinmonopolet";"11754701";"La Croix des Roses Tavel 2019";"La Croix des Roses Tavel";"2019";"177.5";"0.75";"236.67";"RosÃ©vin";"Glass";"13";"1.8205128"
"Vinmonopolet";"11755101";"Suenen Cramant Les Robarts 2013";"Suenen Cramant Les Robarts";"2013";"1299.7";"0.75";"1732.93";"Champagne extra brut";"Glass";"12.5";"13.863466"
"Vinmonopolet";"11755301";"Suenen C+C Blanc de Blanc Grand Cru Extra Brut 2016";"Suenen C+C Blanc de Blanc Grand Cru Extra Brut";"2016";"609.9";"0.75";"813.2";"Champagne extra brut";"Glass";"12";"6.776667"
"Vinmonopolet";"11755501";"Suenen Oiry Blanc de Blancs Grand Cru Extra Brut 2016";"Suenen Oiry Blanc de Blancs Grand Cru Extra Brut";"2016";"520";"0.75";"693.33";"Champagne extra brut";"Glass";"12";"5.7777777"
"Vinmonopolet";"11755901";"Suenen La Cocluette Oiry 2013";"Suenen La Cocluette Oiry";"2013";"1099.5";"0.75";"1466";"Champagne extra brut";"Glass";"12";"12.216666"
"Vinmonopolet";"11756101";"Gusbourne Blanc de Blancs 2015";"Gusbourne Blanc de Blancs";"2015";"400";"0.75";"533.33";"Sparkling wine";"Glass";"12";"4.4444447"
"Vinmonopolet";"11757701";"ViÃ±a Albali Seleccion Privada Gran Reserva";"ViÃ±a Albali Seleccion Privada Gran Reserva";"2012";"199";"0.75";"265.33";"RÃ¸dvin";"Glass";"13";"2.0410256"
"Vinmonopolet";"11757802";"Mikkeller Flemish Primitive with Raspberries";"Mikkeller Flemish Primitive with Raspberries";"0";"40.4";"0.33";"122.42";"Alkoholfritt Ã¸l";"Glass";"0.3";"40.80808"
"Vinmonopolet";"11757901";"Beefeater Blood Orange";"Beefeater Blood Orange";"0";"379.9";"0.7";"542.71";"Gin";"Glass";"37.5";"1.4472381"
"Vinmonopolet";"11758001";"AD Rattray Knockdhu for The Whisky Bar 10 YO Cask No. 700308";"AD Rattray Knockdhu for The Whisky Bar 10 YO Cask No. 08";"0";"1135";"0.7";"1621.43";"Whisky";"Glass";"56.6";"2.8647149"
"Vinmonopolet";"11758701";"Apremont La Pierre HachÃ©e 2018";"Apremont La Pierre HachÃ©e";"2018";"179.9";"0.75";"239.87";"White wine";"Glass";"11.5";"2.085797"
"Vinmonopolet";"11758802";"Stockholms Sommarakvavit";"Stockholms Sommarakvavit";"0";"344.2";"0.5";"688.4";"Aquavit";"Glass";"40";"1.7210001"
"Vinmonopolet";"11758906";"Frey Pinot Noir RosÃ© 2019";"Frey Pinot Noir RosÃ©";"2019";"459.9";"3";"153.3";"RosÃ©vin";"Bag-in-box";"12";"1.2775"
"Vinmonopolet";"11759001";"Camp Zinfandel 2018";"Camp Zinfandel";"2018";"214.9";"0.75";"286.53";"RÃ¸dvin";"Glass";"13.5";"2.1224692"
"Vinmonopolet";"11762502";"Lervig Yuzu Gin'n'Tonic";"Lervig Yuzu Gin'n'Tonic";"0";"58";"0.33";"169.7";"Other spirit";"Emballasje med pant";"7";"2.5108223"
"Vinmonopolet";"11762801";"Weltner Allzweckwaffe Trocken 2018";"Weltner Allzweckwaffe Trocken";"2018";"199.9";"0.75";"266.53";"White wine";"Glass";"12.5";"2.1322665"
"Vinmonopolet";"11762906";"Bouchard HÃ©ritage du Conseiller Pinot Noir 2019";"Bouchard HÃ©ritage du Conseiller Pinot Noir";"2019";"449.9";"3";"149.97";"RÃ¸dvin";"Bag-in-box";"13";"1.1535897"
"Vinmonopolet";"11765001";"Ch. La Tour de l'EvÃªque RosÃ© 2019";"Ch. La Tour de l'EvÃªque RosÃ©";"2019";"159.6";"0.75";"212.8";"RosÃ©vin";"Glass";"13";"1.6369232"
"Vinmonopolet";"11769101";"Ruida Domo Tempranillo";"Ruida Domo Tempranillo";"2018";"149.9";"0.75";"199.87";"RÃ¸dvin";"Glass";"12.5";"1.5989332"
"Vinmonopolet";"11769201";"Ruida Domo Airen";"Ruida Domo Airen";"2018";"139.9";"0.75";"186.53";"White wine";"Glass";"11";"1.6957575"
"Vinmonopolet";"11769301";"Perelada Stars Cava Brut Nature";"Perelada Stars Cava Brut Nature";"2016";"169.9";"0.75";"226.53";"Sparkling wine";"Glass";"11.5";"1.969855"
"Vinmonopolet";"11769401";"Perelada Stars Touch of RosÃ© Cava Brut";"Perelada Stars Touch of RosÃ© Cava Brut";"2017";"199";"0.75";"265.33";"Musserende vin, rosÃ©";"Glass";"11.5";"2.3072464"
"Vinmonopolet";"11770801";"Neleman Tempranillo & Monastrell 2019";"Neleman Tempranillo & Monastrell";"2019";"149";"0.75";"198.67";"RÃ¸dvin";"Glass";"13.5";"1.471605"
"Vinmonopolet";"11770901";"Albert Boxler Riesling 2018";"Albert Boxler Riesling";"2018";"395";"0.75";"526.67";"White wine";"Glass";"13.5";"3.9012346"
"Vinmonopolet";"11774201";"Depaz RÃ©serve SpÃ©ciale VSOP";"Depaz RÃ©serve SpÃ©ciale VSOP";"0";"549.9";"0.7";"785.57";"Rum";"Glass";"45";"1.7457144"
"Vinmonopolet";"11777001";"Nada Barbaresco Casot 2016";"Nada Barbaresco Casot";"2016";"364";"0.75";"485.33";"RÃ¸dvin";"Glass";"14.5";"3.3471265"
"Vinmonopolet";"11777101";"SorÃ¬ Paitin Barbaresco Serraboella 2016";"SorÃ¬ Paitin Barbaresco Serraboella";"2016";"666";"0.75";"888";"RÃ¸dvin";"Glass";"14.5";"6.124138"
"Vinmonopolet";"11782601";"BenoÃ®t Charbonnaud Bouzeron CuvÃ©e de l'Excellence";"BenoÃ®t Charbonnaud Bouzeron CuvÃ©e de l'Excellence";"0";"199.7";"0.75";"266.27";"White wine";"Glass";"13";"2.0482051"
"Vinmonopolet";"11787601";"Desvios 2017";"Desvios";"2017";"274.9";"0.75";"366.53";"White wine";"Glass";"13";"2.819487"
"Vinmonopolet";"11788101";"Claudia's Quevedo 2018";"Claudia's Quevedo";"2018";"249.9";"0.75";"333.2";"White wine";"Glass";"13";"2.563077"
"Vinmonopolet";"11788302";"7 Fjell Bad Habit Addictive Pale Ale";"7 Fjell Bad Habit Addictive Pale Ale";"0";"46.9";"0.33";"136.06";"Pale ale";"Emballasje med pant";"5";"2.8424242"
"Vinmonopolet";"11788401";"Quinta de Saes Encruzado 2018";"Quinta de Saes Encruzado";"2018";"174.8";"0.75";"233.07";"White wine";"Glass";"13";"1.7928206"
"Vinmonopolet";"11788501";"Quinta de Saes Tobias Tinto 2016";"Quinta de Saes Tobias Tinto";"2016";"145.8";"0.75";"194.4";"RÃ¸dvin";"Glass";"13";"1.4953847"
"Vinmonopolet";"11789901";"Dom. GÃ©rard Thomas Saint-Aubin 1er Cru La ChateniÃ¨re 2018";"Dom. GÃ©rard Thomas Saint-Aubin 1er Cru La ChateniÃ¨re";"2018";"398.8";"0.75";"531.73";"White wine";"Glass";"13";"4.090256"
"Vinmonopolet";"11790202";"Bareksten Gin Spritz by 7F";"Bareksten Gin Spritz by 7F";"0";"56.4";"0.33";"164.85";"Other spirit";"Emballasje med pant";"5.5";"3.107438"
"Vinmonopolet";"11790302";"Six degrees North BA Bombini";"Six degrees North BA Bombini";"0";"74.9";"0.33";"226.97";"SurÃ¸l";"Glass";"6";"3.782828"
"Vinmonopolet";"11790401";"Belisario Del Cerro Verdicchio di Matelica 2019";"Belisario Del Cerro Verdicchio di Matelica";"2019";"169.9";"0.75";"226.53";"White wine";"Glass";"12.5";"1.8122666"
"Vinmonopolet";"11790501";"Pietro Cassina Rosa Rosarum 2019";"Pietro Cassina Rosa Rosarum";"2019";"214.8";"0.75";"286.4";"RosÃ©vin";"Glass";"12.5";"2.2912"
"Vinmonopolet";"11791502";"Drum Brew/Jikiun Imperial Gulrot Gose";"Drum Brew/Jikiun Imperial Gulrot Gose";"0";"89.9";"0.33";"272.42";"SurÃ¸l";"Glass";"6.2";"4.3939395"
"Vinmonopolet";"11791902";"O/O Brewing Carismatico Dobbel IPA";"O/O Brewing Carismatico Dobbel IPA";"0";"99.9";"0.44";"227.05";"India pale ale";"Metall";"8.5";"2.671123"
"Vinmonopolet";"11792102";"O/O Brewing 100 Citra IPA";"O/O Brewing 100 Citra IPA";"0";"87";"0.44";"197.73";"India pale ale";"Metall";"6.5";"3.041958"
"Vinmonopolet";"11792301";"Schlumberger Les Princes AbbÃ©s Gewurstraminer 2018";"Schlumberger Les Princes AbbÃ©s Gewurstraminer";"2018";"249.9";"0.75";"333.2";"White wine";"Glass";"13.5";"2.468148"
"Vinmonopolet";"11792401";"Schlumberger Les Princes AbbÃ©s Pinot Gris 2017";"Schlumberger Les Princes AbbÃ©s Pinot Gris";"2017";"229.9";"0.75";"306.53";"White wine";"Glass";"13.5";"2.2706172"
"Vinmonopolet";"11792501";"Bruto de Portugal Espumante de Vinho Verde";"Bruto de Portugal Espumante de Vinho Verde";"2017";"139.9";"0.75";"186.53";"Sparkling wine";"Glass";"11.5";"1.622029"
"Vinmonopolet";"11792601";"Charles de FÃ¨re CrÃ©mant du Jura Brut RosÃ©";"Charles de FÃ¨re CrÃ©mant du Jura Brut RosÃ©";"0";"169.9";"0.75";"226.53";"Musserende vin, rosÃ©";"Glass";"12";"1.8877777"
"Vinmonopolet";"11792902";"Wageck Rieslaner Beerenauslese 2018";"Wageck Rieslaner Beerenauslese";"2018";"229.9";"0.38";"613.07";"White wine";"Glass";"9";"6.7222223"
"Vinmonopolet";"11793001";"Wageck CuvÃ©e Sekt Extra Brut 2010";"Wageck CuvÃ©e Sekt Extra Brut";"2010";"189.9";"0.75";"253.2";"Sparkling wine";"Glass";"12";"2.11"
"Vinmonopolet";"11793105";"Wageck Kalkstein Riesling Trocken 2019";"Wageck Kalkstein Riesling Trocken";"2019";"359.9";"1.5";"239.93";"White wine";"Glass";"12";"1.9994444"
"Vinmonopolet";"11793601";"RÃ¥stoff Pomegranate";"RÃ¥stoff Pomegranate";"0";"234.9";"0.7";"335.57";"LikÃ¸r";"Glass";"16.4";"2.0461674"
"Vinmonopolet";"11793702";"SmÃ¥ RÃ¸de Rasberry Liquorice";"SmÃ¥ RÃ¸de Rasberry Liquorice";"0";"159.9";"0.5";"319.8";"LikÃ¸r";"Glass";"16.4";"1.9499999"
"Vinmonopolet";"11793803";"SmÃ¥ Sure Melon";"SmÃ¥ Sure Melon";"0";"69.9";"0.1";"699";"LikÃ¸r";"Glass";"16.4";"4.262195"
"Vinmonopolet";"11793901";"LIV Lemon";"LIV Lemon";"0";"219.9";"0.7";"314.14";"Other spirit";"Glass";"20";"1.5707142"
"Vinmonopolet";"11794301";"Mahiki Coconut";"Mahiki Coconut";"0";"269.9";"0.7";"385.57";"LikÃ¸r";"Glass";"21";"1.8360544"
"Vinmonopolet";"11794401";"Birbetta 2019";"Birbetta";"2019";"179.9";"0.75";"239.87";"RosÃ©vin";"Glass";"13.5";"1.77679"
"Vinmonopolet";"11794501";"AutrÃ©au Blanc de Blancs Grand Cru Brut";"AutrÃ©au Blanc de Blancs Grand Cru Brut";"0";"359.8";"0.75";"479.73";"Champagne, brut";"Glass";"12.5";"3.8378665"
"Vinmonopolet";"11796901";"Kuban Ch. Tamagne Reserve Chardonnay";"Kuban Ch. Tamagne Reserve Chardonnay";"2017";"179.9";"0.75";"239.87";"White wine";"Glass";"12";"1.9988889"
"Vinmonopolet";"11797001";"Kuban Ch. Tamagne Reserve Riesling";"Kuban Ch. Tamagne Reserve Riesling";"2017";"185.1";"0.75";"246.8";"White wine";"Glass";"11.8";"2.0915256"
"Vinmonopolet";"11797101";"Kuban Ch. Tamagne Grand Select Blanc";"Kuban Ch. Tamagne Grand Select Blanc";"2018";"170.8";"0.75";"227.73";"Sparkling wine";"Glass";"12";"1.8977778"
"Vinmonopolet";"11797201";"Kuban Ch. Tamagne Reserve Krasnostop";"Kuban Ch. Tamagne Reserve Krasnostop";"2017";"189.7";"0.75";"252.93";"RÃ¸dvin";"Glass";"13.4";"1.8875622"
"Vinmonopolet";"11797301";"Kuban CuvÃ©e Aleksander Aristov Blanc de Noir";"Kuban CuvÃ©e Aleksander Aristov Blanc de Noir";"2017";"198.9";"0.75";"265.2";"Sparkling wine";"Glass";"11.6";"2.2862067"
"Vinmonopolet";"11797401";"Kuban Ch. Tamagne Reserve Saperavi";"Kuban Ch. Tamagne Reserve Saperavi";"2017";"189.1";"0.75";"252.13";"RÃ¸dvin";"Glass";"12";"2.1011112"
"Vinmonopolet";"11797501";"Kuban CuvÃ©e Aleksander Aristov Rose de Pinot";"Kuban CuvÃ©e Aleksander Aristov Rose de Pinot";"2017";"198.9";"0.75";"265.2";"Musserende vin, rosÃ©";"Glass";"11.9";"2.2285714"
"Vinmonopolet";"11797601";"Blanco de Castilla Riscal 1860";"Blanco de Castilla Riscal";"2015";"171.2";"0.75";"228.27";"RÃ¸dvin";"Glass";"13.5";"1.6908642"
"Vinmonopolet";"11797701";"Vale da Capucha San Jose Arinto";"Vale da Capucha San Jose Arinto";"2015";"419.9";"0.75";"559.87";"White wine";"Glass";"12.5";"4.4789333"
"Vinmonopolet";"11797801";"Vale Da Capucha Arinto";"Vale Da Capucha Arinto";"2017";"319.9";"0.75";"426.53";"White wine";"Glass";"13.5";"3.159506"
"Vinmonopolet";"11797901";"Vale da Capucha Castelinho";"Vale da Capucha Castelinho";"2019";"269.9";"0.75";"359.87";"RÃ¸dvin";"Glass";"10.5";"3.4273014"
"Vinmonopolet";"11798001";"Dom. du Grezas Cotes-du-RhÃ´ne";"Dom. du Grezas Cotes-du-RhÃ´ne";"2018";"149.9";"0.75";"199.87";"RÃ¸dvin";"Glass";"14.5";"1.3783908"
"Vinmonopolet";"11798101";"Waterkloof Circumstance Chardonnay";"Waterkloof Circumstance Chardonnay";"2019";"179.9";"0.75";"239.87";"White wine";"Glass";"13.5";"1.77679"
"Vinmonopolet";"11798201";"Bien Nacido Estate Chardonnay";"Bien Nacido Estate Chardonnay";"2017";"449.9";"0.75";"599.87";"White wine";"Glass";"12.9";"4.6501293"
"Vinmonopolet";"11798301";"Solomon Hills Estate Chardonnay";"Solomon Hills Estate Chardonnay";"2017";"450";"0.75";"600";"White wine";"Glass";"12.9";"4.651163"
"Vinmonopolet";"11798507";"Ganevat Rota GamÃ¨te 2018";"Ganevat Rota GamÃ¨te";"2018";"2099.9";"3";"699.97";"RÃ¸dvin";"Glass";"12";"5.8330555"
"Vinmonopolet";"11798601";"Ganevat Poulprix";"Ganevat Poulprix";"2018";"359.9";"0.75";"479.87";"RÃ¸dvin";"Glass";"13";"3.691282"
"Vinmonopolet";"11798701";"Ganevat Kopin! 2017";"Ganevat Kopin!";"2017";"379.9";"0.75";"506.53";"White wine";"Glass";"12.5";"4.0522666"
"Vinmonopolet";"11798801";"Ganevat Victor De La Combe 2017";"Ganevat Victor De La Combe";"2017";"439.9";"0.75";"586.53";"White wine";"Glass";"12.5";"4.6922665"
"Vinmonopolet";"11798901";"Ganevat CÃ´tes du Jura Blanc 1992";"Ganevat CÃ´tes du Jura Blanc";"1992";"549.9";"0.75";"733.2";"White wine";"Glass";"12.5";"5.8656"
"Vinmonopolet";"11799001";"Ganevat Rott 'Fall 'R PÃ©tilant 2018";"Ganevat Rott 'Fall 'R PÃ©tilant";"2018";"359.9";"0.75";"479.87";"Sparkling white wine";"Glass";"12";"3.9988887"
"Vinmonopolet";"11799101";"Ganevat Vin Jaune 1991";"Ganevat Vin Jaune";"1991";"1899.9";"0.62";"3064.36";"White wine";"Glass";"14.5";"21.133482"
"Vinmonopolet";"11801101";"Fenocchio Langhe Rosato 2019";"Fenocchio Langhe Rosato";"2019";"164.5";"0.75";"219.33";"RosÃ©vin";"Glass";"14";"1.5666667"
"Vinmonopolet";"11801202";"Morland Brewing Old Speckled Hen Gluten Free";"Morland Brewing Old Speckled Hen Gluten Free";"0";"59.9";"0.5";"119.8";"Pale ale";"Glass";"5";"2.3960001"
"Vinmonopolet";"11801302";"Samuel Smith's Organic Perry Cider";"Samuel Smith's Organic Perry Cider";"0";"49.9";"0.35";"140.56";"Cider";"Glass";"5";"2.8514287"
"Vinmonopolet";"11801402";"Samuel Smith's Organic Cider";"Samuel Smith's Organic Cider";"0";"49.9";"0.35";"140.56";"Cider";"Glass";"5";"2.8514287"
"Vinmonopolet";"11801702";"Rogue Honey KÃ¶lsch";"Rogue Honey KÃ¶lsch";"0";"63.9";"0.35";"180";"Light ale";"Metall";"5.2";"3.5109892"
"Vinmonopolet";"11801902";"Fourpure Shapeshifter West Coast IPA";"Fourpure Shapeshifter West Coast IPA";"0";"54.9";"0.33";"160.3";"India pale ale";"Emballasje med pant";"5.9";"2.8197227"
"Vinmonopolet";"11803101";"Sartori Soave";"Sartori Soave";"0";"125.9";"0.75";"167.87";"White wine";"Glass";"11.5";"1.4597101"
"Vinmonopolet";"11804702";"De Tvende I never wanted to be your weekend lover BoysenbÃ¦r Sour";"De Tvende I never wanted to be your weekend lover BoysenbÃ¦r Sour";"0";"54.9";"0.33";"160.3";"SurÃ¸l";"Emballasje med pant";"5.5";"3.0247934"
"Vinmonopolet";"11805401";"Milk & Honey Single Malt Levantine Gin";"Milk & Honey Single Malt Levantine Gin";"0";"595";"0.7";"850";"Gin";"Glass";"46";"1.8478261"
"Vinmonopolet";"11805501";"Saraceni Mario Sparkling Lemoncello";"Saraceni Mario Sparkling Lemoncello";"0";"149.9";"0.75";"199.87";"Flavoured wine	";"Glass";"7";"2.855238"
"Vinmonopolet";"11806301";"Ganevat Grands Teppes Pinot Noir Vielles Vignes 2018";"Ganevat Grands Teppes Pinot Noir Vielles Vignes";"2018";"599.9";"0.75";"799.87";"RÃ¸dvin";"Glass";"12";"6.665556"
"Vinmonopolet";"11806401";"Ganevat CuvÃ©e OrÃ©gane Assemblage";"Ganevat CuvÃ©e OrÃ©gane Assemblage";"2016";"569.7";"0.75";"759.6";"White wine";"Glass";"13.5";"5.626667"
"Vinmonopolet";"11806501";"Moillard Beaujolais RosÃ© 2019";"Moillard Beaujolais RosÃ©";"2019";"164.9";"0.75";"219.87";"RosÃ©vin";"Glass";"13.5";"1.628642"
"Vinmonopolet";"11806601";"Masi Lunatio Lugana";"Masi Lunatio Lugana";"2019";"179.5";"0.75";"239.33";"White wine";"Glass";"12.5";"1.9146667"
"Vinmonopolet";"11806801";"MarquÃ©s de GriÃ±on Criado en Barrica";"MarquÃ©s de GriÃ±on Criado en Barrica";"0";"105.9";"0.75";"141.2";"RÃ¸dvin";"Glass";"13.5";"1.045926"
"Vinmonopolet";"11806901";"MarquÃ©s de La Concordia Premium 2016";"MarquÃ©s de La Concordia Premium";"2016";"355.1";"0.75";"473.47";"RÃ¸dvin";"Glass";"15";"3.1564445"
"Vinmonopolet";"11807001";"Federico Paternina Gran Reserva 2013";"Federico Paternina Gran Reserva";"2013";"255";"0.75";"340";"RÃ¸dvin";"Glass";"13.5";"2.5185184"
"Vinmonopolet";"11807101";"Juan de Juanes Monastrell Cabernet Sauvignon";"Juan de Juanes Monastrell Cabernet Sauvignon";"2019";"114.9";"0.75";"153.2";"RosÃ©vin";"Glass";"12";"1.2766666"
"Vinmonopolet";"11807201";"Meir Pink Aquavit";"Meir Pink Aquavit";"0";"439.5";"0.7";"627.86";"Aquavit";"Glass";"40";"1.5696429"
"Vinmonopolet";"11807301";"Julia Bertram Ahrweiler Rosenthal SpÃ¤tburgunder";"Julia Bertram Ahrweiler Rosenthal SpÃ¤tburgunder";"2018";"579";"0.75";"772";"RÃ¸dvin";"Glass";"12";"6.4333334"
"Vinmonopolet";"11807401";"Altavins Almodi Petit Blanc";"Altavins Almodi Petit Blanc";"2018";"176";"0.75";"234.67";"White wine";"Glass";"13.5";"1.7382716"
"Vinmonopolet";"11808001";"Delamotte Blanc De Blancs MillÃ©simÃ© 2012";"Delamotte Blanc De Blancs MillÃ©simÃ©";"2012";"850";"0.75";"1133.33";"Champagne, brut";"Glass";"12.5";"9.066667"
"Vinmonopolet";"11808105";"Delamotte Blanc De Blancs MillÃ©simÃ© 2012";"Delamotte Blanc De Blancs MillÃ©simÃ©";"2012";"1699.9";"1.5";"1133.27";"Champagne extra brut";"Glass";"12.5";"9.0661335"
"Vinmonopolet";"11808201";"Diego Morra Chardonnay";"Diego Morra Chardonnay";"2019";"198";"0.75";"264";"White wine";"Glass";"14";"1.8857143"
"Vinmonopolet";"11808301";"Diego Morra Barbera d'Alba 2016";"Diego Morra Barbera d'Alba";"2016";"279.9";"0.75";"373.2";"RÃ¸dvin";"Glass";"14.5";"2.573793"
"Vinmonopolet";"11808401";"Diego Morra Mosca Rosato 2019";"Diego Morra Mosca Rosato";"2019";"198";"0.75";"264";"RosÃ©vin";"Glass";"14";"1.8857143"
"Vinmonopolet";"11808501";"Marc Delienne Abbaye Road";"Marc Delienne Abbaye Road";"2018";"399.9";"0.75";"533.2";"RÃ¸dvin";"Glass";"14";"3.8085713"
"Vinmonopolet";"11808601";"Marc Delienne Greta Carbo";"Marc Delienne Greta Carbo";"2017";"399.9";"0.75";"533.2";"RÃ¸dvin";"Glass";"13";"4.101538"
"Vinmonopolet";"11808701";"Marc Delienne Saint-Amour Ã La Folie";"Marc Delienne Saint-Amour Ã La Folie";"2018";"309.9";"0.75";"413.2";"RÃ¸dvin";"Glass";"13";"3.1784616"
"Vinmonopolet";"11811902";"Veholt Lille Falkum";"Veholt Lille Falkum";"0";"87.9";"0.5";"175.8";"SurÃ¸l";"Glass";"8.6";"2.0441859"
"Vinmonopolet";"11812002";"St. Hallvards Hermansen IPA";"St. Hallvards Hermansen IPA";"0";"59.9";"0.33";"181.52";"India pale ale";"Glass";"7.4";"2.4529073"
"Vinmonopolet";"11812101";"Michel Tephrit Ackarren Grauer Burgunder";"Michel Tephrit Ackarren Grauer Burgunder";"2018";"229";"0.75";"305.33";"White wine";"Glass";"13";"2.348718"
"Vinmonopolet";"11812201";"Belardent Picpoul De Pinet";"Belardent Picpoul De Pinet";"2018";"157";"0.75";"209.33";"White wine";"Glass";"12.5";"1.6746666"
"Vinmonopolet";"11812301";"Michel Tephrit Ackarren Chardonnay 2017";"Michel Tephrit Ackarren Chardonnay";"2017";"232";"0.75";"309.33";"White wine";"Glass";"13.5";"2.291358"
"Vinmonopolet";"11812401";"Michel Tephrit Ackarren Weisser Burgunder";"Michel Tephrit Ackarren Weisser Burgunder";"2018";"229";"0.75";"305.33";"White wine";"Glass";"13";"2.348718"
"Vinmonopolet";"11812501";"Michel Schlossberg Ackarren SpÃ¤tburgunder";"Michel Schlossberg Ackarren SpÃ¤tburgunder";"2017";"439";"0.75";"585.33";"RÃ¸dvin";"Glass";"13.5";"4.3358026"
"Vinmonopolet";"11812602";"Stone IPA";"Stone IPA";"0";"51.9";"0.35";"140.56";"India pale ale";"Emballasje med pant";"6.9";"2.1490684"
"Vinmonopolet";"11812702";"Stone Arrogant Bastard Ale";"Stone Arrogant Bastard Ale";"0";"64.9";"0.47";"132.98";"Barley wine	";"Emballasje med pant";"7.2";"1.9178488"
"Vinmonopolet";"11812802";"Stone & Metallica Enter Night Pilsner";"Stone & Metallica Enter Night Pilsner";"0";"53.9";"0.47";"109.73";"Light lager";"Emballasje med pant";"5.7";"2.0119448"
"Vinmonopolet";"11813102";"Stone Delicious IPA";"Stone Delicious IPA";"0";"58.9";"0.35";"160.28";"India pale ale";"Emballasje med pant";"7.7";"2.185529"
"Vinmonopolet";"11813201";"Ming River Sichuan Baijiu";"Ming River Sichuan Baijiu";"0";"629.9";"0.7";"899.86";"Other spirit";"Glass";"45";"1.9996827"
"Vinmonopolet";"11813302";"Ãgir LÃ¦rdÃ¸l Sour Cherry Rye";"Ãgir LÃ¦rdÃ¸l Sour Cherry Rye";"0";"57.9";"0.33";"169.39";"SurÃ¸l";"Emballasje med pant";"5.5";"3.1900826"
"Vinmonopolet";"11813402";"Amundsen & Burnt Mill Psychosphere New England IPA";"Amundsen & Burnt Mill Psychosphere New England IPA";"0";"96.9";"0.44";"215.68";"India pale ale";"Emballasje med pant";"6.5";"3.388112"
"Vinmonopolet";"11813502";"Amundsen Gravitational Moonbeam Hazy IPA";"Amundsen Gravitational Moonbeam Hazy IPA";"0";"96.9";"0.44";"215.68";"India pale ale";"Emballasje med pant";"7.2";"3.0587122"
"Vinmonopolet";"11813602";"Amundsen Pale Rider Hazy IPA";"Amundsen Pale Rider Hazy IPA";"0";"91.9";"0.44";"204.32";"India pale ale";"Emballasje med pant";"6.2";"3.3687685"
"Vinmonopolet";"11813702";"Amundsen Endless Feedback No Coast IPA";"Amundsen Endless Feedback No Coast IPA";"0";"96.9";"0.44";"215.68";"India pale ale";"Emballasje med pant";"7.5";"2.9363637"
"Vinmonopolet";"11813802";"Amundsen Atomic Crush Raspberry, Peach & Vanilla Pastry Sour";"Amundsen Atomic Crush Raspberry, Peach & Vanilla Pastry Sour";"0";"91.9";"0.44";"204.32";"SurÃ¸l";"Emballasje med pant";"6.5";"3.2132869"
"Vinmonopolet";"11813902";"Amundsen & Brewgooder Madzi Dry Hopped Lager";"Amundsen & Brewgooder Madzi Dry Hopped Lager";"0";"61.9";"0.44";"136.14";"Light lager";"Emballasje med pant";"6.2";"2.2690618"
"Vinmonopolet";"11814001";"Ch. Tour de Mirambeau RosÃ©";"Ch. Tour de Mirambeau RosÃ©";"2019";"169.8";"0.75";"226.4";"RosÃ©vin";"Glass";"12.5";"1.8112"
"Vinmonopolet";"11814101";"Vette di San Leonardo";"Vette di San Leonardo";"2018";"249.9";"0.75";"333.2";"White wine";"Glass";"13";"2.563077"
"Vinmonopolet";"11814202";"Ch. Tour de Mirambeau";"Ch. Tour de Mirambeau";"2018";"104.9";"0.38";"279.73";"RÃ¸dvin";"Glass";"13.5";"2.0448344"
"Vinmonopolet";"11814401";"Unger Zweigelt RosÃ©";"Unger Zweigelt RosÃ©";"2019";"189.9";"0.75";"253.2";"RosÃ©vin";"Glass";"12";"2.11"
"Vinmonopolet";"11823501";"GÃ©rard Mugneret Vosne-RomanÃ©e CuvÃ©e PrÃ©colombiÃ¨re 2017";"GÃ©rard Mugneret Vosne-RomanÃ©e CuvÃ©e PrÃ©colombiÃ¨re";"2017";"715";"0.75";"953.33";"RÃ¸dvin";"Glass";"12.5";"7.6266665"
"Vinmonopolet";"11823601";"GÃ©rard Mugneret Bourgogne Passetoutgrain 2017";"GÃ©rard Mugneret Bourgogne Passetoutgrain";"2017";"260";"0.75";"346.67";"RÃ¸dvin";"Glass";"12.5";"2.7733333"
"Vinmonopolet";"11823701";"GÃ©rard Mugneret Savigny-les-Beaune 1er Cru Aux Gravains 2017";"GÃ©rard Mugneret Savigny-les-Beaune 1er Cru Aux Gravains";"2017";"550";"0.75";"733.33";"RÃ¸dvin";"Glass";"12.5";"5.866667"
"Vinmonopolet";"11823806";"Faustino Rivero Shiraz";"Faustino Rivero Shiraz";"0";"409";"3";"136.33";"RÃ¸dvin";"Bag-in-box";"12";"1.1361111"
"Vinmonopolet";"11829201";"Baglietti Prosecco Extra Dry";"Baglietti Prosecco Extra Dry";"0";"149.9";"0.75";"199.87";"Sparkling wine";"Glass";"11";"1.8169696"
"Vinmonopolet";"11829301";"Baglietti Spumante RosÃ©";"Baglietti Spumante RosÃ©";"0";"149.9";"0.75";"199.87";"Musserende vin, rosÃ©";"Glass";"11";"1.8169696"
"Vinmonopolet";"11829401";"Castro Bery Nice To Meet You AlbariÃ±o";"Castro Bery Nice To Meet You AlbariÃ±o";"2017";"199";"0.75";"265.33";"White wine";"Glass";"12.5";"2.1226666"
"Vinmonopolet";"11830702";"InderÃ¸y Brenneri Export Aquavit";"InderÃ¸y Brenneri Export Aquavit";"2019";"430.4";"0.5";"860.8";"Aquavit";"Glass";"40";"2.152"
"Vinmonopolet";"11830902";"Atlungstad Villrein Aquavit";"Atlungstad Villrein Aquavit";"0";"399";"0.5";"798";"Aquavit";"Glass";"38";"2.1"
"Vinmonopolet";"11831001";"Adelphi Selection Caol Ila 2007 13 YO Cask No. 301260";"Adelphi Selection Caol Ila  13 YO Cask No. 60";"0";"1500";"0.7";"2142.86";"Whisky";"Glass";"52.5";"4.0816326"
"Vinmonopolet";"11831201";"Adelphi Limited Isle of Jura 1998 21 YO Cask No. 2146";"Adelphi Limited Isle of Jura  21 YO Cask No.";"0";"3170";"0.7";"4528.57";"Whisky";"Glass";"54.2";"8.355298"
"Vinmonopolet";"11831301";"Adelphi Selection Teaninich 2007 12 YO Cask No. 301264";"Adelphi Selection Teaninich  12 YO Cask No. 64";"0";"1480";"0.7";"2114.29";"Whisky";"Glass";"55.9";"3.7822642"
"Vinmonopolet";"11831401";"Adelphi Selection Glenallachie 2007 12 YO Cask No. 900827";"Adelphi Selection Glenallachie  12 YO Cask No. 27";"0";"1525";"0.7";"2178.57";"Whisky";"Glass";"59.7";"3.6491983"
"Vinmonopolet";"11831501";"Adelphi's Laudale Batch No.3";"Adelphi's Laudale Batch No.3";"0";"1170";"0.7";"1671.43";"Whisky";"Glass";"46";"3.6335404"
"Vinmonopolet";"11831601";"Del Maguey Chichicapa";"Del Maguey Chichicapa";"0";"999.9";"0.7";"1428.43";"Fruit spirit";"Glass";"48";"2.975893"
"Vinmonopolet";"11831701";"Del Maguey Santo Domingo Albarradas";"Del Maguey Santo Domingo Albarradas";"0";"1099.9";"0.7";"1571.29";"Fruit spirit";"Glass";"48";"3.2735121"
"Vinmonopolet";"11831801";"Del Maguey Tobala";"Del Maguey Tobala";"0";"1699.9";"0.7";"2428.43";"Fruit spirit";"Glass";"45";"5.396508"
"Vinmonopolet";"11831908";"Malfy Gin (4x5cl)";"Malfy Gin (4x5cl)";"0";"199.9";"0.2";"999.5";"Gin";"Glass";"41";"2.4378047"
"Vinmonopolet";"11838401";"Markus Molitor Erdener Treppchen Riesling SpÃ¤tlese TÃ¸rr 2018";"Markus Molitor Erdener Treppchen Riesling SpÃ¤tlese TÃ¸rr";"2018";"249.9";"0.75";"333.2";"White wine";"Glass";"11.5";"2.8973913"
"Vinmonopolet";"11838501";"Markus Molitor Zeltinger Sonnenuhr Fuder 6 Riesling Kabinett TÃ¸rr 2018";"Markus Molitor Zeltinger Sonnenuhr Fuder 6 Riesling Kabinett TÃ¸rr";"2018";"264.9";"0.75";"353.2";"White wine";"Glass";"11.5";"3.0713043"
"Vinmonopolet";"11838701";"Markus Molitor Graacher Domprobst Riesling Auslese*** TÃ¸rr 2018";"Markus Molitor Graacher Domprobst Riesling Auslese*** TÃ¸rr";"2018";"689.2";"0.75";"918.93";"White wine";"Glass";"12";"7.657778"
"Vinmonopolet";"11838801";"Markus Molitor Erdener Treppchen Riesling Kabinett TÃ¸rr 2018";"Markus Molitor Erdener Treppchen Riesling Kabinett TÃ¸rr";"2018";"209.9";"0.75";"279.87";"White wine";"Glass";"10.5";"2.6653967"
"Vinmonopolet";"11838901";"Markus Molitor Zeltinger Sonnenuhr Riesling Auslese*** TÃ¸rr 2018";"Markus Molitor Zeltinger Sonnenuhr Riesling Auslese*** TÃ¸rr";"2018";"750";"0.75";"1000";"White wine";"Glass";"12.5";"8"
"Vinmonopolet";"11839001";"Markus Molitor Zeltinger Sonnenuhr Riesling Auslese** TÃ¸rr 2018";"Markus Molitor Zeltinger Sonnenuhr Riesling Auslese** TÃ¸rr";"2018";"429.9";"0.75";"573.2";"White wine";"Glass";"12";"4.7766666"
"Vinmonopolet";"11839101";"Markus Molitor Ãrziger WÃ¼rzgarten Riesling Auslese** TÃ¸rr 2018";"Markus Molitor Ãrziger WÃ¼rzgarten Riesling Auslese** TÃ¸rr";"2018";"379.9";"0.75";"506.53";"White wine";"Glass";"11.5";"4.404638"
"Vinmonopolet";"11839201";"Markus Molitor Kinheimer Hubertuslay Riesling Auslese** TÃ¸rr 2018";"Markus Molitor Kinheimer Hubertuslay Riesling Auslese** TÃ¸rr";"2018";"379.9";"0.75";"506.53";"White wine";"Glass";"12";"4.221111"
"Vinmonopolet";"11839301";"Markus Molitor Kinheimer Hubertuslay Riesling Auslese*** TÃ¸rr 2018";"Markus Molitor Kinheimer Hubertuslay Riesling Auslese*** TÃ¸rr";"2018";"689";"0.75";"918.67";"White wine";"Glass";"12.5";"7.3493333"
"Vinmonopolet";"11839401";"Markus Molitor Erdener Treppchen Riesling Auslese*** TÃ¸rr 2018";"Markus Molitor Erdener Treppchen Riesling Auslese*** TÃ¸rr";"2018";"689";"0.75";"918.67";"White wine";"Glass";"12";"7.6555557"
"Vinmonopolet";"11839501";"Markus Molitor Ãrziger WÃ¼rzgarten Riesling Auslese*** TÃ¸rr 2018";"Markus Molitor Ãrziger WÃ¼rzgarten Riesling Auslese*** TÃ¸rr";"2018";"689";"0.75";"918.67";"White wine";"Glass";"12";"7.6555557"
"Vinmonopolet";"11839601";"Markus Molitor Trabener Ortswein Riesling TÃ¸rr 2018";"Markus Molitor Trabener Ortswein Riesling TÃ¸rr";"2018";"229.9";"0.75";"306.53";"White wine";"Glass";"12";"2.5544443"
"Vinmonopolet";"11839701";"Markus Molitor Graacher Himmelreich Riesling SpÃ¤tlese feinherb 2018";"Markus Molitor Graacher Himmelreich Riesling SpÃ¤tlese feinherb";"2018";"244.9";"0.75";"326.53";"White wine";"Glass";"10";"3.2653332"
"Vinmonopolet";"11839801";"Markus Molitor Zeltinger Sonnenuhr Riesling SpÃ¤tlese TÃ¸rr 2018";"Markus Molitor Zeltinger Sonnenuhr Riesling SpÃ¤tlese TÃ¸rr";"2018";"269.7";"0.75";"359.6";"White wine";"Glass";"11.5";"3.1269567"
"Vinmonopolet";"11840101";"Markus Molitor Graacher Himmelreich Riesling Auslese*** feinherb 2018";"Markus Molitor Graacher Himmelreich Riesling Auslese*** feinherb";"2018";"675";"0.75";"900";"White wine";"Glass";"11.5";"7.826087"
"Vinmonopolet";"11840201";"Markus Molitor Erdener PrÃ¤lat Riesling Auslese*** TÃ¸rr 2018";"Markus Molitor Erdener PrÃ¤lat Riesling Auslese*** TÃ¸rr";"2018";"5000";"0.75";"6666.67";"White wine";"Glass";"13";"51.28205"
"Vinmonopolet";"11840301";"Markus Molitor Wehlener Sonnenuhr Riesling SpÃ¤tlese 2018";"Markus Molitor Wehlener Sonnenuhr Riesling SpÃ¤tlese";"2018";"229.9";"0.75";"306.53";"White wine";"Glass";"7";"4.3790474"
"Vinmonopolet";"11840401";"Markus Molitor Zeltinger Sonnenuhr Riesling SpÃ¤tlese 2018";"Markus Molitor Zeltinger Sonnenuhr Riesling SpÃ¤tlese";"2018";"249.9";"0.75";"333.2";"White wine";"Glass";"7";"4.7599998"
"Vinmonopolet";"11840501";"Markus Molitor Ãrziger WÃ¼rzgarten Riesling SpÃ¤tlese 2018";"Markus Molitor Ãrziger WÃ¼rzgarten Riesling SpÃ¤tlese";"2018";"229.9";"0.75";"306.53";"White wine";"Glass";"7";"4.3790474"
"Vinmonopolet";"11840601";"Markus Molitor Zeltinger Sonnenuhr Riesling Auslese** 2018";"Markus Molitor Zeltinger Sonnenuhr Riesling Auslese**";"2018";"409.9";"0.75";"546.53";"White wine";"Glass";"7";"7.807619"
"Vinmonopolet";"11840701";"Markus Molitor Zeltinger Sonnenuhr Riesling Auslese*** 2018";"Markus Molitor Zeltinger Sonnenuhr Riesling Auslese***";"2018";"725";"0.75";"966.67";"White wine";"Glass";"7.5";"12.888889"
"Vinmonopolet";"11840801";"Markus Molitor Graacher Domprobst Riesling SpÃ¤tlese TÃ¸rr 2018";"Markus Molitor Graacher Domprobst Riesling SpÃ¤tlese TÃ¸rr";"2018";"249.8";"0.75";"333.07";"White wine";"Glass";"12";"2.7755556"
"Vinmonopolet";"11840901";"Markus Molitor Zeltinger Schlossberg Riesling Auslese*** 2018";"Markus Molitor Zeltinger Schlossberg Riesling Auslese***";"2018";"659.8";"0.75";"879.73";"White wine";"Glass";"7.5";"11.729777"
"Vinmonopolet";"11841001";"Markus Molitor Wehlener Sonnenuhr Riesling Auslese*** 2018";"Markus Molitor Wehlener Sonnenuhr Riesling Auslese***";"2018";"659.8";"0.75";"879.73";"White wine";"Glass";"7.5";"11.729777"
"Vinmonopolet";"11841101";"Markus Molitor Zeltinger Sonnenuhr Riesling Auslese*** feinherb 2018";"Markus Molitor Zeltinger Sonnenuhr Riesling Auslese*** feinherb";"2018";"740.2";"0.75";"986.93";"White wine";"Glass";"11";"8.972121"
"Vinmonopolet";"11841201";"Markus Molitor Ãrziger WÃ¼rzgarten Riesling SpÃ¤tlese TÃ¸rr 2018";"Markus Molitor Ãrziger WÃ¼rzgarten Riesling SpÃ¤tlese TÃ¸rr";"2018";"244.9";"0.75";"326.53";"White wine";"Glass";"11";"2.9684849"
"Vinmonopolet";"11841301";"Markus Molitor Ãrziger WÃ¼rzgarten Riesling Auslese** 2018";"Markus Molitor Ãrziger WÃ¼rzgarten Riesling Auslese**";"2018";"359.9";"0.75";"479.87";"White wine";"Glass";"7.5";"6.398222"
"Vinmonopolet";"11841401";"Markus Molitor Ãrziger WÃ¼rzgarten Riesling Auslese*** 2018";"Markus Molitor Ãrziger WÃ¼rzgarten Riesling Auslese***";"2018";"660";"0.75";"880";"White wine";"Glass";"7.5";"11.733334"
"Vinmonopolet";"11841801";"Yalumba The Cigar Coonawarra Cabernet Sauvignon 2016";"Yalumba The Cigar Coonawarra Cabernet Sauvignon";"2016";"328.8";"0.75";"438.4";"RÃ¸dvin";"Glass";"14.5";"3.0234482"
"Vinmonopolet";"11841901";"Yalumba Organic Chardonnay 2018";"Yalumba Organic Chardonnay";"2018";"199.9";"0.75";"266.53";"White wine";"Glass";"13.5";"1.9743209"
"Vinmonopolet";"11842001";"Vasse Felix Cabernet Sauvignon 2017";"Vasse Felix Cabernet Sauvignon";"2017";"300";"0.75";"400";"RÃ¸dvin";"Glass";"14";"2.857143"
"Vinmonopolet";"11842101";"Vasse Felix Chardonnay 2018";"Vasse Felix Chardonnay";"2018";"300";"0.75";"400";"White wine";"Glass";"13";"3.0769231"
"Vinmonopolet";"11842201";"Yelland & Papps Vin de Soif";"Yelland & Papps Vin de Soif";"2017";"239.9";"0.75";"319.87";"RÃ¸dvin";"Glass";"13.9";"2.301199"
"Vinmonopolet";"11842301";"Yelland & Papps Second Take Roussanne 2018";"Yelland & Papps Second Take Roussanne";"2018";"300";"0.75";"400";"White wine";"Glass";"12.9";"3.1007752"
"Vinmonopolet";"11842401";"Yelland & Papps Second Take Grenache 2018";"Yelland & Papps Second Take Grenache";"2018";"300";"0.75";"400";"RÃ¸dvin";"Glass";"13.7";"2.919708"
"Vinmonopolet";"11842501";"Yelland & Papps Second Take Shiraz 2018";"Yelland & Papps Second Take Shiraz";"2018";"300";"0.75";"400";"RÃ¸dvin";"Glass";"12.8";"3.125"
"Vinmonopolet";"11843001";"Pertois-Moriset Les Quatre Terroirs Brut";"Pertois-Moriset Les Quatre Terroirs Brut";"0";"389.9";"0.75";"519.87";"Champagne, brut";"Glass";"12.5";"4.158933"
"Vinmonopolet";"11843101";"Pertois-Moriset Oger Grand Cru 2014";"Pertois-Moriset Oger Grand Cru";"2014";"569.9";"0.75";"759.87";"Champagne extra brut";"Glass";"12.5";"6.0789337"
"Vinmonopolet";"11843201";"Pertois-Moriset Special Club Le Mesnil-Sur-Oger 2014";"Pertois-Moriset Special Club Le Mesnil-Sur-Oger";"2014";"599.9";"0.75";"799.87";"Champagne extra brut";"Glass";"12.5";"6.3989334"
"Vinmonopolet";"11843601";"Filipa Pato D.n.m.c. Bical & Arinto 2019";"Filipa Pato D.n.m.c. Bical & Arinto";"2019";"189.7";"0.75";"252.93";"White wine";"Glass";"12";"2.1077778"
"Vinmonopolet";"11843701";"Zaccagnini RosÃ©";"Zaccagnini RosÃ©";"2019";"159.9";"0.75";"213.2";"RosÃ©vin";"Glass";"12.5";"1.7055999"
"Vinmonopolet";"11843801";"Kenbishi Mizuho Kuromatsu";"Kenbishi Mizuho Kuromatsu";"0";"419.9";"0.72";"583.19";"Sake";"Glass";"17.5";"3.3325396"
"Vinmonopolet";"11843901";"Amabuki Yamahai Junmai Omachi Marigold";"Amabuki Yamahai Junmai Omachi Marigold";"0";"329.9";"0.72";"458.19";"Sake";"Glass";"15";"3.0546296"
"Vinmonopolet";"11844001";"Tormio Junmai Ginjo Iwai";"Tormio Junmai Ginjo Iwai";"0";"344.9";"0.72";"479.03";"Sake";"Glass";"14";"3.4216268"
"Vinmonopolet";"11844101";"Sakehitosuji Junmai Umeshu";"Sakehitosuji Junmai Umeshu";"0";"344.9";"0.72";"479.03";"Sake";"Glass";"10";"4.7902775"
"Vinmonopolet";"11844201";"Ninki-Ichi Taru Sake Junmai Ginjo";"Ninki-Ichi Taru Sake Junmai Ginjo";"0";"359.9";"0.72";"499.86";"Sake";"Glass";"16";"3.1241317"
"Vinmonopolet";"11844301";"Dom. du PÃ©lican Arbois Savagnin 2018";"Dom. du PÃ©lican Arbois Savagnin";"2018";"396";"0.75";"528";"White wine";"Glass";"14.5";"3.6413794"
"Vinmonopolet";"11844405";"Dom. du PÃ©lican Arbois Savagnin 2018";"Dom. du PÃ©lican Arbois Savagnin";"2018";"824";"1.5";"549.33";"White wine";"Glass";"14.5";"3.7885058"
"Vinmonopolet";"11844501";"Dom. du PÃ©lican Arbois Grand Curoulet Savagnin 2018";"Dom. du PÃ©lican Arbois Grand Curoulet Savagnin";"2018";"479.9";"0.75";"639.87";"White wine";"Glass";"13.5";"4.7397532"
"Vinmonopolet";"11844601";"Dom. du PÃ©lican Arbois Savagnin MacÃ©ration Pelliculaire 2018";"Dom. du PÃ©lican Arbois Savagnin MacÃ©ration Pelliculaire";"2018";"449.9";"0.75";"599.87";"White wine";"Glass";"13.5";"4.4434566"
"Vinmonopolet";"11844701";"Dom. du PÃ©lican Arbois Pinot Noir 2018";"Dom. du PÃ©lican Arbois Pinot Noir";"2018";"389.9";"0.75";"519.87";"RÃ¸dvin";"Glass";"12.5";"4.158933"
"Vinmonopolet";"11844805";"Dom. du PÃ©lican Arbois Pinot Noir 2018";"Dom. du PÃ©lican Arbois Pinot Noir";"2018";"799.9";"1.5";"533.27";"RÃ¸dvin";"Glass";"12.5";"4.2661333"
"Vinmonopolet";"11844901";"Dom. du PÃ©lican Arbois Trois CÃ©pages 2018";"Dom. du PÃ©lican Arbois Trois CÃ©pages";"2018";"389.9";"0.75";"519.87";"RÃ¸dvin";"Glass";"12.5";"4.158933"
"Vinmonopolet";"11845005";"Dom. du PÃ©lican Arbois Trois CÃ©pages 2018";"Dom. du PÃ©lican Arbois Trois CÃ©pages";"2018";"800";"1.5";"533.33";"RÃ¸dvin";"Glass";"12.5";"4.266667"
"Vinmonopolet";"11845101";"Dom. du PÃ©lican Arbois Poulsard 2018";"Dom. du PÃ©lican Arbois Poulsard";"2018";"396";"0.75";"528";"RÃ¸dvin";"Glass";"11.5";"4.5913043"
"Vinmonopolet";"11845201";"De Montille Bourgogne Le Clos du ChÃ¢teau 2017";"De Montille Bourgogne Le Clos du ChÃ¢teau";"2017";"384";"0.75";"512";"White wine";"Glass";"13";"3.9384615"
"Vinmonopolet";"11845301";"De Montille Chassagne-Montrachet Blanc 2017";"De Montille Chassagne-Montrachet Blanc";"2017";"659.9";"0.75";"879.87";"White wine";"Glass";"13";"6.768205"
"Vinmonopolet";"11845401";"De Montille Puligny-Montrachet 2017";"De Montille Puligny-Montrachet";"2017";"714.1";"0.75";"952.13";"White wine";"Glass";"13";"7.3241024"
"Vinmonopolet";"11845501";"De Montille Puligny-Montrachet 1er Cru En Cailleret 2017";"De Montille Puligny-Montrachet 1er Cru En Cailleret";"2017";"1392";"0.75";"1856";"White wine";"Glass";"13";"14.276923"
"Vinmonopolet";"11845605";"De Montille Bourgogne Le Clos du ChÃ¢teau 2017";"De Montille Bourgogne Le Clos du ChÃ¢teau";"2017";"792";"1.5";"528";"White wine";"Glass";"13";"4.0615387"
"Vinmonopolet";"11845701";"De Montille MonthÃ©lie 1er Cru Les Duresses 2017";"De Montille MonthÃ©lie 1er Cru Les Duresses";"2017";"499.9";"0.75";"666.53";"White wine";"Glass";"13";"5.1271796"
"Vinmonopolet";"11845801";"De Montille Beaune 1er Cru Aigrots Blanc 2017";"De Montille Beaune 1er Cru Aigrots Blanc";"2017";"590.1";"0.75";"786.8";"White wine";"Glass";"13";"6.0523076"
"Vinmonopolet";"11845901";"De Montille Saint-Aubin 1er Cru En Remilly 2017";"De Montille Saint-Aubin 1er Cru En Remilly";"2017";"548";"0.75";"730.67";"White wine";"Glass";"13";"5.620513"
"Vinmonopolet";"11846001";"De Montille Puligny-Montrachet 1er Cru La Garenne 2017";"De Montille Puligny-Montrachet 1er Cru La Garenne";"2017";"930";"0.75";"1240";"White wine";"Glass";"13";"9.538462"
"Vinmonopolet";"11846101";"De Montille Puligny-Montrachet 1er Cru Les FolatiÃ¨res 2017";"De Montille Puligny-Montrachet 1er Cru Les FolatiÃ¨res";"2017";"1184";"0.75";"1578.67";"White wine";"Glass";"13";"12.14359"
"Vinmonopolet";"11846201";"De Montille Monthelie Pinot Noir 2017";"De Montille Monthelie Pinot Noir";"2017";"462";"0.75";"616";"RÃ¸dvin";"Glass";"12.5";"4.928"
"Vinmonopolet";"11846301";"Il Mimo 2019";"Il Mimo";"2019";"189.9";"0.75";"253.2";"RosÃ©vin";"Glass";"13";"1.9476923"
"Vinmonopolet";"11846305";"Il Mimo 2019";"Il Mimo";"2019";"379.9";"1.5";"253.27";"RosÃ©vin";"Glass";"13";"1.9482051"
"Vinmonopolet";"11846307";"Il Mimo 2019";"Il Mimo";"2019";"759.9";"3";"253.3";"RosÃ©vin";"Glass";"13";"1.9484617"
"Vinmonopolet";"11846501";"Girardin Meursault 1er Cru PerriÃ¨res 2017";"Girardin Meursault 1er Cru PerriÃ¨res";"2017";"1036.1";"0.75";"1381.47";"White wine";"Glass";"13.5";"10.233087"
"Vinmonopolet";"11846601";"Girardin Chassagne-Montrachet Premier Cru Blanchots-Dessus 2017";"Girardin Chassagne-Montrachet Premier Cru Blanchots-Dessus";"2017";"939.9";"0.75";"1253.2";"White wine";"Glass";"13.5";"9.282963"
"Vinmonopolet";"11846701";"Girardin Puligny-Montrachet 1er Cru Les Referts 2017";"Girardin Puligny-Montrachet 1er Cru Les Referts";"2017";"886";"0.75";"1181.33";"White wine";"Glass";"13.5";"8.750617"
"Vinmonopolet";"11846801";"Aldo Conterno Barolo Bussia Cicala 2015";"Aldo Conterno Barolo Bussia Cicala";"2015";"1196";"0.75";"1594.67";"RÃ¸dvin";"Glass";"14.5";"10.997701"
"Vinmonopolet";"11846901";"Aldo Conterno Barolo Bussia Colonello 2015";"Aldo Conterno Barolo Bussia Colonello";"2015";"1196";"0.75";"1594.67";"RÃ¸dvin";"Glass";"14.5";"10.997701"
"Vinmonopolet";"11847001";"Aldo Conterno Barolo Bussia 2015";"Aldo Conterno Barolo Bussia";"2015";"745";"0.75";"993.33";"RÃ¸dvin";"Glass";"14.5";"6.8505745"
"Vinmonopolet";"11847101";"Aldo Conterno Il Favot Langhe Nebbiolo 2016";"Aldo Conterno Il Favot Langhe Nebbiolo";"2016";"546";"0.75";"728";"RÃ¸dvin";"Glass";"15.5";"4.696774"
"Vinmonopolet";"11847201";"Aldo Conterno Barbera d'Alba Conca Tre Pile 2016";"Aldo Conterno Barbera d'Alba Conca Tre Pile";"2016";"399.9";"0.75";"533.2";"RÃ¸dvin";"Glass";"15.5";"3.44"
"Vinmonopolet";"11847301";"Nudo Langhe Nebbiolo 2017";"Nudo Langhe Nebbiolo";"2017";"249.9";"0.75";"333.2";"RÃ¸dvin";"Glass";"13";"2.563077"
"Vinmonopolet";"11848507";"Gaston Chiquet d'AÃ¿ Blanc de Blancs 2007";"Gaston Chiquet d'AÃ¿ Blanc de Blancs";"2007";"3490";"3";"1163.33";"Champagne, brut";"Glass";"12.5";"9.306666"
"Vinmonopolet";"11848701";"Johannes Zillinger Numen FumÃ© Blanc 2017";"Johannes Zillinger Numen FumÃ© Blanc";"2017";"379.9";"0.75";"506.53";"White wine";"Glass";"12.5";"4.0522666"
"Vinmonopolet";"11848801";"Johannes Zillinger Revolution Pink Solera";"Johannes Zillinger Revolution Pink Solera";"0";"239.9";"0.75";"319.87";"RosÃ©vin";"Glass";"11.5";"2.7814493"
"Vinmonopolet";"11848901";"Johannes Zillinger Numen St.Laurent RosÃ© 2018";"Johannes Zillinger Numen St.Laurent RosÃ©";"2018";"399.9";"0.75";"533.2";"RosÃ©vin";"Glass";"12";"4.443333"
"Vinmonopolet";"11849001";"Girardin Meursault Blagny 1er Cru 2016";"Girardin Meursault Blagny 1er Cru";"2016";"698";"0.75";"930.67";"White wine";"Glass";"13.5";"6.893827"
"Vinmonopolet";"11849301";"Thillardon ChÃ©nas Chassignol 2018";"Thillardon ChÃ©nas Chassignol";"2018";"378.1";"0.75";"504.13";"RÃ¸dvin";"Glass";"12";"4.2011113"
"Vinmonopolet";"11849401";"Thillardon ChÃ©nas Les BlÃ©monts 2018";"Thillardon ChÃ©nas Les BlÃ©monts";"2018";"299.9";"0.75";"399.87";"RÃ¸dvin";"Glass";"13";"3.0758975"
"Vinmonopolet";"11849501";"Daniel-Etienne Defaix Chablis Premier Cru Vaillons 2005";"Daniel-Etienne Defaix Chablis Premier Cru Vaillons";"2005";"392";"0.75";"522.67";"White wine";"Glass";"13";"4.020513"
"Vinmonopolet";"11849601";"GuÃ­maro Blanco 2018";"GuÃ­maro Blanco";"2018";"229.9";"0.75";"306.53";"White wine";"Glass";"13";"2.3579485"
"Vinmonopolet";"11849701";"Mourat Clos Saint AndrÃ© 2017";"Mourat Clos Saint AndrÃ©";"2017";"236";"0.75";"314.67";"White wine";"Glass";"13.5";"2.3308642"
"Vinmonopolet";"11849801";"GuÃ­maro Blanco Cepas Viejas 2018";"GuÃ­maro Blanco Cepas Viejas";"2018";"249.9";"0.75";"333.2";"White wine";"Glass";"13";"2.563077"
"Vinmonopolet";"11850201";"Ch. de Nalys Chateauneuf-du-Pape Blanc 2018";"Ch. de Nalys Chateauneuf-du-Pape Blanc";"2018";"698";"0.75";"930.67";"White wine";"Glass";"14.5";"6.4183908"
"Vinmonopolet";"11850401";"MaraÃ±ones Pies descalzos Blanco 2018";"MaraÃ±ones Pies descalzos Blanco";"2018";"329.9";"0.75";"439.87";"White wine";"Glass";"13";"3.3835897"
"Vinmonopolet";"11850902";"Koskenkorva 21 %";"Koskenkorva 21 %";"0";"139.5";"0.5";"275";"Brennevin, nÃ¸ytralt < 37,5 %";"Emballasje med pant";"21";"1.3285714"
"Vinmonopolet";"11851002";"Koskenkorva Vodka 7 Botanicals";"Koskenkorva Vodka 7 Botanicals";"0";"274.9";"0.5";"549.8";"Vodka";"Glass";"37.5";"1.4661334"
"Vinmonopolet";"11851102";"Larsen Cooper's Selection Nordic Oak VSOP";"Larsen Cooper's Selection Nordic Oak VSOP";"0";"369.9";"0.5";"739.8";"Grape spirit";"Glass";"40";"1.8495"
"Vinmonopolet";"11851202";"Koskenkorva Lemon Shot";"Koskenkorva Lemon Shot";"0";"169.9";"0.5";"339.8";"LikÃ¸r";"Glass";"21";"1.6180952"
"Vinmonopolet";"11851706";"MarquÃ©s de Nombrevilla Rosado";"MarquÃ©s de Nombrevilla Rosado";"2019";"249.9";"1.5";"166.6";"RosÃ©vin";"Pouch";"13";"1.2815385"
"Vinmonopolet";"11853902";"Wettre Le Quad";"Wettre Le Quad";"2019";"129.9";"0.33";"393.64";"Special";"Metall";"10";"3.9363632"
"Vinmonopolet";"11854302";"Skog Fine Sloe";"Skog Fine Sloe";"0";"439";"0.5";"878";"Other spirit";"Glass";"25";"3.512"
"Vinmonopolet";"11854401";"Ricks Dry Gin Orange";"Ricks Dry Gin Orange";"0";"687.2";"0.7";"981.71";"Gin";"Glass";"43";"2.2830565"
"Vinmonopolet";"11854501";"Ricks Dry Gin Classic";"Ricks Dry Gin Classic";"0";"687.2";"0.7";"981.71";"Gin";"Glass";"43";"2.2830565"
"Vinmonopolet";"11854601";"Ricks Greenery Apple Gin";"Ricks Greenery Apple Gin";"0";"689";"0.7";"984.29";"Gin";"Glass";"40";"2.4607143"
"Vinmonopolet";"11854701";"Ricks Blue Gin";"Ricks Blue Gin";"0";"687.2";"0.7";"981.71";"Gin";"Glass";"43";"2.2830565"
"Vinmonopolet";"11854801";"Obey Vodka";"Obey Vodka";"0";"639";"0.7";"912.86";"Vodka";"Glass";"40";"2.2821429"
"Vinmonopolet";"11854901";"Dom. Jean Touzot Bourgogne Pinot Noir";"Dom. Jean Touzot Bourgogne Pinot Noir";"0";"199.9";"0.75";"266.53";"RÃ¸dvin";"Glass";"12.5";"2.1322665"
"Vinmonopolet";"11855101";"Valduga Terroir Syrah";"Valduga Terroir Syrah";"0";"325.9";"0.75";"434.53";"RÃ¸dvin";"Glass";"14.5";"2.9967816"
"Vinmonopolet";"11855201";"Valduga Gran Leopoldina Chardonnay";"Valduga Gran Leopoldina Chardonnay";"2018";"382";"0.75";"509.33";"White wine";"Glass";"14.5";"3.5126436"
"Vinmonopolet";"11855302";"Austmann Old School IPA";"Austmann Old School IPA";"0";"78.7";"0.44";"174.32";"India pale ale";"Emballasje med pant";"7.5";"2.3848484"
"Vinmonopolet";"11855702";"NÃ¸isom Fruity Collision";"NÃ¸isom Fruity Collision";"0";"49.1";"0.33";"148.79";"India pale ale";"Glass";"6.8";"2.1880567"
"Vinmonopolet";"11855801";"Louis Bernard CÃ´tes du RhÃ´ne Blanc 2018";"Louis Bernard CÃ´tes du RhÃ´ne Blanc";"2018";"169.3";"0.75";"225.73";"White wine";"Glass";"13.5";"1.6720988"
"Vinmonopolet";"11855901";"Calvet Celebration Brut RosÃ©";"Calvet Celebration Brut RosÃ©";"0";"99.9";"0.75";"133.2";"Musserende vin, rosÃ©";"Glass";"12.5";"1.0656"
"Vinmonopolet";"11856001";"Il Farneto Frisant Rosato 2019";"Il Farneto Frisant Rosato";"2019";"169.9";"0.75";"226.53";"Perlende vin, rosÃ©";"Glass";"11";"2.059394"
"Vinmonopolet";"11856201";"Rabasco Cancelli Rosato 2019";"Rabasco Cancelli Rosato";"2019";"214.9";"0.75";"286.53";"RosÃ©vin";"Glass";"12.5";"2.2922666"
"Vinmonopolet";"11856301";"Ethereo AlbariÃ±o";"Ethereo AlbariÃ±o";"2019";"180.2";"0.75";"240.27";"White wine";"Glass";"13";"1.8482051"
"Vinmonopolet";"11857301";"Kelley Fox Mirabai Pinot Noir 2018";"Kelley Fox Mirabai Pinot Noir";"2018";"396";"0.75";"528";"RÃ¸dvin";"Glass";"13.5";"3.911111"
"Vinmonopolet";"11857401";"Kelley Fox Hyland Vineyard Pinot Noir 2017";"Kelley Fox Hyland Vineyard Pinot Noir";"2017";"396";"0.75";"528";"RÃ¸dvin";"Glass";"13";"4.0615387"
"Vinmonopolet";"11857501";"Kelley Fox Maresh Vineyard Pinot Noir 2018";"Kelley Fox Maresh Vineyard Pinot Noir";"2018";"629.9";"0.75";"839.87";"RÃ¸dvin";"Glass";"13.5";"6.221235"
"Vinmonopolet";"11857701";"Bolney Estate Bacchus 2018";"Bolney Estate Bacchus";"2018";"299.9";"0.75";"399.87";"White wine";"Glass";"12.5";"3.1989334"
"Vinmonopolet";"11857901";"Bombay Bramble Gin";"Bombay Bramble Gin";"0";"414.9";"0.7";"592.71";"Gin";"Glass";"37.5";"1.5805714"
"Vinmonopolet";"11858001";"Rocca Coeli Etna Bianco";"Rocca Coeli Etna Bianco";"2017";"469.2";"0.75";"625.6";"White wine";"Glass";"14";"4.4685717"
"Vinmonopolet";"11858101";"Rocca Coeli Etna Rosso 2015";"Rocca Coeli Etna Rosso";"2015";"469";"0.75";"625.33";"RÃ¸dvin";"Glass";"14";"4.4666667"
"Vinmonopolet";"11858606";"Enterizo Tinto";"Enterizo Tinto";"2019";"381.9";"3";"127.3";"RÃ¸dvin";"Bag-in-box";"12.5";"1.0184"
"Vinmonopolet";"11858706";"Enterizo Blanco";"Enterizo Blanco";"2019";"371.9";"3";"123.97";"White wine";"Bag-in-box";"12";"1.0330555"
"Vinmonopolet";"11859002";"AttÃ¥t ripslikÃ¸r";"AttÃ¥t ripslikÃ¸r";"2020";"314.9";"0.5";"629.8";"LikÃ¸r";"Glass";"18";"3.4988887"
"Vinmonopolet";"11859102";"AttÃ¥t fatlagra eplebrennevin";"AttÃ¥t fatlagra eplebrennevin";"2020";"429.9";"0.5";"859.8";"Fruit spirit";"Glass";"38";"2.2626317"
"Vinmonopolet";"11859301";"Nino Negri Alpi Retiche Bianco 2018";"Nino Negri Alpi Retiche Bianco";"2018";"199.9";"0.75";"266.53";"White wine";"Glass";"11.5";"2.317681"
"Vinmonopolet";"11859401";"Balfour Liberty's Bacchus 2018";"Balfour Liberty's Bacchus";"2018";"239";"0.75";"318.67";"White wine";"Glass";"11.5";"2.7710145"
"Vinmonopolet";"11859501";"Balfour Springfield Chardonnay 2018";"Balfour Springfield Chardonnay";"2018";"295";"0.75";"393.33";"White wine";"Glass";"12";"3.2777777"
"Vinmonopolet";"11859704";"J.P. Chenet Fizzy RosÃ©";"J.P. Chenet Fizzy RosÃ©";"0";"49.9";"0.2";"249.5";"Perlende vin, rosÃ©";"Metall";"12.5";"1.996"
"Vinmonopolet";"11859801";"Fleury RosÃ© de SaignÃ©e Brut";"Fleury RosÃ© de SaignÃ©e Brut";"2011";"549.9";"0.75";"733.2";"Champagne, rosÃ©";"Glass";"12";"6.11"
"Vinmonopolet";"11859901";"Cellier des Dauphins Val Soleu 2019";"Cellier des Dauphins Val Soleu";"2019";"169.9";"0.75";"226.53";"RosÃ©vin";"Glass";"12.5";"1.8122666"
"Vinmonopolet";"11860101";"Meinklang VulkÃ¡n";"Meinklang VulkÃ¡n";"0";"299.1";"0.75";"398.8";"White wine";"Glass";"11.5";"3.4678261"
"Vinmonopolet";"11860201";"Meinklang Abend";"Meinklang Abend";"2016";"349.9";"0.75";"466.53";"RÃ¸dvin";"Glass";"12";"3.8877778"
"Vinmonopolet";"11860301";"Meinklang Foam VulkÃ¡n";"Meinklang Foam VulkÃ¡n";"2019";"199.9";"0.75";"266.53";"Sparkling white wine";"Glass";"11.5";"2.317681"
"Vinmonopolet";"11860401";"Victorie L'audacieuse 2019";"Victorie L'audacieuse";"2019";"139.9";"0.75";"186.53";"RosÃ©vin";"Glass";"13";"1.4348717"
"Vinmonopolet";"11860501";"Clos de la Chapelle Volnay En Carelle 2017";"Clos de la Chapelle Volnay En Carelle";"2017";"679.8";"0.75";"906.4";"RÃ¸dvin";"Glass";"13.5";"6.714074"
"Vinmonopolet";"11860601";"Clos de la Chapelle Pommard 1er Cru Les Chanlins 2017";"Clos de la Chapelle Pommard 1er Cru Les Chanlins";"2017";"699.8";"0.75";"933.07";"RÃ¸dvin";"Glass";"13.5";"6.911605"
"Vinmonopolet";"11860701";"Dom. Belargus Ronceray Anjou Blanc 2018";"Dom. Belargus Ronceray Anjou Blanc";"2018";"379.9";"0.75";"506.53";"White wine";"Glass";"13.5";"3.7520988"
"Vinmonopolet";"11860801";"Dom. Belargus Les Gaudrets SavenniÃ¨res 2018";"Dom. Belargus Les Gaudrets SavenniÃ¨res";"2018";"419.9";"0.75";"559.87";"White wine";"Glass";"13.5";"4.1471605"
"Vinmonopolet";"11860901";"Dr. H. Thanisch Bernkastel-Kues Riesling Alte Reben";"Dr. H. Thanisch Bernkastel-Kues Riesling Alte Reben";"2018";"250";"0.75";"333.33";"White wine";"Glass";"12";"2.7777777"
"Vinmonopolet";"11861001";"Dr. H. Thanisch Bernkasteler Badstube Riesling Kabinett 2018";"Dr. H. Thanisch Bernkasteler Badstube Riesling Kabinett";"2018";"239.9";"0.75";"319.87";"White wine";"Glass";"9";"3.554074"
"Vinmonopolet";"11861307";"Cristian Senez Carte Verte Brut";"Cristian Senez Carte Verte Brut";"0";"6900";"9";"766.67";"Champagne, brut";"Glass";"12";"6.388889"
"Vinmonopolet";"11861406";"Von Buhl Riesling Trocken";"Von Buhl Riesling Trocken";"2019";"450.7";"3";"150.23";"White wine";"Bag-in-box";"12";"1.2519444"
"Vinmonopolet";"11861705";"Matassa Brutal Rouge";"Matassa Brutal Rouge";"2019";"709.9";"1.5";"473.27";"RÃ¸dvin";"Glass";"10.5";"4.507302"
"Vinmonopolet";"11861801";"Fleury Variation Brut Nature";"Fleury Variation Brut Nature";"2014";"1000";"0.75";"1333.33";"Champagne extra brut";"Glass";"12";"11.111111"
"Vinmonopolet";"11861901";"HurÃ© FrÃ¨res Inattendue Blanc de Blancs 2015";"HurÃ© FrÃ¨res Inattendue Blanc de Blancs";"2015";"469.9";"0.75";"626.53";"Champagne extra brut";"Glass";"12";"5.221111"
"Vinmonopolet";"11862006";"Riva Leone Pinot Grigio";"Riva Leone Pinot Grigio";"2019";"244.4";"1.5";"162.93";"White wine";"Pouch";"12";"1.3577777"
"Vinmonopolet";"11862106";"Maximin Riesling 2019";"Maximin Riesling";"2019";"479.9";"3";"159.97";"White wine";"Bag-in-box";"11.5";"1.3910145"
"Vinmonopolet";"11862201";"ProprietÃ  Sperino Rosa del Rosa 2019";"ProprietÃ  Sperino Rosa del Rosa";"2019";"209.9";"0.75";"279.87";"RosÃ©vin";"Glass";"13";"2.1528203"
"Vinmonopolet";"11862301";"Marc Morey Saint-Aubin 1er Cru Charmois Blanc";"Marc Morey Saint-Aubin 1er Cru Charmois Blanc";"2018";"589.9";"0.75";"786.53";"White wine";"Glass";"13.5";"5.8261733"
"Vinmonopolet";"11862401";"Dom. Heitz-Lochardet Volnay 1 Cru Taillepieds 2018";"Dom. Heitz-Lochardet Volnay 1 Cru Taillepieds";"2018";"769.9";"0.75";"1026.53";"RÃ¸dvin";"Glass";"13";"7.8964105"
"Vinmonopolet";"11862501";"Dom. Heitz-Lochardet Pommard 1 Cru Rugiens 2018";"Dom. Heitz-Lochardet Pommard 1 Cru Rugiens";"2018";"829.9";"0.75";"1106.53";"RÃ¸dvin";"Glass";"12.5";"8.852267"
"Vinmonopolet";"11862601";"Dom. Heitz-Lochardet Pommard 1 Cru PÃ©zerolles 2018";"Dom. Heitz-Lochardet Pommard 1 Cru PÃ©zerolles";"2018";"719.9";"0.75";"959.87";"RÃ¸dvin";"Glass";"13";"7.38359"
"Vinmonopolet";"11862701";"Dom. Heitz-Lochardet Pommard 1 Cru Clos des Poutures 2018";"Dom. Heitz-Lochardet Pommard 1 Cru Clos des Poutures";"2018";"679.9";"0.75";"906.53";"RÃ¸dvin";"Glass";"12.5";"7.252267"
"Vinmonopolet";"11862801";"Dom. Heitz-Lochardet Chassagne-Montrachet 1er Cru Morgeot Rouge 2018";"Dom. Heitz-Lochardet Chassagne-Montrachet 1er Cru Morgeot Rouge";"2018";"579.9";"0.75";"773.2";"RÃ¸dvin";"Glass";"13";"5.9476924"
"Vinmonopolet";"11862901";"Dom. Heitz-Lochardet Bourgogne Pinot Noir 2018";"Dom. Heitz-Lochardet Bourgogne Pinot Noir";"2018";"269.9";"0.75";"359.87";"RÃ¸dvin";"Glass";"13";"2.7682052"
"Vinmonopolet";"11863001";"Dom. Heitz-Lochardet Folie Sauvage 2018";"Dom. Heitz-Lochardet Folie Sauvage";"2018";"229.9";"0.75";"306.53";"RÃ¸dvin";"Glass";"13";"2.3579485"
"Vinmonopolet";"11863105";"Dom. Heitz-Lochardet Meursault La Barre 2018";"Dom. Heitz-Lochardet Meursault La Barre";"2018";"1099";"1.5";"732.67";"White wine";"Glass";"13";"5.6358976"
"Vinmonopolet";"11863205";"Dom. Heitz-Lochardet Bourgogne Chardonnay";"Dom. Heitz-Lochardet Bourgogne Chardonnay";"2018";"539.9";"1.5";"359.93";"White wine";"Glass";"13";"2.768718"
"Vinmonopolet";"11863305";"Dom. Heitz-Lochardet Bourgogne Aligote 2018";"Dom. Heitz-Lochardet Bourgogne Aligote";"2018";"439.9";"1.5";"293.27";"White wine";"Glass";"12";"2.443889"
"Vinmonopolet";"11863401";"Dom. Heitz-Lochardet Chassagne-Montrachet 1 Cru Maltroie 2018";"Dom. Heitz-Lochardet Chassagne-Montrachet 1 Cru Maltroie";"2018";"659.9";"0.75";"879.87";"White wine";"Glass";"13";"6.768205"
"Vinmonopolet";"11863501";"Dom. Heitz-Lochardet Chassagne-Montrachet Morgeot Blanc 2018";"Dom. Heitz-Lochardet Chassagne-Montrachet Morgeot Blanc";"2018";"649.9";"0.75";"866.53";"White wine";"Glass";"13";"6.6656413"
"Vinmonopolet";"11863601";"Dom. Heitz-Lochardet Meursault 1er Cru Les PerriÃ¨res 2018";"Dom. Heitz-Lochardet Meursault 1er Cru Les PerriÃ¨res";"2018";"1049.9";"0.75";"1399.87";"White wine";"Glass";"13";"10.768206"
"Vinmonopolet";"11863701";"Dom. Heitz-Lochardet Chevalier-Montrachet Grand Cru 2018";"Dom. Heitz-Lochardet Chevalier-Montrachet Grand Cru";"2018";"3401.9";"0.75";"4535.87";"White wine";"Glass";"13";"34.89128"
"Vinmonopolet";"11863801";"Dom. Heitz-Lochardet Chassagne Montrachet 1er Cru TÃªte de Clos 2018";"Dom. Heitz-Lochardet Chassagne Montrachet 1er Cru TÃªte de Clos";"2018";"719.9";"0.75";"959.87";"White wine";"Glass";"13";"7.38359"
"Vinmonopolet";"11863901";"Dom. Heitz-Lochardet Chassagne-Montrachet 1er Cru Chenevottes 2018";"Dom. Heitz-Lochardet Chassagne-Montrachet 1er Cru Chenevottes";"2018";"649.9";"0.75";"866.53";"White wine";"Glass";"13";"6.6656413"
"Vinmonopolet";"11864001";"Dom. Heitz-Lochardet Meursault Gruyaches 2018";"Dom. Heitz-Lochardet Meursault Gruyaches";"2018";"599.9";"0.75";"799.87";"White wine";"Glass";"13";"6.1528206"
"Vinmonopolet";"11864101";"Dom. Heitz-Lochardet Meursault La Barre 2018";"Dom. Heitz-Lochardet Meursault La Barre";"2018";"549.9";"0.75";"733.2";"White wine";"Glass";"13";"5.6400003"
"Vinmonopolet";"11864201";"Dom. Heitz-Lochardet Bourgogne Chardonnay 2018";"Dom. Heitz-Lochardet Bourgogne Chardonnay";"2018";"269.9";"0.75";"359.87";"White wine";"Glass";"13";"2.7682052"
"Vinmonopolet";"11864301";"Dom. Heitz-Lochardet Connivence Armand Heitz + Aurelien Febvre Blanc 2018";"Dom. Heitz-Lochardet Connivence Armand Heitz + Aurelien Febvre Blanc";"2018";"269.9";"0.75";"359.87";"White wine";"Glass";"13";"2.7682052"
"Vinmonopolet";"11864401";"Dom. Heitz-Lochardet Bourgogne AligotÃ© 2018";"Dom. Heitz-Lochardet Bourgogne AligotÃ©";"2018";"219.9";"0.75";"293.2";"White wine";"Glass";"12";"2.4433331"
"Vinmonopolet";"11864501";"Dom. Heitz-Lochardet Pommard 2018";"Dom. Heitz-Lochardet Pommard";"2018";"479.9";"0.75";"639.87";"RÃ¸dvin";"Glass";"13";"4.9220514"
"Vinmonopolet";"11864606";"Levert Freres Coteaux Bourguignons Rouge";"Levert Freres Coteaux Bourguignons Rouge";"2019";"450";"3";"150";"RÃ¸dvin";"Bag-in-box";"12.5";"1.2"
"Vinmonopolet";"11864706";"Levert Freres Chandrelle Bourgogne Aligote";"Levert Freres Chandrelle Bourgogne Aligote";"2019";"500";"3";"166.67";"White wine";"Bag-in-box";"12";"1.3888888"
"Vinmonopolet";"11864801";"Yvon & Laurent Vocoret Chablis Vielles Vignes 2018";"Yvon & Laurent Vocoret Chablis Vielles Vignes";"2018";"299.9";"0.75";"399.87";"White wine";"Glass";"13";"3.0758975"
"Vinmonopolet";"11864901";"Yvon & Laurent Vocoret Petit Chablis 2018";"Yvon & Laurent Vocoret Petit Chablis";"2018";"229.9";"0.75";"306.53";"White wine";"Glass";"13";"2.3579485"
"Vinmonopolet";"11865101";"Yvon & Laurent Vocoret Chablis 1er Cru Homme Mort 2018";"Yvon & Laurent Vocoret Chablis 1er Cru Homme Mort";"2018";"349.9";"0.75";"466.53";"White wine";"Glass";"13";"3.588718"
"Vinmonopolet";"11865401";"Boundary Breaks Dry Riesling No. 239";"Boundary Breaks Dry Riesling No. 239";"2018";"200";"0.75";"266.67";"White wine";"Glass";"11.5";"2.3188405"
"Vinmonopolet";"11865605";"Alde Sider 2019";"Alde Sider";"2019";"329.7";"1.5";"219.8";"Cider";"Glass";"6.9";"3.1855073"
"Vinmonopolet";"11866106";"Dom. Montrose Mon Blanc Sauvignon Blanc";"Dom. Montrose Mon Blanc Sauvignon Blanc";"2019";"449.9";"3";"149.97";"White wine";"Bag-in-box";"12";"1.2497222"
"Vinmonopolet";"11867501";"Valdo CuvÃ¨e Spumante";"Valdo CuvÃ¨e Spumante";"0";"109.9";"0.75";"146.53";"Sparkling wine";"Glass";"11";"1.3321213"
"Vinmonopolet";"11867601";"Carlo Pellegrino Catarratto Grecanico";"Carlo Pellegrino Catarratto Grecanico";"2019";"199.9";"0.75";"266.53";"White wine";"Glass";"12.5";"2.1322665"
"Vinmonopolet";"11867802";"Empirical Spirits The Plum I suppose";"Empirical Spirits The Plum I suppose";"2019";"554.7";"0.5";"1109.4";"Other spirit";"Glass";"32";"3.466875"
"Vinmonopolet";"11867902";"Empirical Spirit Ayuuk";"Empirical Spirit Ayuuk";"2019";"588.5";"0.5";"1177";"Other spirit";"Glass";"43";"2.7372093"
"Vinmonopolet";"11868002";"Empirical Spirit Can 01";"Empirical Spirit Can 01";"2019";"87";"0.33";"263.64";"Other spirit";"Metall";"10";"2.6363635"
"Vinmonopolet";"11868102";"Empirical Spirit Can 02";"Empirical Spirit Can 02";"2019";"87.5";"0.33";"265.15";"Other spirit";"Metall";"8";"3.3143938"
"Vinmonopolet";"11868301";"Envinate Taganan Campanario";"Envinate Taganan Campanario";"2018";"359.9";"0.75";"479.87";"White wine";"Glass";"12.5";"3.8389332"
"Vinmonopolet";"11868405";"Envinate Palo Blanco";"Envinate Palo Blanco";"2018";"719.9";"1.5";"479.93";"White wine";"Glass";"11.5";"4.1733336"
"Vinmonopolet";"11868501";"Raumland CuvÃ©e Marie-Luise Brut 2013";"Raumland CuvÃ©e Marie-Luise Brut";"2013";"329.7";"0.75";"439.6";"Sparkling wine";"Glass";"12";"3.6633334"
"Vinmonopolet";"11868607";"David Duband Bourgogne Hautes Cotes De Nuits Chardonnay";"David Duband Bourgogne Hautes Cotes De Nuits Chardonnay";"2017";"1744.9";"3";"581.63";"White wine";"Glass";"13";"4.4741025"
"Vinmonopolet";"11868705";"David Duband Bourgogne Hautes Cotes De Nuits Louis Auguste";"David Duband Bourgogne Hautes Cotes De Nuits Louis Auguste";"2017";"819.9";"1.5";"546.6";"RÃ¸dvin";"Glass";"13";"4.2046156"
"Vinmonopolet";"11868807";"David Duband Bourgogne";"David Duband Bourgogne";"2017";"1554.9";"3";"518.3";"RÃ¸dvin";"Glass";"13";"3.9869232"
"Vinmonopolet";"11868902";"David Duband Bourgogne";"David Duband Bourgogne";"2017";"224.9";"0.38";"599.73";"RÃ¸dvin";"Glass";"13";"4.5526314"
"Vinmonopolet";"11869007";"David Duband Vosne-RomanÃ©e";"David Duband Vosne-RomanÃ©e";"2017";"3184.9";"3";"1061.63";"RÃ¸dvin";"Glass";"13";"8.16641"
"Vinmonopolet";"11869105";"David Duband Vosne-RomanÃ©e";"David Duband Vosne-RomanÃ©e";"2017";"1594.9";"1.5";"1063.27";"RÃ¸dvin";"Glass";"13";"8.178974"
"Vinmonopolet";"11869207";"David Duband Chambolle-Musigny 1er Cru Les Gruenchers";"David Duband Chambolle-Musigny 1er Cru Les Gruenchers";"2017";"4929.9";"3";"1643.3";"RÃ¸dvin";"Glass";"13";"12.640769"
"Vinmonopolet";"11869305";"David Duband Chambolle-Musigny 1er Cru Les Gruenchers";"David Duband Chambolle-Musigny 1er Cru Les Gruenchers";"2017";"2464.9";"1.5";"1643.27";"RÃ¸dvin";"Glass";"13";"12.640512"
"Vinmonopolet";"11869401";"David Duband Chambertin Grand Cru";"David Duband Chambertin Grand Cru";"2017";"3319.9";"0.75";"4426.53";"RÃ¸dvin";"Glass";"13";"34.050255"
"Vinmonopolet";"11869505";"David Duband Chambolle-Musigny 1er Cru Les Sentiers";"David Duband Chambolle-Musigny 1er Cru Les Sentiers";"2017";"2549.9";"1.5";"1699.93";"RÃ¸dvin";"Glass";"13";"13.076409"
"Vinmonopolet";"11869605";"David Duband Bourgogne Hautes Cotes De Nuits Chardonnay";"David Duband Bourgogne Hautes Cotes De Nuits Chardonnay";"2017";"819.9";"1.5";"546.6";"White wine";"Glass";"13";"4.2046156"
"Vinmonopolet";"11869701";"David Duband Chambertin Grand Cru";"David Duband Chambertin Grand Cru";"2016";"3310";"0.75";"4413.33";"RÃ¸dvin";"Glass";"13";"33.94872"
"Vinmonopolet";"11869805";"David Duband Bourgogne";"David Duband Bourgogne";"2017";"719.9";"1.5";"479.93";"RÃ¸dvin";"Glass";"13";"3.691795"
"Vinmonopolet";"11869902";"David Duband Bourgogne Hautes Cotes De Nuits Chardonnay";"David Duband Bourgogne Hautes Cotes De Nuits Chardonnay";"2017";"389.9";"0.38";"1039.73";"White wine";"Glass";"13";"7.8927126"
"Vinmonopolet";"11870001";"Schmitt Frei. KÃ¶rper. Kultur. Weiss";"Schmitt Frei. KÃ¶rper. Kultur. Weiss";"2019";"299.9";"1";"299.9";"White wine";"Glass";"12";"2.4991667"
"Vinmonopolet";"11870101";"Schmitt Frei. KÃ¶rper. Kultur. Rot";"Schmitt Frei. KÃ¶rper. Kultur. Rot";"2019";"299.9";"1";"299.9";"RÃ¸dvin";"Glass";"13";"2.306923"
"Vinmonopolet";"11870201";"Schmitt Frei. KÃ¶rper. Kultur. RosÃ©";"Schmitt Frei. KÃ¶rper. Kultur. RosÃ©";"2019";"299.9";"1";"299.9";"RosÃ©vin";"Glass";"11";"2.7263637"
"Vinmonopolet";"11870601";"AttÃ¥t sider eple, jordbÃ¦r og rabarbra";"AttÃ¥t sider eple, jordbÃ¦r og rabarbra";"2020";"159.9";"0.75";"213.2";"Cider";"Glass";"6.5";"3.28"
"Vinmonopolet";"11870801";"Michael Gindl Vin & Rap Hvitvin 1";"Michael Gindl Vin & Rap Hvitvin 1";"2019";"300";"1";"300";"White wine";"Glass";"12";"2.5"
"Vinmonopolet";"11870902";"NÃ¸gne Ã Inappropriate Gardening";"NÃ¸gne Ã Inappropriate Gardening";"0";"59.9";"0.5";"119.8";"Light ale";"Glass";"6.5";"1.843077"
"Vinmonopolet";"11873401";"Nik Weis St. Urbans-Hof Schiefer Riesling 2018";"Nik Weis St. Urbans-Hof Schiefer Riesling";"2018";"199";"0.75";"265.33";"White wine";"Glass";"11.5";"2.3072464"
"Vinmonopolet";"11874301";"David Duband CÃ´te De Nuits-Villages";"David Duband CÃ´te De Nuits-Villages";"2017";"434.9";"0.75";"579.87";"RÃ¸dvin";"Glass";"13";"4.4605126"
"Vinmonopolet";"11874405";"David Duband CÃ´te De Nuits-Villages";"David Duband CÃ´te De Nuits-Villages";"2017";"919.9";"1.5";"613.27";"RÃ¸dvin";"Glass";"13";"4.717436"
"Vinmonopolet";"11874507";"David Duband CÃ´te De Nuits-Villages";"David Duband CÃ´te De Nuits-Villages";"2017";"2000";"3";"666.67";"RÃ¸dvin";"Glass";"13";"5.1282053"
"Vinmonopolet";"11874601";"David Duband Morey-Saint-Denis";"David Duband Morey-Saint-Denis";"2017";"664.9";"0.75";"886.53";"RÃ¸dvin";"Glass";"13";"6.8194876"
"Vinmonopolet";"11874702";"David Duband Morey-Saint-Denis";"David Duband Morey-Saint-Denis";"2017";"399.9";"0.38";"1066.4";"RÃ¸dvin";"Glass";"13";"8.095141"
"Vinmonopolet";"11874805";"David Duband Morey-Saint-Denis";"David Duband Morey-Saint-Denis";"2017";"1399.9";"1.5";"933.27";"RÃ¸dvin";"Glass";"13";"7.1789746"
"Vinmonopolet";"11874907";"David Duband Morey-Saint-Denis";"David Duband Morey-Saint-Denis";"2017";"2779.9";"3";"926.63";"RÃ¸dvin";"Glass";"13";"7.1279483"
"Vinmonopolet";"11875005";"David Duband Nuits-Saint-Georges";"David Duband Nuits-Saint-Georges";"2017";"1374.9";"1.5";"916.6";"RÃ¸dvin";"Glass";"13";"7.0507693"
"Vinmonopolet";"11875107";"David Duband Nuits-Saint-Georges";"David Duband Nuits-Saint-Georges";"2017";"2759.9";"3";"919.97";"RÃ¸dvin";"Glass";"13";"7.0766664"
"Vinmonopolet";"11875202";"David Duband Chambolle-Musigny";"David Duband Chambolle-Musigny";"2017";"444.9";"0.38";"1186.4";"RÃ¸dvin";"Glass";"13";"9.006073"
"Vinmonopolet";"11875305";"David Duband Chambolle-Musigny";"David Duband Chambolle-Musigny";"2017";"1594.9";"1.5";"1063.27";"RÃ¸dvin";"Glass";"13";"8.178974"
"Vinmonopolet";"11875407";"David Duband Chambolle-Musigny";"David Duband Chambolle-Musigny";"2017";"3184.9";"3";"1061.63";"RÃ¸dvin";"Glass";"13";"8.16641"
"Vinmonopolet";"11875502";"David Duband Vosne-RomanÃ©e";"David Duband Vosne-RomanÃ©e";"2017";"444.9";"0.38";"1186.4";"RÃ¸dvin";"Glass";"13";"9.006073"
"Vinmonopolet";"11875601";"Ch. Les Ormes de Pez 2016";"Ch. Les Ormes de Pez";"2016";"479.8";"0.75";"639.73";"RÃ¸dvin";"Glass";"13.5";"4.7387652"
"Vinmonopolet";"11875701";"Ch. Siran 2016";"Ch. Siran";"2016";"449.8";"0.75";"599.73";"RÃ¸dvin";"Glass";"14";"4.283809"
"Vinmonopolet";"11875801";"Ch. Dalem 2016";"Ch. Dalem";"2016";"399.8";"0.75";"533.07";"RÃ¸dvin";"Glass";"15";"3.5537777"
"Vinmonopolet";"11875901";"Louridal Poema Novellis Alvarinho 2017";"Louridal Poema Novellis Alvarinho";"2017";"199.9";"0.75";"266.53";"White wine";"Glass";"13";"2.0502563"
"Vinmonopolet";"11876001";"Louridal Poema Reserva Alvarinho 2016";"Louridal Poema Reserva Alvarinho";"2016";"299.9";"0.75";"399.87";"White wine";"Glass";"13";"3.0758975"
"Vinmonopolet";"11876101";"Ch. Fourcas-DuprÃ©";"Ch. Fourcas-DuprÃ©";"2016";"279.8";"0.75";"373.07";"RÃ¸dvin";"Glass";"13";"2.8697433"
"Vinmonopolet";"11876201";"Clos Puy Arnaud 2016";"Clos Puy Arnaud";"2016";"479.8";"0.75";"639.73";"RÃ¸dvin";"Glass";"13.5";"4.7387652"
"Vinmonopolet";"11876301";"Ch. Labegorce 2016";"Ch. Labegorce";"2016";"469.8";"0.75";"626.4";"RÃ¸dvin";"Glass";"13";"4.8184614"
"Vinmonopolet";"11876401";"Niepoort Olo 2016";"Niepoort Olo";"2016";"299.8";"0.75";"399.73";"White wine";"Glass";"11.5";"3.475942"
"Vinmonopolet";"11876501";"Tremblay Chablis Premier Cru Montmain 2018";"Tremblay Chablis Premier Cru Montmain";"2018";"349.4";"0.75";"465.87";"White wine";"Glass";"13";"3.5835898"
"Vinmonopolet";"11876601";"Justin Girardin Chassagne-Montrachet 1er Cru Morgeot 2018";"Justin Girardin Chassagne-Montrachet 1er Cru Morgeot";"2018";"699.8";"0.75";"933.07";"White wine";"Glass";"13";"7.177436"
"Vinmonopolet";"11876701";"Juillot Mercurey Premier Cru Les Combins 2017";"Juillot Mercurey Premier Cru Les Combins";"2017";"359.8";"0.75";"479.73";"RÃ¸dvin";"Glass";"13";"3.6902564"
"Vinmonopolet";"11876805";"Ch. Bel-Air Lagrave";"Ch. Bel-Air Lagrave";"1989";"999.9";"1.5";"666.6";"RÃ¸dvin";"Glass";"12.5";"5.3328"
"Vinmonopolet";"11876905";"Ch. Bel-Air Lagrave 1986";"Ch. Bel-Air Lagrave";"1986";"999.9";"1.5";"666.6";"RÃ¸dvin";"Glass";"13";"5.127692"
"Vinmonopolet";"11877001";"Justin Girardin Meursault 2018";"Justin Girardin Meursault";"2018";"599.8";"0.75";"799.73";"White wine";"Glass";"13";"6.151795"
"Vinmonopolet";"11877105";"Juillot Bourgogne CuvÃ©e Pierre Pinot Noir 2018";"Juillot Bourgogne CuvÃ©e Pierre Pinot Noir";"2018";"449.9";"1.5";"299.93";"RÃ¸dvin";"Glass";"13";"2.3071795"
"Vinmonopolet";"11877201";"Dom. de La Tour Penet MÃ¢con-PÃ©ronne Rouge 2018";"Dom. de La Tour Penet MÃ¢con-PÃ©ronne Rouge";"2018";"199.9";"0.75";"266.53";"RÃ¸dvin";"Glass";"13";"2.0502563"
"Vinmonopolet";"11877301";"Ch. du Tertre 2016";"Ch. du Tertre";"2016";"499.8";"0.75";"666.4";"RÃ¸dvin";"Glass";"13";"5.126154"
"Vinmonopolet";"11877601";"David Duband Gevrey-Chambertin Les Combottes";"David Duband Gevrey-Chambertin Les Combottes";"2014";"1394.9";"0.75";"1859.87";"RÃ¸dvin";"Glass";"13";"14.306667"
"Vinmonopolet";"11877705";"David Duband Gevrey-Chambertin 2017";"David Duband Gevrey-Chambertin";"2017";"1489.9";"1.5";"993.27";"RÃ¸dvin";"Glass";"13";"7.640513"
"Vinmonopolet";"11877802";"David Duband Gevrey-Chambertin";"David Duband Gevrey-Chambertin";"2017";"399.9";"0.38";"1066.4";"RÃ¸dvin";"Glass";"13";"8.095141"
"Vinmonopolet";"11877901";"David Duband LatriciÃ¨res-Chambertin Grand Cru";"David Duband LatriciÃ¨res-Chambertin Grand Cru";"2017";"2919.9";"0.75";"3893.2";"RÃ¸dvin";"Glass";"13";"29.947691"
"Vinmonopolet";"11878001";"David Duband LatriciÃ¨res-Chambertin Grand Cru";"David Duband LatriciÃ¨res-Chambertin Grand Cru";"2011";"2699.9";"0.75";"3599.87";"RÃ¸dvin";"Glass";"13";"27.69128"
"Vinmonopolet";"11878105";"David Duband LatriciÃ¨res-Chambertin Grand Cru";"David Duband LatriciÃ¨res-Chambertin Grand Cru";"2017";"5719.9";"1.5";"3813.27";"RÃ¸dvin";"Glass";"13";"29.33282"
"Vinmonopolet";"11878201";"David Duband Charmes-Chambertin Grand Cru";"David Duband Charmes-Chambertin Grand Cru";"2016";"2320";"0.75";"3093.33";"RÃ¸dvin";"Glass";"13";"23.794872"
"Vinmonopolet";"11878301";"La Sorga Jackie Chan PetNat";"La Sorga Jackie Chan PetNat";"0";"389.9";"0.75";"519.87";"Sparkling white wine";"Glass";"11";"4.7260604"
"Vinmonopolet";"11878401";"La Sorga Jean Claude PetNat";"La Sorga Jean Claude PetNat";"0";"389.9";"0.75";"519.87";"Sparkling white wine";"Glass";"11";"4.7260604"
"Vinmonopolet";"11878501";"La Sorga Yodel Master PetNat";"La Sorga Yodel Master PetNat";"0";"389.9";"0.75";"519.87";"Sparkling white wine";"Glass";"11";"4.7260604"
"Vinmonopolet";"11878601";"La Sorga Pnr PetNat";"La Sorga Pnr PetNat";"0";"419.9";"0.75";"559.87";"Perlende vin, rÃ¸d";"Glass";"11";"5.089697"
"Vinmonopolet";"11878901";"La Sorga Chuck";"La Sorga Chuck";"0";"329.9";"0.75";"439.87";"Perlende vin, rÃ¸d";"Glass";"11";"3.9987879"
"Vinmonopolet";"11879701";"Conde Villar Vinho Verde";"Conde Villar Vinho Verde";"2019";"153.6";"0.75";"204.8";"White wine";"Glass";"10.5";"1.9504763"
"Vinmonopolet";"11879801";"Conde Villar Espumante Bruto Reserva";"Conde Villar Espumante Bruto Reserva";"0";"207.3";"0.75";"276.4";"Sparkling wine";"Glass";"12";"2.3033333"
"Vinmonopolet";"11880401";"Ten. Selvadolce Se...";"Ten. Selvadolce Se...";"0";"412.6";"0.75";"550.13";"RÃ¸dvin";"Glass";"13";"4.231795"
"Vinmonopolet";"11880501";"Ten. Selvadolce Gumbe di Amarai";"Ten. Selvadolce Gumbe di Amarai";"0";"362.5";"0.75";"483.33";"RÃ¸dvin";"Glass";"15";"3.2222223"
"Vinmonopolet";"11880601";"Ten. Selvadolce Crescendo";"Ten. Selvadolce Crescendo";"2018";"299.9";"0.75";"399.87";"White wine";"Glass";"12.5";"3.1989334"
"Vinmonopolet";"11880701";"Ten. Selvadolce Rebosso";"Ten. Selvadolce Rebosso";"2018";"299.9";"0.75";"399.87";"White wine";"Glass";"12.5";"3.1989334"
"Vinmonopolet";"11880802";"Original Long Drink Lemon";"Original Long Drink Lemon";"0";"44.7";"0.33";"135.45";"Other spirit";"Metall";"5.5";"2.4628098"
"Vinmonopolet";"11881002";"Austmann Liquid Lumberjack Imperial Maple-Mocha Stout";"Austmann Liquid Lumberjack Imperial Maple-Mocha Stout";"0";"67.6";"0.33";"204.85";"Porter and stout";"Glass";"10";"2.0484848"
"Vinmonopolet";"11881202";"Austmann Bokassa Captain Cold One NEIPA";"Austmann Bokassa Captain Cold One NEIPA";"0";"74.4";"0.44";"164.55";"India pale ale";"Emballasje med pant";"6.5";"2.6013987"
"Vinmonopolet";"11881305";"Puligny-Montrachet 1er Cru Les FolatiÃ¨res";"Puligny-Montrachet 1er Cru Les FolatiÃ¨res";"2016";"2699.9";"1.5";"1799.93";"White wine";"Glass";"12.5";"14.3994665"
"Vinmonopolet";"11881401";"MartÃ­n CÃ³dax Mara MartÃ­n";"MartÃ­n CÃ³dax Mara MartÃ­n";"2018";"149.9";"0.75";"199.87";"White wine";"Glass";"13";"1.5374359"
"Vinmonopolet";"11881501";"SolhÃ¸i Cider Nothing CompÃ¦res";"SolhÃ¸i Cider Nothing CompÃ¦res";"0";"189.9";"0.75";"253.2";"Cider";"Glass";"7.5";"3.376"
"Vinmonopolet";"11881601";"SolhÃ¸i Cider Eple s'krig";"SolhÃ¸i Cider Eple s'krig";"0";"194.1";"0.75";"258.8";"Cider";"Glass";"7.5";"3.4506667"
"Vinmonopolet";"11881701";"SolhÃ¸i Cider Ildkvede";"SolhÃ¸i Cider Ildkvede";"0";"179.9";"0.75";"239.87";"Cider";"Glass";"7.5";"3.1982222"
"Vinmonopolet";"11881801";"SolhÃ¸i Cider Flytende solskinn";"SolhÃ¸i Cider Flytende solskinn";"0";"179.9";"0.75";"239.87";"Cider";"Glass";"7.5";"3.1982222"
"Vinmonopolet";"11881901";"SolhÃ¸i Cider Plump";"SolhÃ¸i Cider Plump";"0";"219.9";"0.75";"293.2";"Cider";"Glass";"9.5";"3.0863156"
"Vinmonopolet";"11882101";"Marsuret Rive di Guia Valdobbiadene Prosecco Superiore Brut";"Marsuret Rive di Guia Valdobbiadene Prosecco Superiore Brut";"2019";"189.9";"0.75";"253.2";"Sparkling wine";"Glass";"11.5";"2.201739"
"Vinmonopolet";"11882201";"Marsuret CuvÃ©e Maria RosÃ© Brut";"Marsuret CuvÃ©e Maria RosÃ© Brut";"2019";"179.9";"0.75";"239.87";"Musserende vin, rosÃ©";"Glass";"11.5";"2.085797"
"Vinmonopolet";"11882301";"Ch. Saint Martin de la Garrigue Cuvee Pomponette Chardonnay - Sauvignon";"Ch. Saint Martin de la Garrigue Cuvee Pomponette Chardonnay - Sauvignon";"2019";"158.3";"0.75";"211.07";"White wine";"Glass";"14.1";"1.4969267"
"Vinmonopolet";"11882401";"Ch. Saint Martin de la Garrigue Cuvee Pomponette Cabernet Sauvignon";"Ch. Saint Martin de la Garrigue Cuvee Pomponette Cabernet Sauvignon";"2019";"158";"0.75";"210.67";"RÃ¸dvin";"Glass";"14.4";"1.462963"
"Vinmonopolet";"11882801";"Azul y Garanza Arena";"Azul y Garanza Arena";"2018";"179.9";"0.75";"239.87";"RÃ¸dvin";"Glass";"13.5";"1.77679"
"Vinmonopolet";"11883001";"Koehler-Ruprecht Kallstadter Saumagen Riesling Kabinett Trocken 2018";"Koehler-Ruprecht Kallstadter Saumagen Riesling Kabinett Trocken";"2018";"304";"0.75";"405.33";"White wine";"Glass";"12";"3.3777778"
"Vinmonopolet";"11883101";"Koehler-Ruprecht SpÃ¤tburgunder Kabinett Trocken 2017";"Koehler-Ruprecht SpÃ¤tburgunder Kabinett Trocken";"2017";"284";"0.75";"378.67";"RÃ¸dvin";"Glass";"12";"3.1555555"
"Vinmonopolet";"11883201";"Koehler-Ruprecht Weisser Burgunder Kabinett Trocken 2018";"Koehler-Ruprecht Weisser Burgunder Kabinett Trocken";"2018";"259";"0.75";"345.33";"White wine";"Glass";"12.5";"2.7626667"
"Vinmonopolet";"11883301";"Koehler-Ruprecht Kallstadter Saumagen Riesling SpÃ¤tlese Trocken 2018";"Koehler-Ruprecht Kallstadter Saumagen Riesling SpÃ¤tlese Trocken";"2018";"379";"0.75";"505.33";"White wine";"Glass";"12.5";"4.0426664"
"Vinmonopolet";"11883401";"Pequenos Rebentos Vinho Verde Ã Moda Antiga Reserva 2018";"Pequenos Rebentos Vinho Verde Ã Moda Antiga Reserva";"2018";"309";"0.75";"412";"White wine";"Glass";"12.5";"3.296"
"Vinmonopolet";"11883501";"Pequenos Rebentos AtlÃ¢ntico Reserva Tinto 2018";"Pequenos Rebentos AtlÃ¢ntico Reserva Tinto";"2018";"314";"0.75";"418.67";"RÃ¸dvin";"Glass";"12";"3.488889"
"Vinmonopolet";"11883601";"Pequenos Rebentos Loureiro 2018";"Pequenos Rebentos Loureiro";"2018";"209";"0.75";"278.67";"White wine";"Glass";"11.5";"2.4231884"
"Vinmonopolet";"11883701";"Pequenos Rebentos Alvarinho 2018";"Pequenos Rebentos Alvarinho";"2018";"254";"0.75";"338.67";"White wine";"Glass";"13";"2.6051283"
"Vinmonopolet";"11883801";"Immich-Batterieberg Steffensberg Riesling 2016";"Immich-Batterieberg Steffensberg Riesling";"2016";"389";"0.75";"518.67";"White wine";"Glass";"11.5";"4.5101447"
"Vinmonopolet";"11883901";"Immich-Batterieberg Cai Riesling Kabinett Trocken 2018";"Immich-Batterieberg Cai Riesling Kabinett Trocken";"2018";"259";"0.75";"345.33";"White wine";"Glass";"11.5";"3.0028985"
"Vinmonopolet";"11884001";"Immich-Batterieberg Escheburg Riesling 2018";"Immich-Batterieberg Escheburg Riesling";"2018";"329";"0.75";"438.67";"White wine";"Glass";"12";"3.6555555"
"Vinmonopolet";"11884101";"Immich-Batterieberg Monteneubel SpÃ¤tburgunder 2013";"Immich-Batterieberg Monteneubel SpÃ¤tburgunder";"2013";"419";"0.75";"558.67";"RÃ¸dvin";"Glass";"10.5";"5.320635"
"Vinmonopolet";"11884201";"Immich-Batterieberg Ellergrub Riesling 2014";"Immich-Batterieberg Ellergrub Riesling";"2014";"479";"0.75";"638.67";"White wine";"Glass";"12";"5.322222"
"Vinmonopolet";"11884301";"Renardat-Fache Bugey Cerdon 2019";"Renardat-Fache Bugey Cerdon";"2019";"269";"0.75";"358.67";"Sparkling wine";"Glass";"8";"4.483333"
"Vinmonopolet";"11884401";"Immich-Batterieberg Detonation Riesling 2018";"Immich-Batterieberg Detonation Riesling";"2018";"299";"0.75";"398.67";"White wine";"Glass";"12";"3.3222222"
"Vinmonopolet";"11886201";"Berton Vineyards The Vermentino 2019";"Berton Vineyards The Vermentino";"2019";"135";"0.75";"180";"White wine";"Glass";"12";"1.5"
"Vinmonopolet";"11886301";"San Guido Le Difese";"San Guido Le Difese";"2016";"299.9";"0.75";"399.87";"RÃ¸dvin";"Glass";"13.5";"2.9619753"
"Vinmonopolet";"11886401";"Veuve Ambal CrÃ©mant de Bourgogne RosÃ© Brut";"Veuve Ambal CrÃ©mant de Bourgogne RosÃ© Brut";"0";"179.9";"0.75";"239.87";"Musserende vin, rosÃ©";"Glass";"12";"1.9988889"
"Vinmonopolet";"11886501";"Springfield Estate AlbariÃ±o";"Springfield Estate AlbariÃ±o";"2019";"245";"0.75";"326.67";"White wine";"Glass";"13.5";"2.419753"
"Vinmonopolet";"11886601";"Borga Chardonnay";"Borga Chardonnay";"2018";"174.1";"0.75";"232.13";"White wine";"Glass";"13";"1.7856411"
"Vinmonopolet";"11886801";"Borga Sauvignon";"Borga Sauvignon";"2018";"169.1";"0.75";"225.47";"White wine";"Glass";"12.5";"1.8037333"
"Vinmonopolet";"11886901";"Borga Pinot Grigio";"Borga Pinot Grigio";"2018";"169.1";"0.75";"225.47";"White wine";"Glass";"12.5";"1.8037333"
"Vinmonopolet";"11888502";"Bivrost Niflheim Arctic Single Malt Whisky";"Bivrost Niflheim Arctic Single Malt Whisky";"0";"699.9";"0.5";"1399.8";"Whisky";"Glass";"46";"3.0430436"
"Vinmonopolet";"11888602";"Jose Cuervo Especial Silver";"Jose Cuervo Especial Silver";"0";"294.9";"0.5";"589.8";"Fruit spirit";"Glass";"38";"1.5521052"
"Vinmonopolet";"11888707";"David Duband Bourgogne Hautes CÃ´tes De Nuits Louis Auguste";"David Duband Bourgogne Hautes CÃ´tes De Nuits Louis Auguste";"2017";"1744.9";"3";"581.63";"RÃ¸dvin";"Glass";"13";"4.4741025"
"Vinmonopolet";"11888801";"David Duband Clos De La Roche Grand Cru";"David Duband Clos De La Roche Grand Cru";"2016";"1910";"0.75";"2546.67";"RÃ¸dvin";"Glass";"13";"19.589743"
"Vinmonopolet";"11888907";"David Duband Gevrey-Chambertin";"David Duband Gevrey-Chambertin";"2017";"2979.9";"3";"993.3";"RÃ¸dvin";"Glass";"13";"7.640769"
"Vinmonopolet";"11889001";"David Duband Clos Vougeot Grand Cru";"David Duband Clos Vougeot Grand Cru";"2016";"1910";"0.75";"2546.67";"RÃ¸dvin";"Glass";"13";"19.589743"
"Vinmonopolet";"11889101";"Mont-Redon CÃ´tes du RhÃ´ne RÃ©serve";"Mont-Redon CÃ´tes du RhÃ´ne RÃ©serve";"2018";"187.8";"0.75";"250.4";"RÃ¸dvin";"Glass";"14.5";"1.7268965"
"Vinmonopolet";"11889201";"Mont-Redon CÃ´tes du RhÃ´ne RÃ©serve";"Mont-Redon CÃ´tes du RhÃ´ne RÃ©serve";"2018";"189.5";"0.75";"252.67";"White wine";"Glass";"13.5";"1.8716049"
"Vinmonopolet";"11889301";"Le Rive Trevenezie MÃ¼ller Thurgau";"Le Rive Trevenezie MÃ¼ller Thurgau";"2019";"149.1";"0.75";"198.8";"White wine";"Glass";"13";"1.5292308"
"Vinmonopolet";"11889401";"Le Rive A-Mors";"Le Rive A-Mors";"2018";"144.2";"0.75";"192.27";"White wine";"Glass";"13";"1.4789743"
"Vinmonopolet";"11889501";"Le Rive Malbech";"Le Rive Malbech";"2018";"148.6";"0.75";"198.13";"RÃ¸dvin";"Glass";"13.5";"1.4676543"
"Vinmonopolet";"11889701";"Roberto Cavalli Vodka & Coconut";"Roberto Cavalli Vodka & Coconut";"0";"697.6";"1";"697.6";"Vodka";"Glass";"40";"1.744"
"Vinmonopolet";"11889801";"Roberto Cavalli Vodka & AÃ§ai";"Roberto Cavalli Vodka & AÃ§ai";"0";"697.6";"1";"697.6";"Vodka";"Glass";"40";"1.744"
"Vinmonopolet";"11889901";"Roberto Cavalli Vodka & Coffee";"Roberto Cavalli Vodka & Coffee";"0";"697.6";"1";"697.6";"Vodka";"Glass";"40";"1.744"
"Vinmonopolet";"11890001";"Ginarte Frida Kahlo";"Ginarte Frida Kahlo";"0";"539.1";"0.7";"770.14";"Gin";"Glass";"43.5";"1.7704433"
"Vinmonopolet";"11890101";"Bayanegra Brut";"Bayanegra Brut";"0";"99.5";"0.75";"132.67";"Sparkling wine";"Glass";"11.5";"1.1536232"
"Vinmonopolet";"11890205";"Dom. Pingus Psi 2017";"Dom. Pingus Psi";"2017";"1107.1";"1.5";"738.07";"RÃ¸dvin";"Glass";"14";"5.2719045"
"Vinmonopolet";"11890301";"Borga Merlot";"Borga Merlot";"2018";"174.1";"0.75";"232.13";"RÃ¸dvin";"Glass";"13";"1.7856411"
"Vinmonopolet";"11890401";"Borga Prosecco Trevisio Brut Millesimato";"Borga Prosecco Trevisio Brut Millesimato";"2019";"189";"0.75";"252";"Sparkling wine";"Glass";"11.5";"2.1913044"
"Vinmonopolet";"11890501";"Borga Pinot Grigio Millesimato 2018";"Borga Pinot Grigio Millesimato";"2018";"179.1";"0.75";"238.8";"Sparkling wine";"Glass";"12";"1.99"
"Vinmonopolet";"11890701";"Las Palmeras Monterey County Red blend";"Las Palmeras Monterey County Red blend";"2014";"199.6";"0.75";"266.13";"RÃ¸dvin";"Glass";"13.5";"1.9713581"
"Vinmonopolet";"11890801";"Esser Monterey County Chardonnay";"Esser Monterey County Chardonnay";"2015";"199.6";"0.75";"266.13";"White wine";"Glass";"13.5";"1.9713581"
"Vinmonopolet";"11891401";"Gravillas A Fleur de Peau 2018";"Gravillas A Fleur de Peau";"2018";"274.9";"0.75";"366.53";"White wine";"Glass";"13.5";"2.7150617"
"Vinmonopolet";"11891501";"Gravillas Sous les Cailloux des Grillons 2019";"Gravillas Sous les Cailloux des Grillons";"2019";"204.9";"0.75";"273.2";"RÃ¸dvin";"Glass";"13.5";"2.0237036"
"Vinmonopolet";"11891601";"Chermette Beaujolais Origine Vieilles Vignes";"Chermette Beaujolais Origine Vieilles Vignes";"2018";"238.8";"0.75";"318.4";"RÃ¸dvin";"Glass";"13.5";"2.3585186"
"Vinmonopolet";"11891801";"Riffel Binger Mariage SpÃ¤tburgunder Trocken";"Riffel Binger Mariage SpÃ¤tburgunder Trocken";"2015";"280.9";"0.75";"374.53";"RÃ¸dvin";"Glass";"13";"2.8810256"
"Vinmonopolet";"11891901";"Max Mann Pinot Noir";"Max Mann Pinot Noir";"2018";"159";"0.75";"212";"RÃ¸dvin";"Glass";"13.5";"1.5703703"
"Vinmonopolet";"11892101";"Anteroz Mamajuana Sensual";"Anteroz Mamajuana Sensual";"0";"540";"0.7";"771.43";"Other spirit";"Glass";"30";"2.5714285"
"Vinmonopolet";"11892201";"Mabis Midnight Sun Prosecco";"Mabis Midnight Sun Prosecco";"0";"205";"0.75";"273.33";"Sparkling wine";"Glass";"11";"2.4848485"
"Vinmonopolet";"11892301";"Anteroz Ron Dorado";"Anteroz Ron Dorado";"0";"555";"0.7";"792.86";"Rum";"Glass";"38";"2.0864663"
"Vinmonopolet";"11892401";"Anteroz Mamajuana Tradicional";"Anteroz Mamajuana Tradicional";"0";"540";"0.7";"771.43";"Other spirit";"Glass";"30";"2.5714285"
"Vinmonopolet";"11892501";"Anteroz Ron Mellow";"Anteroz Ron Mellow";"0";"545";"0.7";"778.57";"Rum";"Glass";"38";"2.0488722"
"Vinmonopolet";"11892801";"Cascina Allegria Siesta Piemonte Rosato";"Cascina Allegria Siesta Piemonte Rosato";"2019";"199.9";"0.75";"266.53";"RosÃ©vin";"Glass";"13.5";"1.9743209"
"Vinmonopolet";"11892901";"August Eser Riesling Sekt brut";"August Eser Riesling Sekt brut";"0";"264.8";"0.75";"353.07";"Sparkling wine";"Glass";"12.5";"2.8245332"
"Vinmonopolet";"11893001";"Ch. Les Crostes CuvÃ©e Traditionnelle RosÃ© 2019";"Ch. Les Crostes CuvÃ©e Traditionnelle RosÃ©";"2019";"229.9";"0.75";"306.53";"RosÃ©vin";"Glass";"13";"2.3579485"
"Vinmonopolet";"11893101";"Dom. La Suffrene Rouge";"Dom. La Suffrene Rouge";"2019";"161";"0.75";"214.67";"RÃ¸dvin";"Glass";"13.5";"1.5901234"
"Vinmonopolet";"11893301";"Jules Lebegue Les Pontons du Ferret RosÃ© 2019";"Jules Lebegue Les Pontons du Ferret RosÃ©";"2019";"139.9";"0.75";"186.53";"RosÃ©vin";"Glass";"12";"1.5544444"
"Vinmonopolet";"11893401";"Famille Paquet Chardonnay";"Famille Paquet Chardonnay";"2018";"114.9";"0.75";"153.2";"White wine";"Glass";"13";"1.1784616"
"Vinmonopolet";"11893605";"Jacquesson AÃ¿ Vauzelle Terme";"Jacquesson AÃ¿ Vauzelle Terme";"2008";"4049.9";"1.5";"2699.93";"Champagne extra brut";"Glass";"12.5";"21.599466"
"Vinmonopolet";"11893701";"Spagnol Rive di Solighetto Valdobbiadene Brut";"Spagnol Rive di Solighetto Valdobbiadene Brut";"2018";"218";"0.75";"290.67";"Sparkling wine";"Glass";"11.5";"2.5275362"
"Vinmonopolet";"11893801";"Spagnol Quindici16 Valdobbiadene Dosaggio Zero";"Spagnol Quindici16 Valdobbiadene Dosaggio Zero";"2018";"238.4";"0.75";"317.87";"Sparkling wine";"Glass";"11.5";"2.7640579"
"Vinmonopolet";"11893901";"Truant Prosecco Millesimato Extra Dry";"Truant Prosecco Millesimato Extra Dry";"2018";"159.9";"0.75";"213.2";"Sparkling wine";"Glass";"11";"1.9381818"
"Vinmonopolet";"11894001";"Truant Prosecco Millesimato Brut";"Truant Prosecco Millesimato Brut";"2018";"159.9";"0.75";"213.2";"Sparkling wine";"Glass";"11";"1.9381818"
"Vinmonopolet";"11894101";"Truant RosÃ©";"Truant RosÃ©";"2018";"175";"0.75";"233.33";"Musserende vin, rosÃ©";"Glass";"11";"2.121212"
"Vinmonopolet";"11894201";"Truant 616 Lime Brut";"Truant 616 Lime Brut";"2018";"186";"0.75";"248";"Sparkling wine";"Glass";"11";"2.2545455"
"Vinmonopolet";"11894301";"Truant Blue Diamond Extra Dry";"Truant Blue Diamond Extra Dry";"2018";"169.9";"0.75";"226.53";"Sparkling wine";"Glass";"11";"2.059394"
"Vinmonopolet";"11894901";"Kimerud Botanisk Gin";"Kimerud Botanisk Gin";"0";"499.9";"0.7";"714.14";"Gin";"Glass";"42.2";"1.6922816"
"Vinmonopolet";"11895301";"Ami Gaminot";"Ami Gaminot";"2018";"279";"0.75";"372";"RÃ¸dvin";"Glass";"12";"3.1"
"Vinmonopolet";"11895401";"Ami Bourgogne blanc 2018";"Ami Bourgogne blanc";"2018";"338";"0.75";"450.67";"White wine";"Glass";"12.5";"3.6053333"
"Vinmonopolet";"11895501";"Ami CÃ´te de Beaune 2018";"Ami CÃ´te de Beaune";"2018";"369";"0.75";"492";"White wine";"Glass";"12.5";"3.936"
"Vinmonopolet";"11895901";"Baileys Strawberries & Cream";"Baileys Strawberries & Cream";"0";"289.9";"0.7";"414.14";"LikÃ¸r";"Glass";"17";"2.4361343"
"Vinmonopolet";"11896001";"CuvÃ©e dei Frati Brut";"CuvÃ©e dei Frati Brut";"2020";"249";"0.75";"332";"Sparkling wine";"Glass";"13";"2.5538461"
"Vinmonopolet";"11896101";"CuvÃ©e dei Frati Brut RosÃ©";"CuvÃ©e dei Frati Brut RosÃ©";"2020";"289";"0.75";"385.33";"Musserende vin, rosÃ©";"Glass";"13";"2.9641025"
"Vinmonopolet";"11896201";"No.1 Old Caribbean Exotic";"No.1 Old Caribbean Exotic";"2020";"298.8";"0.7";"426.86";"Other spirit";"Glass";"32";"1.3339286"
"Vinmonopolet";"11896301";"Tapada de Villar Tinto";"Tapada de Villar Tinto";"2018";"191.4";"0.75";"255.2";"RÃ¸dvin";"Glass";"14";"1.8228571"
"Vinmonopolet";"11896401";"Conde Villar Vinho Verde RosÃ©";"Conde Villar Vinho Verde RosÃ©";"2019";"161.1";"0.75";"214.8";"RosÃ©vin";"Glass";"11.5";"1.8678261"
"Vinmonopolet";"11897501";"Itsasmendi 2018";"Itsasmendi";"2018";"199.5";"0.75";"266";"White wine";"Glass";"13.5";"1.9703704"
"Vinmonopolet";"11897601";"Zacapa Limitada Solera Gran Reserva";"Zacapa Limitada Solera Gran Reserva";"2019";"999.9";"0.7";"1428.43";"Rum";"Glass";"45";"3.174286"
"Vinmonopolet";"11897701";"La Galope Sauvignon Blanc";"La Galope Sauvignon Blanc";"2019";"129.9";"0.75";"173.2";"White wine";"Glass";"12";"1.4433333"
"Vinmonopolet";"11898503";"Blossom Gin Gran Reserva";"Blossom Gin Gran Reserva";"0";"58.4";"0.05";"1168";"Gin";"Plast";"40";"2.92"
"Vinmonopolet";"11898603";"Blossom Gin Distilled Peach";"Blossom Gin Distilled Peach";"0";"58.2";"0.05";"1164";"Gin";"Plast";"45";"2.5866666"
"Vinmonopolet";"11898703";"Blossom London Dry Gin";"Blossom London Dry Gin";"0";"58.3";"0.05";"1166";"Gin";"Plast";"44";"2.6499999"
"Vinmonopolet";"11898802";"San Crispino Rosato";"San Crispino Rosato";"0";"84.9";"0.5";"169.8";"RosÃ©vin";"Ãvrig";"12.5";"1.3584"
"Vinmonopolet";"11898901";"Famille Vincent CrÃ©mant de Bourgogne";"Famille Vincent CrÃ©mant de Bourgogne";"0";"199.9";"0.75";"266.53";"Sparkling wine";"Glass";"12.5";"2.1322665"
"Vinmonopolet";"11899101";"Ackerman CrÃ©mant de Loire";"Ackerman CrÃ©mant de Loire";"0";"189.9";"0.75";"253.2";"Sparkling wine";"Glass";"12";"2.11"
"Vinmonopolet";"11899201";"Francis Ford Coppola Grazie Mille";"Francis Ford Coppola Grazie Mille";"2017";"249.9";"0.75";"333.2";"RÃ¸dvin";"Glass";"14";"2.3799999"
"Vinmonopolet";"11899702";"Los Tres ToÃ±os AÃ±ejo";"Los Tres ToÃ±os AÃ±ejo";"0";"549.9";"0.5";"1099.8";"Fruit spirit";"Glass";"38";"2.8942106"
"Vinmonopolet";"11899901";"Deltetto SuasÃ¬ Rosato 2019";"Deltetto SuasÃ¬ Rosato";"2019";"179.5";"0.75";"239.33";"RosÃ©vin";"Glass";"12.5";"1.9146667"
"Vinmonopolet";"11900005";"Love by LÃ©oube 2019";"Love by LÃ©oube";"2019";"439";"1.5";"292.67";"RosÃ©vin";"Glass";"12.5";"2.3413334"
"Vinmonopolet";"11900201";"Altavins Almodi 2018";"Altavins Almodi";"2018";"199.4";"0.75";"265.87";"RÃ¸dvin";"Glass";"14.5";"1.8335632"
"Vinmonopolet";"11900401";"Altavins IlercavÃ²nia";"Altavins IlercavÃ²nia";"2018";"200.1";"0.75";"266.8";"White wine";"Glass";"13.5";"1.9762963"
"Vinmonopolet";"11900601";"Brasserie du Mont Blanc La Blonde";"Brasserie du Mont Blanc La Blonde";"0";"116.1";"0.75";"154.8";"Light ale";"Glass";"5.8";"2.6689653"
"Vinmonopolet";"11900701";"Brasserie du Mont Blanc Triple Epices";"Brasserie du Mont Blanc Triple Epices";"0";"119.6";"0.75";"159.47";"Red/amber";"Glass";"7.2";"2.214815"
"Vinmonopolet";"11900801";"Brasserie du Mont Blanc La Rousse";"Brasserie du Mont Blanc La Rousse";"0";"120.4";"0.75";"160.53";"Red/amber";"Glass";"6.5";"2.4697437"
"Vinmonopolet";"11900901";"Brasserie du Mont Blanc Sylvanus Blonde";"Brasserie du Mont Blanc Sylvanus Blonde";"0";"119.9";"0.75";"159.87";"Light ale";"Glass";"6.9";"2.3169081"
"Vinmonopolet";"11901001";"Brasserie du Mont Blanc Sylvanus Triple";"Brasserie du Mont Blanc Sylvanus Triple";"0";"126.9";"0.75";"169.2";"Light ale";"Glass";"8.3";"2.0385542"
"Vinmonopolet";"11901101";"Comte Georges de VogÃ¼Ã© Chambolle-Musigny";"Comte Georges de VogÃ¼Ã© Chambolle-Musigny";"2017";"1749.9";"0.75";"2333.2";"RÃ¸dvin";"Glass";"13";"17.947693"
"Vinmonopolet";"11901201";"Arinto dos AÃ§ores 2018";"Arinto dos AÃ§ores";"2018";"294";"0.75";"392";"White wine";"Glass";"12.5";"3.136"
"Vinmonopolet";"11901301";"Azores VulcÃ¢nico Branco 2018";"Azores VulcÃ¢nico Branco";"2018";"242";"0.75";"322.67";"White wine";"Glass";"12.5";"2.5813334"
"Vinmonopolet";"11901501";"Dom. de Nizas Le Clos Terroir Basalte";"Dom. de Nizas Le Clos Terroir Basalte";"2019";"154.9";"0.75";"206.53";"RosÃ©vin";"Glass";"13.5";"1.5298765"
"Vinmonopolet";"11901601";"Weing. Am Stein Silvaner";"Weing. Am Stein Silvaner";"2019";"189.9";"0.75";"253.2";"White wine";"Glass";"12.5";"2.0256"
"Vinmonopolet";"11901701";"Foillard Beaujolais Villages";"Foillard Beaujolais Villages";"2019";"225";"0.75";"300";"RÃ¸dvin";"Glass";"13";"2.3076923"
"Vinmonopolet";"11901801";"Heger Pinot Noir";"Heger Pinot Noir";"2018";"151.1";"0.75";"201.47";"RÃ¸dvin";"Glass";"12.5";"1.6117334"
"Vinmonopolet";"11901901";"Foillard CÃ´te de Brouilly";"Foillard CÃ´te de Brouilly";"2018";"294.8";"0.75";"393.07";"RÃ¸dvin";"Glass";"13.5";"2.911605"
"Vinmonopolet";"11902001";"Clunia Albillo";"Clunia Albillo";"2018";"239.9";"0.75";"319.87";"White wine";"Glass";"13";"2.4605129"
"Vinmonopolet";"11902101";"Clunia Syrah";"Clunia Syrah";"2015";"249.9";"0.75";"333.2";"RÃ¸dvin";"Glass";"14.9";"2.2362416"
"Vinmonopolet";"11902201";"Clunia Tempranillo";"Clunia Tempranillo";"2014";"249.9";"0.75";"333.2";"RÃ¸dvin";"Glass";"14.9";"2.2362416"
"Vinmonopolet";"11902301";"Porzelt KlingenmÃ¼nster Kirchberg Weisser Burgunder";"Porzelt KlingenmÃ¼nster Kirchberg Weisser Burgunder";"2017";"299.2";"0.75";"398.93";"White wine";"Glass";"13.5";"2.955062"
"Vinmonopolet";"11902401";"Engel Goldberg Riesling";"Engel Goldberg Riesling";"2017";"240";"0.75";"320";"White wine";"Glass";"12.5";"2.56"
"Vinmonopolet";"11902506";"Bijou Le Chic";"Bijou Le Chic";"0";"279.9";"1.5";"186.6";"RosÃ©vin";"Pouch";"13";"1.4353846"
"Vinmonopolet";"11903501";"Henners Native Grace";"Henners Native Grace";"2018";"249.9";"0.75";"333.2";"RosÃ©vin";"Glass";"11";"3.029091"
"Vinmonopolet";"11903701";"Lemaire Champagne RosÃ© ReservÃ© Brut";"Lemaire Champagne RosÃ© ReservÃ© Brut";"0";"500";"0.75";"666.67";"Champagne, rosÃ©";"Glass";"12";"5.5555553"
"Vinmonopolet";"11903801";"Segni di Langa Pel-A-Verga 2019";"Segni di Langa Pel-A-Verga";"2019";"248";"0.75";"330.67";"RÃ¸dvin";"Glass";"13.5";"2.4493828"
"Vinmonopolet";"11903901";"Giacometto Autocton Erbaluce di Caluso 2016";"Giacometto Autocton Erbaluce di Caluso";"2016";"282";"0.75";"376";"White wine";"Glass";"13";"2.8923078"
"Vinmonopolet";"11904001";"Vincent Gaudry Sancerre A Mi-Chemin";"Vincent Gaudry Sancerre A Mi-Chemin";"2017";"1143";"0.75";"1524";"White wine";"Glass";"13";"11.723077"
"Vinmonopolet";"11904101";"Vincent Gaudry Sancerre Le Tournebride";"Vincent Gaudry Sancerre Le Tournebride";"2018";"329.6";"0.75";"439.47";"White wine";"Glass";"14";"3.1390476"
"Vinmonopolet";"11904201";"Vincent Gaudry Sancerre Pour Vous";"Vincent Gaudry Sancerre Pour Vous";"2017";"871";"0.75";"1161.33";"White wine";"Glass";"13";"8.933333"
"Vinmonopolet";"11904301";"Knoll Riesling Loibner Smaragd 2017";"Knoll Riesling Loibner Smaragd";"2017";"438.1";"0.75";"584.13";"White wine";"Glass";"13";"4.4933333"
"Vinmonopolet";"11904401";"Knoll Ried Kreutles Loibner GrÃ¼ner Veltliner Smaragd 2017";"Knoll Ried Kreutles Loibner GrÃ¼ner Veltliner Smaragd";"2017";"438.1";"0.75";"584.13";"White wine";"Glass";"13";"4.4933333"
"Vinmonopolet";"11904501";"Knoll Loibner Riesling Federspiel 2018";"Knoll Loibner Riesling Federspiel";"2018";"323";"0.75";"430.67";"White wine";"Glass";"12";"3.588889"
"Vinmonopolet";"11904604";"Destination France RosÃ©";"Destination France RosÃ©";"2019";"55";"0.25";"220";"RosÃ©vin";"Metall";"12";"1.8333334"
"Vinmonopolet";"11904706";"Destination Bordeaux RosÃ©";"Destination Bordeaux RosÃ©";"2019";"465";"3";"155";"RosÃ©vin";"Bag-in-box";"12";"1.2916666"
"Vinmonopolet";"11905201";"Gladkokken CrÃ©mante de Bourgogne";"Gladkokken CrÃ©mante de Bourgogne";"2018";"169.9";"0.75";"226.53";"Sparkling wine";"Glass";"12.5";"1.8122666"
"Vinmonopolet";"11905401";"Fratelli Ribelli Piemonte Barbera";"Fratelli Ribelli Piemonte Barbera";"2019";"124.9";"0.75";"166.53";"RÃ¸dvin";"Glass";"12.5";"1.3322667"
"Vinmonopolet";"11905501";"Gladkokken French Chardonnay";"Gladkokken French Chardonnay";"2019";"124.9";"0.75";"166.53";"White wine";"Glass";"12.5";"1.3322667"
"Vinmonopolet";"11905601";"Gladkokken Garnacha";"Gladkokken Garnacha";"2019";"139.9";"0.75";"186.53";"RÃ¸dvin";"Glass";"13.5";"1.3817283"
"Vinmonopolet";"11905701";"Weing. Full Riesling Kalkstein";"Weing. Full Riesling Kalkstein";"2018";"159.8";"0.75";"213.07";"White wine";"Glass";"11.5";"1.8527536"
"Vinmonopolet";"11905801";"Weingut Full MÃ¼ller-Thurgau Felsenthron";"Weingut Full MÃ¼ller-Thurgau Felsenthron";"2018";"159.9";"0.75";"213.2";"White wine";"Glass";"12";"1.7766666"
"Vinmonopolet";"11905901";"Weing. Full Scheurebe Wonderfull";"Weing. Full Scheurebe Wonderfull";"2018";"219.9";"0.75";"293.2";"White wine";"Glass";"12.5";"2.3456"
"Vinmonopolet";"11906001";"Weing. Full Zellerweg Am Schwarzen Herrgott Riesling";"Weing. Full Zellerweg Am Schwarzen Herrgott Riesling";"2018";"219.6";"0.75";"292.8";"White wine";"Glass";"12.5";"2.3424"
"Vinmonopolet";"11906101";"Burlotto Barbera d'Alba Aves";"Burlotto Barbera d'Alba Aves";"2018";"345";"0.75";"460";"RÃ¸dvin";"Glass";"15";"3.0666666"
"Vinmonopolet";"11906201";"Ca'Rugate Nudo Valpolicella";"Ca'Rugate Nudo Valpolicella";"2019";"189.9";"0.75";"253.2";"RÃ¸dvin";"Glass";"12.5";"2.0256"
"Vinmonopolet";"11906801";"Cavalier Pepe Bianco di Bellona 2019";"Cavalier Pepe Bianco di Bellona";"2019";"174.9";"0.75";"233.2";"White wine";"Glass";"13";"1.7938461"
"Vinmonopolet";"11906901";"Cavalier Pepe Vela Vento Vulcano 2019";"Cavalier Pepe Vela Vento Vulcano";"2019";"184.9";"0.75";"246.53";"RosÃ©vin";"Glass";"12.5";"1.9722666"
"Vinmonopolet";"11907401";"Copper Dog Blended Malt Scotch Whisky";"Copper Dog Blended Malt Scotch Whisky";"0";"429.9";"0.7";"614.14";"Whisky";"Glass";"40";"1.5353571"
"Vinmonopolet";"11907501";"Villa Ascenti Gin";"Villa Ascenti Gin";"0";"539.9";"0.7";"771.29";"Gin";"Glass";"41";"1.8811848"
"Vinmonopolet";"11907601";"Viberti La Gemella Rosata 2019";"Viberti La Gemella Rosata";"2019";"169.9";"0.75";"226.53";"RosÃ©vin";"Glass";"12";"1.8877777"
"Vinmonopolet";"11907701";"Pagano Fiano di Avellino 2019";"Pagano Fiano di Avellino";"2019";"179.9";"0.75";"239.87";"White wine";"Glass";"12.5";"1.9189333"
"Vinmonopolet";"11909201";"JÃ¤germeister Manifest";"JÃ¤germeister Manifest";"0";"749.9";"1";"749.9";"LikÃ¸r";"Glass";"38";"1.9734211"
"Vinmonopolet";"11909301";"Ghiomo Lavai Barbera d'Alba 2018";"Ghiomo Lavai Barbera d'Alba";"2018";"229";"0.75";"305.33";"RÃ¸dvin";"Glass";"14.8";"2.0630631"
"Vinmonopolet";"11909401";"Ghiomo Inprimis Langhe Arneis 2019";"Ghiomo Inprimis Langhe Arneis";"2019";"229.5";"0.75";"306";"White wine";"Glass";"14.4";"2.125"
"Vinmonopolet";"11909501";"Ghiomo Vigna Granda Langhe Nebbiolo 2018";"Ghiomo Vigna Granda Langhe Nebbiolo";"2018";"249.6";"0.75";"332.8";"RÃ¸dvin";"Glass";"14.8";"2.2486486"
"Vinmonopolet";"11909601";"Ghiomo Ruit-Hora Barbera d'Alba Superiore";"Ghiomo Ruit-Hora Barbera d'Alba Superiore";"2018";"309";"0.75";"412";"RÃ¸dvin";"Glass";"15";"2.7466667"
"Vinmonopolet";"11909701";"Ghiomo Sansteu Primo Nebbiolo d'Alba 2012";"Ghiomo Sansteu Primo Nebbiolo d'Alba";"2012";"399";"0.75";"532";"RÃ¸dvin";"Glass";"14.2";"3.746479"
"Vinmonopolet";"11909801";"Ghiomo Sansteu Nebbiolo d'Alba Superiore 2017";"Ghiomo Sansteu Nebbiolo d'Alba Superiore";"2017";"295";"0.75";"393.33";"RÃ¸dvin";"Glass";"14";"2.8095238"
"Vinmonopolet";"11910201";"Chermette CrÃ©mant de Bourgogne Blanc de Blancs Brut";"Chermette CrÃ©mant de Bourgogne Blanc de Blancs Brut";"0";"249";"0.75";"332";"Sparkling wine";"Glass";"12";"2.7666667"
"Vinmonopolet";"11910301";"Chermette Beaujolais Griottes RosÃ© 2019";"Chermette Beaujolais Griottes RosÃ©";"2019";"229";"0.75";"305.33";"RosÃ©vin";"Glass";"14";"2.1809523"
"Vinmonopolet";"11910401";"Conde de Cuba Ron Artesanal Cubano 7";"Conde de Cuba Ron Artesanal Cubano 7";"0";"749";"0.7";"1070";"Rum";"Glass";"38";"2.8157895"
"Vinmonopolet";"11910501";"Conde de Cuba Ron Extra AÃ±ejo 15 aÃ±os";"Conde de Cuba Ron Extra AÃ±ejo 15 aÃ±os";"0";"996";"0.7";"1422.86";"Rum";"Glass";"38";"3.744361"
"Vinmonopolet";"11910701";"Demonio de los Andes Pisco Quebranta";"Demonio de los Andes Pisco Quebranta";"0";"466.4";"0.7";"621.87";"Grape spirit";"Glass";"49";"1.3597667"
"Vinmonopolet";"11910901";"Carpano Botanic Bitter";"Carpano Botanic Bitter";"0";"439.9";"1";"439.9";"LikÃ¸r";"Glass";"25";"1.7595999"
"Vinmonopolet";"11911006";"Antiche Terre Solo Passione";"Antiche Terre Solo Passione";"0";"450";"3";"150";"RÃ¸dvin";"Bag-in-box";"13.5";"1.1111112"
"Vinmonopolet";"11911102";"Tanqueray Gin & Tonic";"Tanqueray Gin & Tonic";"0";"49.8";"0.28";"181.09";"Other spirit";"Glass";"6.5";"2.7362638"
"Vinmonopolet";"11911901";"Ismael Gozalo Circustancial";"Ismael Gozalo Circustancial";"2014";"449.9";"0.75";"599.87";"White wine";"Glass";"13";"4.614359"
"Vinmonopolet";"11912001";"Lethbridge Modo Aglianico Anfora";"Lethbridge Modo Aglianico Anfora";"2017";"375";"0.75";"500";"RÃ¸dvin";"Glass";"14";"3.5714285"
"Vinmonopolet";"11912101";"Lethbridge Modo Greco Anfora";"Lethbridge Modo Greco Anfora";"2017";"375";"0.75";"500";"White wine";"Glass";"12.5";"4"
"Vinmonopolet";"11912305";"Jacquesson Dizy Corne Bautray";"Jacquesson Dizy Corne Bautray";"0";"3659.9";"1.5";"2439.93";"Champagne, brut";"Glass";"12.5";"19.519466"
"Vinmonopolet";"11912407";"Jacquesson CuvÃ©e No 742";"Jacquesson CuvÃ©e No 742";"0";"2844.9";"3";"948.3";"Champagne extra brut";"Glass";"12.5";"7.5863996"
"Vinmonopolet";"11912501";"Hudelot-Noellat Chambolle-Musigny";"Hudelot-Noellat Chambolle-Musigny";"2017";"699.9";"0.75";"933.2";"RÃ¸dvin";"Glass";"13";"7.1784616"
"Vinmonopolet";"11912601";"Paolo Leo Alture Minutolo";"Paolo Leo Alture Minutolo";"2018";"199.9";"0.75";"266.53";"White wine";"Glass";"12.5";"2.1322665"
"Vinmonopolet";"11912701";"Venti Di San Donaci Bianco";"Venti Di San Donaci Bianco";"2019";"119.9";"0.75";"159.87";"White wine";"Glass";"12";"1.3322222"
"Vinmonopolet";"11912802";"Brekeriet Pavlova";"Brekeriet Pavlova";"0";"74.9";"0.33";"226.97";"SurÃ¸l";"Glass";"6.5";"3.4918413"
"Vinmonopolet";"11912901";"Meurgey-Croses MÃ¢con Uchizy 2018";"Meurgey-Croses MÃ¢con Uchizy";"2018";"219.8";"0.75";"293.07";"White wine";"Glass";"13";"2.254359"
"Vinmonopolet";"11913001";"Nana Cassiopeia 2019";"Nana Cassiopeia";"2019";"398";"0.75";"530.67";"RÃ¸dvin";"Glass";"14.2";"3.7370892"
"Vinmonopolet";"11913101";"Nana Chenin Blanc 2019";"Nana Chenin Blanc";"2019";"329";"0.75";"438.67";"White wine";"Glass";"13.2";"3.3232324"
"Vinmonopolet";"11913201";"Recanati Jonathan Red 2019";"Recanati Jonathan Red";"2019";"179";"0.75";"238.67";"RÃ¸dvin";"Glass";"13";"1.8358974"
"Vinmonopolet";"11913301";"Nana Rose 2019";"Nana Rose";"2019";"329";"0.75";"438.67";"RosÃ©vin";"Glass";"13.3";"3.2982457"
"Vinmonopolet";"11913401";"Gva'ot Gofna Pinot Noir 2018";"Gva'ot Gofna Pinot Noir";"2018";"498.9";"0.75";"665.2";"RÃ¸dvin";"Glass";"13";"5.116923"
"Vinmonopolet";"11913501";"Gva'ot Vineyard Dance 2018";"Gva'ot Vineyard Dance";"2018";"399";"0.75";"532";"RÃ¸dvin";"Glass";"14";"3.8"
"Vinmonopolet";"11914705";"J. Charpentier Reserve Brut";"J. Charpentier Reserve Brut";"0";"769.9";"1.5";"513.27";"Champagne, brut";"Glass";"12";"4.277222"
"Vinmonopolet";"11914801";"J. Charpentier Extra Brut";"J. Charpentier Extra Brut";"0";"394.9";"0.75";"526.53";"Champagne extra brut";"Glass";"12";"4.387778"
"Vinmonopolet";"11914901";"J. Charpentier Prestige Brut";"J. Charpentier Prestige Brut";"0";"444.9";"0.75";"593.2";"Champagne, brut";"Glass";"12";"4.943333"
"Vinmonopolet";"11915001";"J. Charpentier Prestige RosÃ© Brut";"J. Charpentier Prestige RosÃ© Brut";"0";"469.9";"0.75";"626.53";"Champagne, rosÃ©";"Glass";"12";"5.221111"
"Vinmonopolet";"11915101";"J. Charpentier Brut MillÃ©sime 2009";"J. Charpentier Brut MillÃ©sime";"2009";"509.9";"0.75";"679.87";"Champagne, brut";"Glass";"12";"5.6655555"
"Vinmonopolet";"11915201";"J. Charpentier Comte de Chenizot Brut";"J. Charpentier Comte de Chenizot Brut";"0";"569.9";"0.75";"759.87";"Champagne, brut";"Glass";"12";"6.3322225"
"Vinmonopolet";"11915301";"J. Charpentier Pierre Henri Brut";"J. Charpentier Pierre Henri Brut";"0";"699.9";"0.75";"933.2";"Champagne, brut";"Glass";"12";"7.776667"
"Vinmonopolet";"11915601";"HurÃ© FrÃ¨res Invitation Brut";"HurÃ© FrÃ¨res Invitation Brut";"0";"399.9";"0.75";"533.2";"Champagne, brut";"Glass";"12";"4.443333"
"Vinmonopolet";"11915701";"HurÃ© FrÃ¨res MÃ©moire Brut";"HurÃ© FrÃ¨res MÃ©moire Brut";"0";"599.9";"0.75";"799.87";"Champagne, brut";"Glass";"12";"6.665556"
"Vinmonopolet";"11915801";"HurÃ© FrÃ¨res 4 Elements Chardonnay 2015";"HurÃ© FrÃ¨res 4 Elements Chardonnay";"2015";"719.9";"0.75";"959.87";"Champagne extra brut";"Glass";"12";"7.998889"
"Vinmonopolet";"11915901";"HurÃ© FrÃ¨res 4 Elements Pinot Meunier 2015";"HurÃ© FrÃ¨res 4 Elements Pinot Meunier";"2015";"719.9";"0.75";"959.87";"Champagne extra brut";"Glass";"12";"7.998889"
"Vinmonopolet";"11916001";"Grimfrost Bear's Feast Brew";"Grimfrost Bear's Feast Brew";"0";"344";"0.75";"458.67";"MjÃ¸d";"Glass";"14.5";"3.1632185"
"Vinmonopolet";"11916101";"Grimfrost Jarl's Brew";"Grimfrost Jarl's Brew";"0";"336.1";"0.75";"448.13";"MjÃ¸d";"Glass";"13";"3.4471796"
"Vinmonopolet";"11916202";"BringebÃ¦rlandets Dessertvin";"BringebÃ¦rlandets Dessertvin";"2018";"240.1";"0.38";"640.27";"Fruit wine";"Glass";"13";"4.860324"
"Vinmonopolet";"11916301";"Grimfrost Suttungr Brew";"Grimfrost Suttungr Brew";"0";"336.1";"0.75";"448.13";"MjÃ¸d";"Glass";"13";"3.4471796"
"Vinmonopolet";"11916402";"BringebÃ¦rlandets MjÃ¸d";"BringebÃ¦rlandets MjÃ¸d";"0";"190";"0.38";"506.67";"MjÃ¸d";"Glass";"10.8";"4.6296296"
"Vinmonopolet";"11916501";"BringebÃ¦rlandets Musserende";"BringebÃ¦rlandets Musserende";"2018";"350";"0.75";"466.67";"Fruit wine";"Glass";"9";"5.185185"
"Vinmonopolet";"11916605";"Benoit Gautier SÃ¸tt+Salt CuvÃ©e Argilex Vouvray";"Benoit Gautier SÃ¸tt+Salt CuvÃ©e Argilex Vouvray";"2017";"399.9";"1.5";"266.6";"White wine";"Glass";"12.4";"2.15"
"Vinmonopolet";"11916701";"Emmanuelle Mellot Sancerre Ma Colline 2018";"Emmanuelle Mellot Sancerre Ma Colline";"2018";"299.9";"0.75";"399.87";"White wine";"Glass";"13";"3.0758975"
"Vinmonopolet";"11916801";"Emmanuelle Mellot Sancerre Ma Colline En ChÃªne Marchand 2017";"Emmanuelle Mellot Sancerre Ma Colline En ChÃªne Marchand";"2017";"399.9";"0.75";"533.2";"White wine";"Glass";"13";"4.101538"
"Vinmonopolet";"11916901";"Cristian Senez Brut Millesime 2000";"Cristian Senez Brut Millesime";"2000";"649";"0.75";"865.33";"Champagne, brut";"Glass";"12";"7.211111"
"Vinmonopolet";"11917001";"Vazart-Coquart CuvÃ©e Brut Reserve";"Vazart-Coquart CuvÃ©e Brut Reserve";"0";"429";"0.75";"572";"Champagne extra brut";"Glass";"12";"4.766667"
"Vinmonopolet";"11917701";"La Tourraque CuvÃ©e Joseph Brun CÃ´tes de Provence RosÃ© 2018";"La Tourraque CuvÃ©e Joseph Brun CÃ´tes de Provence RosÃ©";"2018";"200";"0.75";"266.67";"RosÃ©vin";"Glass";"12.5";"2.1333334"
"Vinmonopolet";"11917901";"Curto Barbera d'Alba 2017";"Curto Barbera d'Alba";"2017";"224";"0.75";"298.67";"RÃ¸dvin";"Glass";"13.5";"2.2123456"
"Vinmonopolet";"11918101";"Borga Prosecco Trevisio Extra Dry";"Borga Prosecco Trevisio Extra Dry";"0";"179";"0.75";"238.67";"Sparkling wine";"Glass";"11";"2.169697"
"Vinmonopolet";"11918501";"Gabin et Felix Richoux Irancy 2016";"Gabin et Felix Richoux Irancy";"2016";"294";"0.75";"392";"RÃ¸dvin";"Glass";"13";"3.0153847"
"Vinmonopolet";"11918701";"Store Naa 57.2";"Store Naa 57.2";"0";"164.9";"0.75";"219.87";"Cider";"Glass";"7.5";"2.9315555"
"Vinmonopolet";"11918801";"Albert Lebrun Blanc De Noirs";"Albert Lebrun Blanc De Noirs";"0";"335";"0.75";"446.67";"Champagne extra brut";"Glass";"12";"3.7222223"
"Vinmonopolet";"11918901";"La Loge Pouilly FumÃ© Silex";"La Loge Pouilly FumÃ© Silex";"2018";"219.9";"0.75";"293.2";"White wine";"Glass";"12.5";"2.3456"
"Vinmonopolet";"11919001";"Weing. Knipser Laumersheim Riesling Trocken";"Weing. Knipser Laumersheim Riesling Trocken";"2019";"199.9";"0.75";"266.53";"White wine";"Glass";"12.5";"2.1322665"
"Vinmonopolet";"11919101";"Weing. Knipser Mandelpfad Riesling GG";"Weing. Knipser Mandelpfad Riesling GG";"2018";"339.9";"0.75";"453.2";"White wine";"Glass";"12.5";"3.6255999"
"Vinmonopolet";"11919201";"Schloss Neuweier Riesling Alte Reben Trocken";"Schloss Neuweier Riesling Alte Reben Trocken";"2017";"214.8";"0.75";"286.4";"White wine";"Glass";"13";"2.2030768"
"Vinmonopolet";"11919301";"Schloss Neuweier Pinot Noir R";"Schloss Neuweier Pinot Noir R";"2017";"235";"0.75";"313.33";"RÃ¸dvin";"Glass";"13";"2.4102564"
"Vinmonopolet";"11919401";"Carillon Puligny-Montrachet 1er Cru Champ-Gain";"Carillon Puligny-Montrachet 1er Cru Champ-Gain";"2017";"724.8";"0.75";"966.4";"White wine";"Glass";"13.5";"7.1585183"
"Vinmonopolet";"11919501";"Casa Boquera Crianza";"Casa Boquera Crianza";"2017";"252.8";"0.75";"337.07";"RÃ¸dvin";"Glass";"15";"2.247111"
"Vinmonopolet";"11919601";"brick & mortar Manchester Ridge Pinot Noir 2017";"brick & mortar Manchester Ridge Pinot Noir";"2017";"398";"0.75";"530.67";"RÃ¸dvin";"Glass";"12.5";"4.245333"
"Vinmonopolet";"11919701";"brick & mortar La Perla Pinot Noir 2017";"brick & mortar La Perla Pinot Noir";"2017";"398";"0.75";"530.67";"RÃ¸dvin";"Glass";"12.5";"4.245333"
"Vinmonopolet";"11919801";"Poe Manchester Ridge Pinot Noir 2018";"Poe Manchester Ridge Pinot Noir";"2018";"528";"0.75";"704";"RÃ¸dvin";"Glass";"13";"5.415385"
"Vinmonopolet";"11919901";"Poe van der Kamp Pinot Meunier 2018";"Poe van der Kamp Pinot Meunier";"2018";"449";"0.75";"598.67";"RÃ¸dvin";"Glass";"13";"4.6051283"
"Vinmonopolet";"11920001";"Poe Pinot Noveau 2019";"Poe Pinot Noveau";"2019";"299";"0.75";"398.67";"RÃ¸dvin";"Glass";"12";"3.3222222"
"Vinmonopolet";"11920701";"Voillot Pommard Vieilles Vignes 2018";"Voillot Pommard Vieilles Vignes";"2018";"434.9";"0.75";"579.87";"RÃ¸dvin";"Glass";"13";"4.4605126"
"Vinmonopolet";"11920801";"Voillot Volnay 1er cru Les Champans 2017";"Voillot Volnay 1er cru Les Champans";"2017";"648.9";"0.75";"865.2";"RÃ¸dvin";"Glass";"13";"6.655385"
"Vinmonopolet";"11920901";"Voillot Bourgogne Pinot Noir Vieilles Vignes 2018";"Voillot Bourgogne Pinot Noir Vieilles Vignes";"2018";"294.9";"0.75";"393.2";"RÃ¸dvin";"Glass";"13";"3.0246153"
"Vinmonopolet";"11921001";"Voillot Volnay Vieilles Vignes 2018";"Voillot Volnay Vieilles Vignes";"2018";"424.9";"0.75";"566.53";"RÃ¸dvin";"Glass";"13";"4.357949"
"Vinmonopolet";"11921101";"Voillot Pommard 1er cru Les Epenots 2018";"Voillot Pommard 1er cru Les Epenots";"2018";"848.9";"0.75";"1131.87";"RÃ¸dvin";"Glass";"13";"8.706667"
"Vinmonopolet";"11921201";"La Tordera Prosecco";"La Tordera Prosecco";"0";"149.9";"0.75";"199.87";"Sparkling wine";"Glass";"11.5";"1.737971"
"Vinmonopolet";"11921601";"Garreliere Les 2 Amis 2018";"Garreliere Les 2 Amis";"2018";"212.9";"0.75";"283.87";"RÃ¸dvin";"Glass";"13.5";"2.102716"
"Vinmonopolet";"11923002";"Graff x Jikiun Cyclops Imperial Stout";"Graff x Jikiun Cyclops Imperial Stout";"0";"81.9";"0.33";"248.18";"Porter and stout";"Glass";"11";"2.2561984"
"Vinmonopolet";"11923202";"Graff Humlesjark Dobbel NEIPA";"Graff Humlesjark Dobbel NEIPA";"0";"69.9";"0.33";"211.82";"India pale ale";"Glass";"7.5";"2.8242424"
"Vinmonopolet";"11923302";"Cervisiam Creme Ghoulee Creme Brulee Pastry Stout";"Cervisiam Creme Ghoulee Creme Brulee Pastry Stout";"0";"89.9";"0.33";"266.36";"Porter and stout";"Emballasje med pant";"12";"2.270202"
"Vinmonopolet";"11923502";"Cervisiam Sweet Toof Cookie Dough & Brownie Pastry Stout";"Cervisiam Sweet Toof Cookie Dough & Brownie Pastry Stout";"0";"89.9";"0.33";"266.36";"Porter and stout";"Emballasje med pant";"12";"2.270202"
"Vinmonopolet";"11924001";"Ampeau Savigny-les-Beaune 1997";"Ampeau Savigny-les-Beaune";"1997";"498";"0.75";"664";"RÃ¸dvin";"Glass";"13";"5.1076922"
"Vinmonopolet";"11924101";"Ampeau Pommard";"Ampeau Pommard";"1993";"699";"0.75";"932";"RÃ¸dvin";"Glass";"13";"7.169231"
"Vinmonopolet";"11924201";"Ampeau Auxey Duresses 1er Cru 1994";"Ampeau Auxey Duresses 1er Cru";"1994";"436";"0.75";"581.33";"RÃ¸dvin";"Glass";"13";"4.471795"
"Vinmonopolet";"11924301";"Ampeau Bourgogne blanc 2000";"Ampeau Bourgogne blanc";"2000";"368";"0.75";"490.67";"White wine";"Glass";"13.5";"3.634568"
"Vinmonopolet";"11924401";"Ampeau Meursault 1er Cru La Piece sous le bois 1994";"Ampeau Meursault 1er Cru La Piece sous le bois";"1994";"876";"0.75";"1168";"White wine";"Glass";"13.5";"8.651852"
"Vinmonopolet";"11924501";"Ampeau Meursault 1993";"Ampeau Meursault";"1993";"790";"0.75";"1053.33";"White wine";"Glass";"13.5";"7.8024693"
"Vinmonopolet";"11924702";"Jikiun Spark Fruit Weizen";"Jikiun Spark Fruit Weizen";"0";"74.9";"0.5";"149.8";"HveteÃ¸l";"Glass";"5.5";"2.7236364"
"Vinmonopolet";"11924802";"Jikiun Kjole Amber Ale";"Jikiun Kjole Amber Ale";"0";"59.9";"0.33";"175.46";"Red/amber";"Emballasje med pant";"5.5";"3.3002753"
"Vinmonopolet";"11925001";"Kinn Eksport";"Kinn Eksport";"0";"79.9";"0.75";"106.53";"Light lager";"Glass";"5.5";"1.9369698"
"Vinmonopolet";"11925102";"Kinn Humlevin Sterkt IndiaÃ¸l";"Kinn Humlevin Sterkt IndiaÃ¸l";"0";"60";"0.33";"181.82";"India pale ale";"Glass";"9";"2.020202"
"Vinmonopolet";"11925201";"Garreliere Le P'tit Ch'nin 2018";"Garreliere Le P'tit Ch'nin";"2018";"192.9";"0.75";"257.2";"White wine";"Glass";"12.5";"2.0576"
"Vinmonopolet";"11925301";"Calcarius Ca 40.08 Hellen Bianco 2019";"Calcarius Ca 40.08 Hellen Bianco";"2019";"223.9";"0.75";"298.53";"White wine";"Glass";"11.5";"2.595942"
"Vinmonopolet";"11925401";"Calcarius Ca 40.08 Orange";"Calcarius Ca 40.08 Orange";"0";"269.9";"1";"269.9";"White wine";"Glass";"11";"2.4536364"
"Vinmonopolet";"11925501";"Calcarius Ca 40.08 Hellen Rosso 2019";"Calcarius Ca 40.08 Hellen Rosso";"2019";"225.9";"0.75";"301.2";"RÃ¸dvin";"Glass";"11.5";"2.6191304"
"Vinmonopolet";"11925601";"Calcarius Ca 40.08 Bianco";"Calcarius Ca 40.08 Bianco";"0";"259.9";"1";"259.9";"White wine";"Glass";"11";"2.3627272"
"Vinmonopolet";"11925701";"Contra Soarda Musso Rosso 2016";"Contra Soarda Musso Rosso";"2016";"299.9";"0.75";"399.87";"RÃ¸dvin";"Glass";"14";"2.8561904"
"Vinmonopolet";"11925801";"Lo Sparivere Franciacorta Brut Millesimato 2012";"Lo Sparivere Franciacorta Brut Millesimato";"2012";"250";"0.75";"333.33";"Sparkling wine";"Glass";"12.5";"2.6666667"
"Vinmonopolet";"11925901";"MarquÃ©s de Riscal Txakolina 2018";"MarquÃ©s de Riscal Txakolina";"2018";"209.9";"0.75";"279.87";"White wine";"Glass";"12";"2.3322222"
"Vinmonopolet";"11926001";"Casa Rojo Musso Cava";"Casa Rojo Musso Cava";"2019";"182";"0.75";"242.67";"Sparkling wine";"Glass";"11.5";"2.1101449"
"Vinmonopolet";"11926502";"The White Hag Dark Druid Salted Caramel Pastry Stout";"The White Hag Dark Druid Salted Caramel Pastry Stout";"0";"59.9";"0.33";"175.46";"Porter and stout";"Emballasje med pant";"5.5";"3.3002753"
"Vinmonopolet";"11926602";"Dry & Bitter Great Gig in the Sky DDH DIPA";"Dry & Bitter Great Gig in the Sky DDH DIPA";"0";"94.9";"0.44";"215.68";"India pale ale";"Metall";"8.5";"2.5374331"
"Vinmonopolet";"11926702";"Oskar Blues Can O Bliss Tropical IPA";"Oskar Blues Can O Bliss Tropical IPA";"0";"60";"0.35";"169.01";"India pale ale";"Metall";"7.2";"2.3809526"
"Vinmonopolet";"11926902";"Cigar City Fancy Papers Hazy IPA";"Cigar City Fancy Papers Hazy IPA";"0";"59.9";"0.35";"168.73";"India pale ale";"Metall";"6.5";"2.6329672"
"Vinmonopolet";"11927101";"Isabelle et Denis Pommier Chablis 1er Cru CÃ´tes de LÃ©chet 2018";"Isabelle et Denis Pommier Chablis 1er Cru CÃ´tes de LÃ©chet";"2018";"399";"0.75";"532";"White wine";"Glass";"13";"4.0923076"
"Vinmonopolet";"11927201";"La Manufacture Benjamin Laroche Saint Bris Sauvignon 2018";"La Manufacture Benjamin Laroche Saint Bris Sauvignon";"2018";"229.9";"0.75";"306.53";"White wine";"Glass";"12.5";"2.4522667"
"Vinmonopolet";"11927301";"Prieler RosÃ© vom Stein 2019";"Prieler RosÃ© vom Stein";"2019";"179.9";"0.75";"239.87";"RosÃ©vin";"Glass";"13";"1.8451282"
"Vinmonopolet";"11927801";"Gaudio Vivace Barbera del Monferrato 2018";"Gaudio Vivace Barbera del Monferrato";"2018";"254";"0.75";"338.67";"RÃ¸dvin";"Glass";"14";"2.4190476"
"Vinmonopolet";"11928201";"Pittnauer RosÃ© by Nature 2019";"Pittnauer RosÃ© by Nature";"2019";"248";"0.75";"330.67";"RosÃ©vin";"Glass";"11.5";"2.8753624"
"Vinmonopolet";"11928301";"460 Casina Bric MesdÃ¬";"460 Casina Bric MesdÃ¬";"0";"234";"0.75";"312";"RÃ¸dvin";"Glass";"13.5";"2.3111112"
"Vinmonopolet";"11928501";"Grans-Fassian Leiwener Riesling Alte Reben Trocken";"Grans-Fassian Leiwener Riesling Alte Reben Trocken";"2018";"269.9";"0.75";"359.87";"White wine";"Glass";"12.5";"2.8789332"
"Vinmonopolet";"11928601";"Biondi Santi Brunello di Montalcino Riserva 2006";"Biondi Santi Brunello di Montalcino Riserva";"2006";"5950";"0.75";"7933.33";"RÃ¸dvin";"Glass";"14";"56.666668"
"Vinmonopolet";"11928801";"M. Chapoutier La Clairette de Die";"M. Chapoutier La Clairette de Die";"2018";"199.9";"0.75";"266.53";"Sparkling wine";"Glass";"7.5";"3.5537777"
"Vinmonopolet";"11928901";"M. Chapoutier Ermitage JubilÃ© Blanc 2008";"M. Chapoutier Ermitage JubilÃ© Blanc";"2008";"749.9";"0.75";"999.87";"White wine";"Glass";"13.5";"7.40642"
"Vinmonopolet";"11929001";"Biondi Santi Rosso di Montalcino";"Biondi Santi Rosso di Montalcino";"2015";"729.9";"0.75";"973.2";"RÃ¸dvin";"Glass";"13.5";"7.208889"
"Vinmonopolet";"11929401";"Louis Jadot Chassagne-Montrachet 1er Cru Les EmbazÃ©es 2017";"Louis Jadot Chassagne-Montrachet 1er Cru Les EmbazÃ©es";"2017";"695";"0.75";"926.67";"White wine";"Glass";"13";"7.1282053"
"Vinmonopolet";"11929501";"Louis Jadot Puligny-Montrachet 1er Cru Champ-Gains 2017";"Louis Jadot Puligny-Montrachet 1er Cru Champ-Gains";"2017";"695";"0.75";"926.67";"White wine";"Glass";"13";"7.1282053"
"Vinmonopolet";"11929601";"Louis Jadot Beaune GrÃ¨ves Les Clos Blanc 2017";"Louis Jadot Beaune GrÃ¨ves Les Clos Blanc";"2017";"495";"0.75";"660";"White wine";"Glass";"13.5";"4.888889"
"Vinmonopolet";"11929701";"Louis Jadot Savigny-les-Beaune Clos des Guettes Blanc 2017";"Louis Jadot Savigny-les-Beaune Clos des Guettes Blanc";"2017";"399.9";"0.75";"533.2";"White wine";"Glass";"13";"4.101538"
"Vinmonopolet";"11929801";"Louis Jadot Puligny-Montrachet 1er Cru Les Combettes 2017";"Louis Jadot Puligny-Montrachet 1er Cru Les Combettes";"2017";"695";"0.75";"926.67";"White wine";"Glass";"13";"7.1282053"
"Vinmonopolet";"11929901";"Louis Jadot Meursault GenevriÃ¨res Premier Cru 2017";"Louis Jadot Meursault GenevriÃ¨res Premier Cru";"2017";"795";"0.75";"1060";"White wine";"Glass";"13.5";"7.851852"
"Vinmonopolet";"11930002";"Spray Pink Bubble";"Spray Pink Bubble";"0";"129.9";"0.5";"259.8";"Flavoured wine	";"Glass";"15";"1.7319999"
"Vinmonopolet";"11930102";"Spray Green Ice";"Spray Green Ice";"0";"129.9";"0.5";"259.8";"Flavoured wine	";"Glass";"15";"1.7319999"
"Vinmonopolet";"11930202";"Spray Cola";"Spray Cola";"0";"129.9";"0.5";"259.8";"Flavoured wine	";"Glass";"15";"1.7319999"
"Vinmonopolet";"11930801";"Hiruzta Berezia";"Hiruzta Berezia";"0";"219.9";"0.75";"293.2";"White wine";"Glass";"13";"2.2553844"
"Vinmonopolet";"11931001";"Travaglini Giancarlo Cinzia Rosso";"Travaglini Giancarlo Cinzia Rosso";"0";"169.9";"0.75";"226.53";"RÃ¸dvin";"Glass";"13";"1.7425641"
"Vinmonopolet";"11931101";"Cava Jaume Serra Brut Nature";"Cava Jaume Serra Brut Nature";"0";"255.8";"0.75";"341.07";"Sparkling wine";"Glass";"11.5";"2.9657972"
"Vinmonopolet";"11931202";"Cava Jaume Serra Brut Nature";"Cava Jaume Serra Brut Nature";"0";"72.9";"0.38";"194.4";"Sparkling wine";"Glass";"11.5";"1.6681923"
"Vinmonopolet";"11933102";"PÃµhjala Forest BÃ¤nger Imperial Stout";"PÃµhjala Forest BÃ¤nger Imperial Stout";"0";"94";"0.33";"284.85";"Porter and stout";"Glass";"12.5";"2.2787879"
"Vinmonopolet";"11933202";"PÃµhjala Moonraker: Citra & BRU-1 DDH IPA";"PÃµhjala Moonraker: Citra & BRU-1 DDH IPA";"0";"73";"0.33";"221.21";"India pale ale";"Glass";"6.7";"3.3016734"
"Vinmonopolet";"11933302";"PÃµhjala Tuul";"PÃµhjala Tuul";"0";"75";"0.33";"227.27";"SurÃ¸l";"Glass";"8";"2.840909"
"Vinmonopolet";"11933401";"3 Fonteinen Oude Kriek";"3 Fonteinen Oude Kriek";"0";"249";"0.75";"332";"SurÃ¸l";"Glass";"6.4";"5.1875"
"Vinmonopolet";"11933802";"O/O Brewing x Omnipollo Lucy Helles Lager";"O/O Brewing x Omnipollo Lucy Helles Lager";"0";"75";"0.44";"170.45";"Light lager";"Metall";"5";"3.409091"
"Vinmonopolet";"11935901";"Lucy M. TÃªte d'ouef Sauvignon Blanc";"Lucy M. TÃªte d'ouef Sauvignon Blanc";"2019";"349.9";"0.75";"466.53";"White wine";"Glass";"11.5";"4.0568113"
"Vinmonopolet";"11936001";"Lucy M. Pinot Gris Pet Nat";"Lucy M. Pinot Gris Pet Nat";"2019";"349.9";"0.75";"466.53";"Perlende vin, rÃ¸d";"Glass";"11.5";"4.0568113"
"Vinmonopolet";"11936101";"Lucy M. Gamay";"Lucy M. Gamay";"2019";"379.9";"0.75";"506.53";"RÃ¸dvin";"Glass";"11.5";"4.404638"
"Vinmonopolet";"11936201";"Lucy M. Light Red";"Lucy M. Light Red";"2019";"339.9";"0.75";"453.2";"RÃ¸dvin";"Glass";"12";"3.7766666"
"Vinmonopolet";"11937301";"Claus Preisinger Ordinaire Perlwein";"Claus Preisinger Ordinaire Perlwein";"2019";"279.9";"0.75";"373.2";"Perlende vin, rosÃ©";"Glass";"10";"3.7319999"
"Vinmonopolet";"11937401";"Claus Preisinger Dope";"Claus Preisinger Dope";"2019";"289.9";"0.75";"386.53";"RosÃ©vin";"Glass";"12.5";"3.0922666"
"Vinmonopolet";"11937501";"Claus Preisinger Sunny Cide Up";"Claus Preisinger Sunny Cide Up";"2019";"269.9";"0.75";"359.87";"Cider";"Glass";"9";"3.9985185"
"Vinmonopolet";"11938401";"Bruichladdich Rare Cask Series 1988/30";"Bruichladdich Rare Cask Series /30";"1988";"5551.1";"0.7";"7930.14";"Whisky";"Glass";"46.2";"17.164812"
"Vinmonopolet";"11938501";"Breton Bourgueil Trinch 2018";"Breton Bourgueil Trinch";"2018";"223.9";"0.75";"298.53";"RÃ¸dvin";"Glass";"13.5";"2.211358"
"Vinmonopolet";"11938601";"Breton Vouvray EpaulÃ© JetÃ© 2018";"Breton Vouvray EpaulÃ© JetÃ©";"2018";"218.9";"0.75";"291.87";"Sparkling wine";"Glass";"12.5";"2.3349333"
"Vinmonopolet";"11938701";"Breton Bourgueil Avis de vin Fort Clairet";"Breton Bourgueil Avis de vin Fort Clairet";"2019";"223.9";"0.75";"298.53";"RÃ¸dvin";"Glass";"13.5";"2.211358"
"Vinmonopolet";"11941501";"Jean-Claude Chanudet la CuvÃ©e du Chat 2019";"Jean-Claude Chanudet la CuvÃ©e du Chat";"2019";"217.9";"0.75";"290.53";"RÃ¸dvin";"Glass";"12.5";"2.3242667"
"Vinmonopolet";"11941601";"Bedouet Du Noir au Blanc RosÃ© 2019";"Bedouet Du Noir au Blanc RosÃ©";"2019";"164.9";"0.75";"219.87";"RosÃ©vin";"Glass";"13";"1.691282"
"Vinmonopolet";"11941701";"Calcarius Ca 40.08 Rosso";"Calcarius Ca 40.08 Rosso";"0";"264.9";"1";"264.9";"RÃ¸dvin";"Glass";"11.5";"2.3034782"
"Vinmonopolet";"11941801";"Bedouet Cogito 2018";"Bedouet Cogito";"2018";"206.9";"0.75";"275.87";"White wine";"Glass";"13";"2.1220512"
"Vinmonopolet";"11949401";"Dom. Bedouet Muscadet SÃ¨vre at maine 2019";"Dom. Bedouet Muscadet SÃ¨vre at maine";"2019";"159.9";"0.75";"213.2";"White wine";"Glass";"12";"1.7766666"
"Vinmonopolet";"11949501";"Calcarius Ca 40.08 Frecciabomb 2019";"Calcarius Ca 40.08 Frecciabomb";"2019";"229.9";"0.75";"306.53";"Sparkling white wine";"Glass";"9";"3.4059258"
"Vinmonopolet";"11949601";"Calcarius Ca 40.08 Freccianera 2019";"Calcarius Ca 40.08 Freccianera";"2019";"229.9";"0.75";"306.53";"Perlende vin, rosÃ©";"Glass";"9.5";"3.2266667"
"Vinmonopolet";"11950401";"Isabelle et Denis Pommier Chablis 2018";"Isabelle et Denis Pommier Chablis";"2018";"289";"0.75";"385.33";"White wine";"Glass";"12.5";"3.0826666"
"Vinmonopolet";"11950501";"Milan Haru RosÃ© 2018";"Milan Haru RosÃ©";"2018";"234";"0.75";"312";"RosÃ©vin";"Glass";"13";"2.4"
"Vinmonopolet";"11950601";"Isabelle et Denis Pommier Petit Chablis 2018";"Isabelle et Denis Pommier Petit Chablis";"2018";"284.3";"0.75";"379.07";"White wine";"Glass";"12.5";"3.0325332"
"Vinmonopolet";"11955201";"Crespo London Dry Gin";"Crespo London Dry Gin";"0";"779";"0.7";"1112.86";"Gin";"Glass";"45";"2.473016"
"Vinmonopolet";"11955301";"LIV Spiced";"LIV Spiced";"0";"219.9";"0.7";"314.14";"Other spirit";"Glass";"20";"1.5707142"
"Vinmonopolet";"11956501";"Alexandre Lamblot Intuition Nature LM";"Alexandre Lamblot Intuition Nature LM";"2016";"599";"0.75";"798.67";"Champagne extra brut";"Glass";"12";"6.6555557"
"Vinmonopolet";"11960101";"St. Antony Love & Hope RosÃ©";"St. Antony Love & Hope RosÃ©";"2019";"169";"0.75";"225.33";"RosÃ©vin";"Glass";"11.5";"1.9594203"
"Vinmonopolet";"11988002";"Haandbryggeriet Hop Tweak 6";"Haandbryggeriet Hop Tweak 6";"0";"87.9";"0.44";"195.23";"India pale ale";"Emballasje med pant";"6.7";"2.9816825"
"Vinmonopolet";"56062002";"Ayala Brut Majeur";"Ayala Brut Majeur";"0";"218.9";"0.38";"583.73";"Champagne, brut";"Glass";"12";"4.8004384"
"Vinmonopolet";"56062005";"Ayala Brut Majeur";"Ayala Brut Majeur";"0";"899.9";"1.5";"599.93";"Champagne, brut";"Glass";"12";"4.9994445"
"Vinmonopolet";"54077902102";"St. Bernardus Abt 12";"St. Bernardus Abt 12";"0";"55.9";"0.33";"169.39";"Trappist";"Glass";"10";"1.6939393"
